{"id":"125901-125901","dt":"2025-12-15","p":[{"id":2,"n":"Haricots verts Notre Jardin Extra fins - 345g","p":2.39,"u":"6,93 €/KG","img":"https://fd6-photos.leclercdrive.fr/image.ashx?id=2988021&use=l&cat=p&typeid=i","cat":312606},{"id":3,"n":"Haricots verts Notre Jardin Très fins - 220g","p":0.86,"u":"3,91 €/KG","img":"https://fd6-photos.leclercdrive.fr/image.ashx?id=2987991&use=l&cat=p&typeid=i","cat":312606},{"id":4,"n":"Haricots verts Notre Jardin Très fins - 440g","p":1.15,"u":"2,61 €/KG","img":"https://fd6-photos.leclercdrive.fr/image.ashx?id=2050615&use=l&cat=p&typeid=i","cat":312606},{"id":5,"n":"Haricots verts Notre Jardin Extra fins - 440g","p":1.2,"u":"2,73 €/KG","img":"https://fd6-photos.leclercdrive.fr/image.ashx?id=3005655&use=l&cat=p&typeid=i","cat":312606},{"id":6,"n":"Haricots verts Notre Jardin Extra fins - 220g","p":0.87,"u":"3,95 €/KG","img":"https://fd6-photos.leclercdrive.fr/image.ashx?id=1993167&use=l&cat=p&typeid=i","cat":312606},{"id":7,"n":"Haricots beurre Notre Jardin Très fins - 220g","p":1.11,"u":"5,05 €/KG","img":"https://fd6-photos.leclercdrive.fr/image.ashx?id=2988027&use=l&cat=p&typeid=i","cat":312606},{"id":8,"n":"Haricots beurre Notre Jardin Très fins - 440g","p":1.55,"u":"3,52 €/KG","img":"https://fd6-photos.leclercdrive.fr/image.ashx?id=2988030&use=l&cat=p&typeid=i","cat":312606},{"id":9,"n":"Petits pois Notre Jardin A l'étuvée - Extra fins - 280g","p":0.9,"u":"3,21 €/KG","img":"https://fd6-photos.leclercdrive.fr/image.ashx?id=2375947&use=l&cat=p&typeid=i","cat":312607},{"id":10,"n":"Petits pois Notre Jardin A l'étuvée - Très fins - 280g","p":0.89,"u":"3,18 €/KG","img":"https://fd6-photos.leclercdrive.fr/image.ashx?id=2398761&use=l&cat=p&typeid=i","cat":312607},{"id":11,"n":"Petits pois carottes  Notre Jardin -Extra fins - 530g","p":1.22,"u":"2,30 €/KG","img":"https://fd6-photos.leclercdrive.fr/image.ashx?id=2987961&use=l&cat=p&typeid=i","cat":312607},{"id":12,"n":"Petits pois carottes extra-fins Notre Jardin à l'étuvée 260g","p":0.99,"u":"3,74 €/KG","img":"https://fd6-photos.leclercdrive.fr/image.ashx?id=2987964&use=l&cat=p&typeid=i","cat":312607},{"id":13,"n":"Petits pois carottes Très fins Notre Jardin -A l'étuvée -530g","p":1.33,"u":"2,51 €/KG","img":"https://fd6-photos.leclercdrive.fr/image.ashx?id=2698156&use=l&cat=p&typeid=i","cat":312607},{"id":14,"n":"Carottes Notre Jardin Extra-fines - 265g","p":0.85,"u":"3,21 €/KG","img":"https://fd6-photos.leclercdrive.fr/image.ashx?id=1993149&use=l&cat=p&typeid=i","cat":312607},{"id":15,"n":"Champignons Paris Notre Jardin Entiers - 230g","p":1.47,"u":"6,39 €/KG","img":"https://fd6-photos.leclercdrive.fr/image.ashx?id=2553890&use=l&cat=p&typeid=i","cat":312610},{"id":16,"n":"Champignons Paris Notre Jardin Pieds et morceaux - 230g","p":1.49,"u":"6,48 €/KG","img":"https://fd6-photos.leclercdrive.fr/image.ashx?id=2553896&use=l&cat=p&typeid=i","cat":312610},{"id":17,"n":"Champignons Paris Notre Jardin Emincés - 230g","p":1.07,"u":"4,65 €/KG","img":"https://fd6-photos.leclercdrive.fr/image.ashx?id=2551960&use=l&cat=p&typeid=i","cat":312610},{"id":19,"n":"Flageolets verts Notre Jardin Extra fins - 265g","p":0.99,"u":"3,74 €/KG","img":"https://fd6-photos.leclercdrive.fr/image.ashx?id=2371539&use=l&cat=p&typeid=i","cat":312606},{"id":20,"n":"Macédoine légumes Notre Jardin 265g","p":0.71,"u":"2,68 €/KG","img":"https://fd6-photos.leclercdrive.fr/image.ashx?id=2375953&use=l&cat=p&typeid=i","cat":312612},{"id":21,"n":"Macédoine légumes Notre Jardin - 530g","p":1.22,"u":"2,30 €/KG","img":"https://fd6-photos.leclercdrive.fr/image.ashx?id=2913645&use=l&cat=p&typeid=i","cat":312612},{"id":22,"n":"Garniture de 4 légumes  Notre Jardin - 510g","p":1.73,"u":"3,39 €/KG","img":"https://fd6-photos.leclercdrive.fr/image.ashx?id=2526279&use=l&cat=p&typeid=i","cat":312612},{"id":26,"n":"Pois chiches Notre Jardin 265g","p":0.75,"u":"2,83 €/KG","img":"https://fd6-photos.leclercdrive.fr/image.ashx?id=2988009&use=l&cat=p&typeid=i","cat":312609},{"id":27,"n":"Lentilles préparées Notre  Jardin - 265g","p":0.66,"u":"2,49 €/KG","img":"https://fd6-photos.leclercdrive.fr/image.ashx?id=2987985&use=l&cat=p&typeid=i","cat":312609},{"id":28,"n":"Lentilles Préparées Notre  Jardin - 530g","p":1.15,"u":"2,17 €/KG","img":"https://fd6-photos.leclercdrive.fr/image.ashx?id=2987982&use=l&cat=p&typeid=i","cat":312609},{"id":29,"n":"Haricots rouges Notre Jardin 250g","p":0.84,"u":"3,36 €/KG","img":"https://fd6-photos.leclercdrive.fr/image.ashx?id=2988024&use=l&cat=p&typeid=i","cat":312606},{"id":30,"n":"Pommes de terre Notre Jardin 530g","p":1.29,"u":"2,43 €/KG","img":"https://fd6-photos.leclercdrive.fr/image.ashx?id=2696250&use=l&cat=p&typeid=i","cat":312612},{"id":32,"n":"Coeurs de céleri Notre Jardin - 500g PNE","p":2.99,"u":"5,64 €/KG","img":"https://fd6-photos.leclercdrive.fr/image.ashx?id=2483602&use=l&cat=p&typeid=i","cat":312612},{"id":36,"n":"Epinards hâchés Notre Jardin 795g","p":1.65,"u":"2,08 €/KG","img":"https://fd6-photos.leclercdrive.fr/image.ashx?id=2050606&use=l&cat=p&typeid=i","cat":312612},{"id":37,"n":"Epinards hâchés Notre Jardin 395g","p":1.09,"u":"2,76 €/KG","img":"https://fd6-photos.leclercdrive.fr/image.ashx?id=1993152&use=l&cat=p&typeid=i","cat":312612},{"id":38,"n":"Epinards branches  Notre Jardin 265g","p":1.15,"u":"4,34 €/KG","img":"https://fd6-photos.leclercdrive.fr/image.ashx?id=2691024&use=l&cat=p&typeid=i","cat":312612},{"id":39,"n":"Epinards branches Notre Jardin 530g","p":1.69,"u":"3,19 €/KG","img":"https://fd6-photos.leclercdrive.fr/image.ashx?id=2913651&use=l&cat=p&typeid=i","cat":312612},{"id":40,"n":"Coeurs de palmiers Notre Jardin Extra tendres - 500g","p":3.85,"u":"7,70 €/KG","img":"https://fd6-photos.leclercdrive.fr/image.ashx?id=2072698&use=l&cat=p&typeid=i","cat":312611},{"id":41,"n":"Choux Bruxelles Notre Jardin 530g","p":1.95,"u":"3,68 €/KG","img":"https://fd6-photos.leclercdrive.fr/image.ashx?id=2072428&use=l&cat=p&typeid=i","cat":312612},{"id":42,"n":"Haricots Mungo Notre Jardin 180g","p":1.0,"u":"5,56 €/KG","img":"https://fd6-photos.leclercdrive.fr/image.ashx?id=2072431&use=l&cat=p&typeid=i","cat":312611},{"id":43,"n":"Asperges blanches miniatures Notre Jardin - 110g","p":1.55,"u":"14,09 €/KG","img":"https://fd6-photos.leclercdrive.fr/image.ashx?id=2049019&use=l&cat=p&typeid=i","cat":312611},{"id":44,"n":"Maïs Notre Jardin Tendre - 285g","p":0.95,"u":"3,33 €/KG","img":"https://fd6-photos.leclercdrive.fr/image.ashx?id=3005658&use=l&cat=p&typeid=i","cat":312611},{"id":47,"n":"Filets de thon Saupiquet Huile d'olive - 115g","p":2.37,"u":"20,61 €/KG","img":"https://fd6-photos.leclercdrive.fr/image.ashx?id=2846373&use=l&cat=p&typeid=i","cat":303867},{"id":48,"n":"Thon Saupiquet A la Catalane - 252g","p":1.86,"u":"7,38 €/KG","img":"https://fd6-photos.leclercdrive.fr/image.ashx?id=2860892&use=l&cat=p&typeid=i","cat":303867},{"id":50,"n":"Miettes de thon Pêche Océan Huile de tournesol - 160g","p":1.7,"u":"10,63 €/KG","img":"https://fd6-photos.leclercdrive.fr/image.ashx?id=2941366&use=l&cat=p&typeid=i","cat":303867},{"id":51,"n":"Miettes de thon Pêche Océan Tomate - 160g","p":1.13,"u":"7,06 €/KG","img":"https://fd6-photos.leclercdrive.fr/image.ashx?id=2941378&use=l&cat=p&typeid=i","cat":303867},{"id":52,"n":"Miettes de thon Pêche Océan Tomate - 3x80g","p":1.56,"u":"6,50 €/KG","img":"https://fd6-photos.leclercdrive.fr/image.ashx?id=2941363&use=l&cat=p&typeid=i","cat":303867},{"id":58,"n":"Filets maquereaux Pêche Océan Arômates et Muscadet 176g","p":1.46,"u":"8,30 €/KG","img":"https://fd6-photos.leclercdrive.fr/image.ashx?id=2476948&use=l&cat=p&typeid=i","cat":303868},{"id":59,"n":"Maquereaux Pêche Océan Moutarde de Dijon - 169g","p":1.58,"u":"9,35 €/KG","img":"https://fd6-photos.leclercdrive.fr/image.ashx?id=2488350&use=l&cat=p&typeid=i","cat":303868},{"id":67,"n":"Terrine de canard Côté Table 180g","p":1.55,"u":"8,61 €/KG","img":"https://fd6-photos.leclercdrive.fr/image.ashx?id=2436645&use=l&cat=p&typeid=i","cat":305149},{"id":68,"n":"Cassoulet Côté Table Saucisses et saucissons - 420g","p":1.15,"u":"2,74 €/KG","img":"https://fd6-photos.leclercdrive.fr/image.ashx?id=2977099&use=l&cat=p&typeid=i","cat":284440},{"id":72,"n":"Lentilles cuisinées Raynal Et Roquelaure - 820g","p":2.03,"u":"2,48 €/KG","img":"https://fd6-photos.leclercdrive.fr/image.ashx?id=2928393&use=l&cat=p&typeid=i","cat":312609},{"id":74,"n":"Choucroute Côté Table garnie 800g","p":2.82,"u":"3,53 €/KG","img":"https://fd6-photos.leclercdrive.fr/image.ashx?id=1847409&use=l&cat=p&typeid=i","cat":284441},{"id":75,"n":"Choucroute Côté Table garnie 400g","p":1.72,"u":"4,30 €/KG","img":"https://fd6-photos.leclercdrive.fr/image.ashx?id=2977114&use=l&cat=p&typeid=i","cat":284441},{"id":76,"n":"Gratin dauphinois Côté Table 850g","p":1.67,"u":"1,96 €/KG","img":"https://fd6-photos.leclercdrive.fr/image.ashx?id=2521755&use=l&cat=p&typeid=i","cat":284441},{"id":78,"n":"Saucisses lentilles Côté Table 840g","p":1.99,"u":"2,37 €/KG","img":"https://fd6-photos.leclercdrive.fr/image.ashx?id=2977102&use=l&cat=p&typeid=i","cat":284441},{"id":79,"n":"Saucisses lentilles Côté Table 420g","p":1.13,"u":"2,69 €/KG","img":"https://fd6-photos.leclercdrive.fr/image.ashx?id=2977105&use=l&cat=p&typeid=i","cat":284441},{"id":92,"n":"Chips Pom'lisse Nature - 6x30g","p":1.36,"u":"7,56 €/KG","img":"https://fd6-photos.leclercdrive.fr/image.ashx?id=2917317&use=l&cat=p&typeid=i","cat":284447},{"id":97,"n":"Pétales salées Tokapi Soufflés - 75g","p":0.69,"u":"9,20 €/KG","img":"https://fd6-photos.leclercdrive.fr/image.ashx?id=2751874&use=l&cat=p&typeid=i","cat":284449},{"id":104,"n":"Mélange Grillé et salé Tokapi Cacahuètes et noisettes - 120g","p":1.42,"u":"11,83 €/KG","img":"https://fd6-photos.leclercdrive.fr/image.ashx?id=2794100&use=l&cat=p&typeid=i","cat":284448},{"id":105,"n":"Cacahuètes grillées Tokapi Salées - 250g","p":0.85,"u":"3,40 €/KG","img":"https://fd6-photos.leclercdrive.fr/image.ashx?id=2795529&use=l&cat=p&typeid=i","cat":284448},{"id":108,"n":"Noix de cajou grillées Tokapi Salées - 400g","p":4.78,"u":"11,95 €/KG","img":"https://fd6-photos.leclercdrive.fr/image.ashx?id=2793985&use=l&cat=p&typeid=i","cat":284448},{"id":113,"n":"Crackers Tuc Nature Original - 100g","p":0.56,"u":"5,60 €/KG","img":"https://fd6-photos.leclercdrive.fr/image.ashx?id=3002195&use=l&cat=p&typeid=i","cat":297000},{"id":117,"n":"Huile Isio 4 Lesieur 1L","p":3.4,"u":"3,40 €/L","img":"https://fd6-photos.leclercdrive.fr/image.ashx?id=2916018&use=l&cat=p&typeid=i","cat":284453},{"id":118,"n":"Huile d'olive Puget 1L","p":11.75,"u":"11,75 €/L","img":"https://fd6-photos.leclercdrive.fr/image.ashx?id=2917750&use=l&cat=p&typeid=i","cat":284453},{"id":121,"n":"Huile Fleur de colza Lesieur  1L","p":2.7,"u":"2,70 €/L","img":"https://fd6-photos.leclercdrive.fr/image.ashx?id=2916848&use=l&cat=p&typeid=i","cat":284453},{"id":122,"n":"Huile de friture Rustica Sans odeur - 2L","p":4.45,"u":"2,23 €/L","img":"https://fd6-photos.leclercdrive.fr/image.ashx?id=2916662&use=l&cat=p&typeid=i","cat":284453},{"id":123,"n":"Huile végétale  Rustica Mélange 4 huiles  - 1L","p":2.65,"u":"2,65 €/L","img":"https://fd6-photos.leclercdrive.fr/image.ashx?id=2538134&use=l&cat=p&typeid=i","cat":284453},{"id":124,"n":"Huile d'olive Rustica Vierge extra - 1L","p":8.99,"u":"8,99 €/L","img":"https://fd6-photos.leclercdrive.fr/image.ashx?id=2898011&use=l&cat=p&typeid=i","cat":284453},{"id":125,"n":"Huile de tournesol Rustica  1L","p":1.99,"u":"1,99 €/L","img":"https://fd6-photos.leclercdrive.fr/image.ashx?id=2900319&use=l&cat=p&typeid=i","cat":284453},{"id":126,"n":"Huile de tournesol Rustica 3L","p":5.89,"u":"1,96 €/L","img":"https://fd6-photos.leclercdrive.fr/image.ashx?id=2900322&use=l&cat=p&typeid=i","cat":284453},{"id":127,"n":"Huile de colza Rustica  1L","p":1.73,"u":"1,73 €/L","img":"https://fd6-photos.leclercdrive.fr/image.ashx?id=2500797&use=l&cat=p&typeid=i","cat":284453},{"id":128,"n":"Vinaigre de vin Rustica 75cl","p":0.99,"u":"1,32 €/L","img":"https://fd6-photos.leclercdrive.fr/image.ashx?id=1061150&use=l&cat=p&typeid=i","cat":298543},{"id":129,"n":"Vinaigre de cidre Rustica  75cl","p":0.87,"u":"1,16 €/L","img":"https://fd6-photos.leclercdrive.fr/image.ashx?id=2657190&use=l&cat=p&typeid=i","cat":298543},{"id":130,"n":"Vinaigrette Rustica  Moutarde - 50cl","p":0.89,"u":"1,78 €/L","img":"https://fd6-photos.leclercdrive.fr/image.ashx?id=1950144&use=l&cat=p&typeid=i","cat":284456},{"id":131,"n":"Jus de citron Rustica Sicile - 2x125ml - 250ml","p":1.08,"u":"4,32 €/L","img":"https://fd6-photos.leclercdrive.fr/image.ashx?id=2974786&use=l&cat=p&typeid=i","cat":288383},{"id":137,"n":"Gros sel de Camargue NRT Sachet -1kg","p":1.2,"u":"1,20 €/KG","img":"https://fd6-photos.leclercdrive.fr/image.ashx?id=2819956&use=l&cat=p&typeid=i","cat":284457},{"id":138,"n":"Sel fin de Guérande IGP NRT 250g","p":1.35,"u":"5,40 €/KG","img":"https://fd6-photos.leclercdrive.fr/image.ashx?id=2644900&use=l&cat=p&typeid=i","cat":284457},{"id":147,"n":"Olives vertes Rustica  Dénoyautées - 160g","p":0.92,"u":"5,75 €/KG","img":"https://fd6-photos.leclercdrive.fr/image.ashx?id=2499070&use=l&cat=p&typeid=i","cat":284458},{"id":157,"n":"Moutarde de Dijon AMORA Fine & Forte - 265g","p":1.61,"u":"6,08 €/KG","img":"https://fd6-photos.leclercdrive.fr/image.ashx?id=3004870&use=l&cat=p&typeid=i","cat":288850},{"id":160,"n":"Mayonnaise Lesieur Huile de colza - 175g","p":0.76,"u":"4,34 €/KG","img":"https://fd6-photos.leclercdrive.fr/image.ashx?id=2917702&use=l&cat=p&typeid=i","cat":298295},{"id":169,"n":"Sauce Pesto Panzani Basilic - 200g","p":1.64,"u":"8,20 €/KG","img":"https://fd6-photos.leclercdrive.fr/image.ashx?id=2989093&use=l&cat=p&typeid=i","cat":287599},{"id":172,"n":"Purée de tomates Turini 720ml","p":1.28,"u":"1,78 €/L","img":"https://fd6-photos.leclercdrive.fr/image.ashx?id=2680539&use=l&cat=p&typeid=i","cat":288384},{"id":173,"n":"Pulpe de tomate Notre Jardin En dés - 3x383g","p":2.06,"u":"1,81 €/KG","img":"https://fd6-photos.leclercdrive.fr/image.ashx?id=2826918&use=l&cat=p&typeid=i","cat":288384},{"id":174,"n":"Tomates pelées Notre Jardin Entières - 476g","p":1.39,"u":"2,92 €/KG","img":"https://fd6-photos.leclercdrive.fr/image.ashx?id=2189999&use=l&cat=p&typeid=i","cat":312608},{"id":175,"n":"Sauce bolognaise Turini 420g","p":1.45,"u":"3,45 €/KG","img":"https://fd6-photos.leclercdrive.fr/image.ashx?id=2634860&use=l&cat=p&typeid=i","cat":287599},{"id":177,"n":"Sauce Tomate Turini 2x190g","p":1.39,"u":"3,66 €/KG","img":"https://fd6-photos.leclercdrive.fr/image.ashx?id=2668117&use=l&cat=p&typeid=i","cat":288384},{"id":178,"n":"Sauce Napolitaine Turini 420g","p":0.88,"u":"2,10 €/KG","img":"https://fd6-photos.leclercdrive.fr/image.ashx?id=2441893&use=l&cat=p&typeid=i","cat":287599},{"id":185,"n":"Pâtes Barilla Pipe Rigate - 500g","p":1.02,"u":"2,04 €/KG","img":"https://fd6-photos.leclercdrive.fr/image.ashx?id=2392209&use=l&cat=p&typeid=i","cat":284427},{"id":186,"n":"Pâtes Barilla Penne rigate - 500g","p":0.99,"u":"1,98 €/KG","img":"https://fd6-photos.leclercdrive.fr/image.ashx?id=2392203&use=l&cat=p&typeid=i","cat":284427},{"id":187,"n":"Pâtes Barilla Fusilli - 500g","p":1.01,"u":"2,02 €/KG","img":"https://fd6-photos.leclercdrive.fr/image.ashx?id=2392212&use=l&cat=p&typeid=i","cat":284427},{"id":190,"n":"Pâtes Barilla piccolini Mini penne rigate - 500g","p":1.19,"u":"2,38 €/KG","img":"https://fd6-photos.leclercdrive.fr/image.ashx?id=2737588&use=l&cat=p&typeid=i","cat":284427},{"id":191,"n":"Pâtes Collezione Barilla Lasagne aux œufs - 500g","p":1.98,"u":"3,96 €/KG","img":"https://fd6-photos.leclercdrive.fr/image.ashx?id=2990997&use=l&cat=p&typeid=i","cat":284427},{"id":193,"n":"Pâtes vermicelles Panzani  500g","p":1.23,"u":"2,46 €/KG","img":"https://fd6-photos.leclercdrive.fr/image.ashx?id=2896072&use=l&cat=p&typeid=i","cat":284427},{"id":194,"n":"Pâtes Coquillettes Panzani 500g","p":0.9,"u":"1,80 €/KG","img":"https://fd6-photos.leclercdrive.fr/image.ashx?id=2870200&use=l&cat=p&typeid=i","cat":284427},{"id":195,"n":"Pâtes macaroni Panzani 500g","p":0.97,"u":"1,94 €/KG","img":"https://fd6-photos.leclercdrive.fr/image.ashx?id=2884297&use=l&cat=p&typeid=i","cat":284427},{"id":196,"n":"Pâtes nouilles fines Panzani 500g","p":1.13,"u":"2,26 €/KG","img":"https://fd6-photos.leclercdrive.fr/image.ashx?id=2876005&use=l&cat=p&typeid=i","cat":284427},{"id":197,"n":"Pâtes Torti Panzani 500g","p":0.78,"u":"1,56 €/KG","img":"https://fd6-photos.leclercdrive.fr/image.ashx?id=2869552&use=l&cat=p&typeid=i","cat":284427},{"id":198,"n":"Pâtes Spaghetti Panzani 500g","p":0.87,"u":"1,74 €/KG","img":"https://fd6-photos.leclercdrive.fr/image.ashx?id=2876023&use=l&cat=p&typeid=i","cat":284427},{"id":199,"n":"Pâtes Tagliatelle Panzani Créatives - 500G","p":1.54,"u":"3,08 €/KG","img":"https://fd6-photos.leclercdrive.fr/image.ashx?id=2902936&use=l&cat=p&typeid=i","cat":284427},{"id":200,"n":"Pâtes lasagnes Turini  500g","p":1.29,"u":"2,58 €/KG","img":"https://fd6-photos.leclercdrive.fr/image.ashx?id=2980779&use=l&cat=p&typeid=i","cat":284427},{"id":202,"n":"Pâtes Nouilles Turini 500g","p":0.75,"u":"1,50 €/KG","img":"https://fd6-photos.leclercdrive.fr/image.ashx?id=2980770&use=l&cat=p&typeid=i","cat":284427},{"id":203,"n":"Pâtes Torsades Turini 500g","p":0.65,"u":"1,30 €/KG","img":"https://fd6-photos.leclercdrive.fr/image.ashx?id=2980426&use=l&cat=p&typeid=i","cat":284427},{"id":204,"n":"Pâtes Coquillettes Turini 500g","p":0.75,"u":"1,50 €/KG","img":"https://fd6-photos.leclercdrive.fr/image.ashx?id=2980408&use=l&cat=p&typeid=i","cat":284427},{"id":205,"n":"Pâtes Macaroni Turini 500g","p":0.75,"u":"1,50 €/KG","img":"https://fd6-photos.leclercdrive.fr/image.ashx?id=2980417&use=l&cat=p&typeid=i","cat":284427},{"id":206,"n":"Spaghetti Turini 500g","p":0.69,"u":"1,38 €/KG","img":"https://fd6-photos.leclercdrive.fr/image.ashx?id=2980399&use=l&cat=p&typeid=i","cat":284427},{"id":208,"n":"Pâtes gansettes Turini 500g","p":0.99,"u":"1,98 €/KG","img":"https://fd6-photos.leclercdrive.fr/image.ashx?id=2607422&use=l&cat=p&typeid=i","cat":284427},{"id":211,"n":"Pâtes Tagliatelles Turini 500g","p":1.29,"u":"2,58 €/KG","img":"https://fd6-photos.leclercdrive.fr/image.ashx?id=2669693&use=l&cat=p&typeid=i","cat":284427},{"id":217,"n":"Riz Thaï Comptoir du Grain Sélection Riz long - 1kg","p":2.2,"u":"2,20 €/KG","img":"https://fd6-photos.leclercdrive.fr/image.ashx?id=2657084&use=l&cat=p&typeid=i","cat":284428},{"id":218,"n":"Riz Basmati Comptoir du Grain Sélection Riz long - 1kg","p":2.55,"u":"2,55 €/KG","img":"https://fd6-photos.leclercdrive.fr/image.ashx?id=2549373&use=l&cat=p&typeid=i","cat":284428},{"id":219,"n":"Riz long Comptoir du Grain Sachet cuisson rapide x5 - 1kg","p":1.74,"u":"1,74 €/KG","img":"https://fd6-photos.leclercdrive.fr/image.ashx?id=1759876&use=l&cat=p&typeid=i","cat":284428},{"id":220,"n":"Couscous moyen Regia 1kg","p":2.38,"u":"2,38 €/KG","img":"https://fd6-photos.leclercdrive.fr/image.ashx?id=2874856&use=l&cat=p&typeid=i","cat":284429},{"id":221,"n":"Couscous Ferrero fin Graine nature - 1kg","p":2.82,"u":"2,82 €/KG","img":"https://fd6-photos.leclercdrive.fr/image.ashx?id=2862215&use=l&cat=p&typeid=i","cat":284429},{"id":224,"n":"Purée pomme de terre Pom'lisse Nature - 4x125g - 500g","p":1.85,"u":"3,70 €/KG","img":"https://fd6-photos.leclercdrive.fr/image.ashx?id=2929861&use=l&cat=p&typeid=i","cat":284431},{"id":225,"n":"Couscous Comptoir du Grain Grain moyen - 1kg","p":1.44,"u":"1,44 €/KG","img":"https://fd6-photos.leclercdrive.fr/image.ashx?id=3012794&use=l&cat=p&typeid=i","cat":284429},{"id":229,"n":"Blé précuit Comptoir du Grain Cuisson rapide 10 min - 500g","p":1.54,"u":"3,08 €/KG","img":"https://fd6-photos.leclercdrive.fr/image.ashx?id=3012818&use=l&cat=p&typeid=i","cat":284429},{"id":230,"n":"Pois cassés Notre Jardin 500g","p":1.05,"u":"2,10 €/KG","img":"https://fd6-photos.leclercdrive.fr/image.ashx?id=2983772&use=l&cat=p&typeid=i","cat":284430},{"id":231,"n":"Lentilles vertes Notre Jardin 500g","p":1.63,"u":"3,26 €/KG","img":"https://fd6-photos.leclercdrive.fr/image.ashx?id=2983778&use=l&cat=p&typeid=i","cat":284430},{"id":238,"n":"Soupe Velouté Régal Soupe Tomates - 1L","p":1.09,"u":"1,09 €/L","img":"https://fd6-photos.leclercdrive.fr/image.ashx?id=2800234&use=l&cat=p&typeid=i","cat":284462},{"id":239,"n":"Soupe Velouté Régal Soupe 10 légumes - 1L","p":1.19,"u":"1,19 €/L","img":"https://fd6-photos.leclercdrive.fr/image.ashx?id=2983781&use=l&cat=p&typeid=i","cat":284462},{"id":240,"n":"Soupe Régal Soupe Poireaux Pommes de terre - 1L","p":1.19,"u":"1,19 €/L","img":"https://fd6-photos.leclercdrive.fr/image.ashx?id=2607356&use=l&cat=p&typeid=i","cat":284462},{"id":241,"n":"Soupe Mouliné Régal Soupe 10 légumes variés - 1L","p":1.08,"u":"1,08 €/L","img":"https://fd6-photos.leclercdrive.fr/image.ashx?id=2607353&use=l&cat=p&typeid=i","cat":284462},{"id":242,"n":"Soupe Velouté Régal Soupe Potiron - 1L","p":1.35,"u":"1,35 €/L","img":"https://fd6-photos.leclercdrive.fr/image.ashx?id=2983787&use=l&cat=p&typeid=i","cat":284462},{"id":255,"n":"Arôme Saveur Maggi 250g","p":1.92,"u":"7,68 €/KG","img":"https://fd6-photos.leclercdrive.fr/image.ashx?id=2671960&use=l&cat=p&typeid=i","cat":288379},{"id":259,"n":"Assaisonnement Liquide KNORR Viandox - 160ml","p":1.46,"pp":1.02,"u":"6,38 €/L","img":"https://fd6-photos.leclercdrive.fr/image.ashx?id=2705215&use=l&cat=p&typeid=i","cat":288383},{"id":267,"n":"Biscuits Petit Ecolier LU Chocolat au lait - 120g","p":2.06,"u":"17,17 €/KG","img":"https://fd6-photos.leclercdrive.fr/image.ashx?id=3014404&use=l&cat=p&typeid=i","cat":284488},{"id":270,"n":"Biscuits Petit Ecolier LU Chocolat noir - 150g","p":1.72,"u":"11,47 €/KG","img":"https://fd6-photos.leclercdrive.fr/image.ashx?id=2944359&use=l&cat=p&typeid=i","cat":284488},{"id":274,"n":"Biscuits Pocket Prince Chocolat - 400g","p":2.34,"u":"5,85 €/KG","img":"https://fd6-photos.leclercdrive.fr/image.ashx?id=3002207&use=l&cat=p&typeid=i","cat":284488},{"id":278,"n":"Biscuits La Barquette Lulu LU Chocolat noisettes - 2x120g","p":1.98,"u":"8,25 €/KG","img":"https://fd6-photos.leclercdrive.fr/image.ashx?id=2135740&use=l&cat=p&typeid=i","cat":284488},{"id":280,"n":"Biscuits Petits cœurs LU Chocolat - 180g","p":2.52,"u":"14,00 €/KG","img":"https://fd6-photos.leclercdrive.fr/image.ashx?id=3002024&use=l&cat=p&typeid=i","cat":284488},{"id":281,"n":"Gâteaux moelleux Lulu LU Coqueline Chocolat - 165g","p":1.71,"u":"10,36 €/KG","img":"https://fd6-photos.leclercdrive.fr/image.ashx?id=3001946&use=l&cat=p&typeid=i","cat":284495},{"id":283,"n":"Biscuit Petit beurre P'tit Déli Chocolat au lait pocket - 250g","p":2.25,"u":"9,00 €/KG","img":"https://fd6-photos.leclercdrive.fr/image.ashx?id=2919589&use=l&cat=p&typeid=i","cat":284488},{"id":284,"n":"Biscuits P'tit Déli ronds Chocolat lait 200g","p":1.35,"u":"6,75 €/KG","img":"https://fd6-photos.leclercdrive.fr/image.ashx?id=2884210&use=l&cat=p&typeid=i","cat":284488},{"id":286,"n":"Biscuits barquette P'tit Déli Chocolat et noisette x18 - 120g","p":0.89,"u":"7,42 €/KG","img":"https://fd6-photos.leclercdrive.fr/image.ashx?id=2705065&use=l&cat=p&typeid=i","cat":284488},{"id":288,"n":"Gaufrettes P'tit Déli  Enrobées chocolat 150g","p":1.59,"u":"10,60 €/KG","img":"https://fd6-photos.leclercdrive.fr/image.ashx?id=2965416&use=l&cat=p&typeid=i","cat":284488},{"id":289,"n":"Mini goûters P'tit Déli Chocolat 168g","p":1.13,"u":"6,73 €/KG","img":"https://fd6-photos.leclercdrive.fr/image.ashx?id=2321941&use=l&cat=p&typeid=i","cat":284488},{"id":290,"n":"Biscuits P'tit Déli Bâtonnets Chocolat 150g","p":1.19,"u":"7,93 €/KG","img":"https://fd6-photos.leclercdrive.fr/image.ashx?id=2470189&use=l&cat=p&typeid=i","cat":284488},{"id":291,"n":"Goûter Moelleux P'tit Déli  Lait et cacao x10 420g","p":2.81,"u":"6,69 €/KG","img":"https://fd6-photos.leclercdrive.fr/image.ashx?id=2610684&use=l&cat=p&typeid=i","cat":284495},{"id":292,"n":"Biscuits fourrés P'tit Déli Coeur fondant chocolat - 225g","p":1.21,"u":"5,38 €/KG","img":"https://fd6-photos.leclercdrive.fr/image.ashx?id=2637634&use=l&cat=p&typeid=i","cat":284488},{"id":296,"n":"Biscuits La Barquette Lulu LU Fraise - 2x120g","p":2.1,"u":"8,75 €/KG","img":"https://fd6-photos.leclercdrive.fr/image.ashx?id=3001952&use=l&cat=p&typeid=i","cat":284489},{"id":298,"n":"Gâteaux moelleux Lulu LU Coqueline Fraise - 165g","p":1.48,"u":"8,97 €/KG","img":"https://fd6-photos.leclercdrive.fr/image.ashx?id=2977252&use=l&cat=p&typeid=i","cat":284495},{"id":304,"n":"Génoises fourrées P'tit Déli - 150g","p":1.39,"u":"9,27 €/KG","img":"https://fd6-photos.leclercdrive.fr/image.ashx?id=2470192&use=l&cat=p&typeid=i","cat":284489},{"id":310,"n":"Biscuits boudoirs P'tit Déli Aux oeufs - 175g","p":1.38,"u":"7,89 €/KG","img":"https://fd6-photos.leclercdrive.fr/image.ashx?id=1947342&use=l&cat=p&typeid=i","cat":284487},{"id":313,"n":"Biscuits palmiers P'tit Déli 100g","p":0.59,"u":"5,90 €/KG","img":"https://fd6-photos.leclercdrive.fr/image.ashx?id=2940896&use=l&cat=p&typeid=i","cat":284487},{"id":314,"n":"Biscuits langue chat P'tit Déli 200g","p":1.28,"u":"6,40 €/KG","img":"https://fd6-photos.leclercdrive.fr/image.ashx?id=1875827&use=l&cat=p&typeid=i","cat":284487},{"id":315,"n":"Biscuits cigarettes P'tit Déli Fines 180g","p":0.95,"u":"5,28 €/KG","img":"https://fd6-photos.leclercdrive.fr/image.ashx?id=2907039&use=l&cat=p&typeid=i","cat":284487},{"id":316,"n":"Palets bretons P'tit Déli 125g","p":0.97,"u":"7,76 €/KG","img":"https://fd6-photos.leclercdrive.fr/image.ashx?id=2809650&use=l&cat=p&typeid=i","cat":284487},{"id":322,"n":"Cake anglais Brossard 400g","p":3.09,"u":"7,73 €/KG","img":"https://fd6-photos.leclercdrive.fr/image.ashx?id=2456795&use=l&cat=p&typeid=i","cat":284493},{"id":323,"n":"Gâteaux Mini roulés Pépito Chocolat - 150g","p":1.79,"u":"11,93 €/KG","img":"https://fd6-photos.leclercdrive.fr/image.ashx?id=2331898&use=l&cat=p&typeid=i","cat":284495},{"id":325,"n":"Galettes Bretonnes P'tit Déli Pur beurre - 125g","p":0.73,"u":"5,84 €/KG","img":"https://fd6-photos.leclercdrive.fr/image.ashx?id=2691012&use=l&cat=p&typeid=i","cat":284487},{"id":327,"n":"Biscuits P'tit Déli Cookies Chocolat nougatine 200g","p":1.35,"u":"6,75 €/KG","img":"https://fd6-photos.leclercdrive.fr/image.ashx?id=2900022&use=l&cat=p&typeid=i","cat":325066},{"id":328,"n":"Biscuits Cookies P'tit Déli Chocolat pépite chocolat - 200g","p":1.35,"u":"6,75 €/KG","img":"https://fd6-photos.leclercdrive.fr/image.ashx?id=2900025&use=l&cat=p&typeid=i","cat":325066},{"id":345,"n":"Pain de mie Harrys - Nature Longue conservation - 250g","p":0.78,"u":"3,12 €/KG","img":"https://fd6-photos.leclercdrive.fr/image.ashx?id=2507976&use=l&cat=p&typeid=i","cat":284477},{"id":349,"n":"Pain de mie nature Epi d'Or Classique - 500g","p":1.19,"u":"2,38 €/KG","img":"https://fd6-photos.leclercdrive.fr/image.ashx?id=2615582&use=l&cat=p&typeid=i","cat":284477},{"id":350,"n":"Pain de mie nature Epi d'Or Grandes tranches - 550g","p":1.09,"u":"1,98 €/KG","img":"https://fd6-photos.leclercdrive.fr/image.ashx?id=2860700&use=l&cat=p&typeid=i","cat":284477},{"id":352,"n":"Pain de mie nature Epi d'Or  Extra-moelleux - 500g","p":0.95,"u":"1,90 €/KG","img":"https://fd6-photos.leclercdrive.fr/image.ashx?id=2860697&use=l&cat=p&typeid=i","cat":284477},{"id":360,"n":"Pains au lait Epi d'Or Pépites chocolat - 350g","p":2.29,"u":"6,54 €/KG","img":"https://fd6-photos.leclercdrive.fr/image.ashx?id=2867895&use=l&cat=p&typeid=i","cat":293505},{"id":361,"n":"Brioche tranchée Epi d'Or Nature - 500g","p":1.65,"u":"3,30 €/KG","img":"https://fd6-photos.leclercdrive.fr/image.ashx?id=2860694&use=l&cat=p&typeid=i","cat":284478},{"id":362,"n":"Briochettes Epi d'Or Nature x12 - 480g","p":1.49,"u":"3,10 €/KG","img":"https://fd6-photos.leclercdrive.fr/image.ashx?id=2860709&use=l&cat=p&typeid=i","cat":284478},{"id":363,"n":"Pains au lait Epi d'Or x10 - 350g","p":1.18,"u":"3,37 €/KG","img":"https://fd6-photos.leclercdrive.fr/image.ashx?id=2860688&use=l&cat=p&typeid=i","cat":293505},{"id":364,"n":"Pains au chocolat Epi d'Or x8 - 360g","p":1.89,"u":"5,25 €/KG","img":"https://fd6-photos.leclercdrive.fr/image.ashx?id=2860691&use=l&cat=p&typeid=i","cat":296366},{"id":367,"n":"Barre patissière P'tit Déli 800g","p":2.2,"u":"2,75 €/KG","img":"https://fd6-photos.leclercdrive.fr/image.ashx?id=2074379&use=l&cat=p&typeid=i","cat":294776},{"id":368,"n":"Madeleine P'tit Déli coquilles Sachet 1kg","p":3.4,"u":"3,40 €/KG","img":"https://fd6-photos.leclercdrive.fr/image.ashx?id=2999493&use=l&cat=p&typeid=i","cat":284492},{"id":369,"n":"Marbré P'tit Déli 300g","p":1.89,"u":"6,30 €/KG","img":"https://fd6-photos.leclercdrive.fr/image.ashx?id=2562698&use=l&cat=p&typeid=i","cat":294776},{"id":373,"n":"Biscottes Plaine Vie Heudebert  Sans sel - 300g","p":1.76,"u":"5,87 €/KG","img":"https://fd6-photos.leclercdrive.fr/image.ashx?id=2870572&use=l&cat=p&typeid=i","cat":284479},{"id":376,"n":"Biscottes Cracotte LU  Froment - 250g","p":1.48,"u":"5,92 €/KG","img":"https://fd6-photos.leclercdrive.fr/image.ashx?id=3002006&use=l&cat=p&typeid=i","cat":284479},{"id":377,"n":"Biscottes Cracotte LU Gourmande - 250g","p":1.72,"u":"6,88 €/KG","img":"https://fd6-photos.leclercdrive.fr/image.ashx?id=3002009&use=l&cat=p&typeid=i","cat":284479},{"id":378,"n":"Biscottes Cracotte LU  Céréales complètes - 250g","p":1.65,"u":"6,60 €/KG","img":"https://fd6-photos.leclercdrive.fr/image.ashx?id=3002012&use=l&cat=p&typeid=i","cat":284479},{"id":379,"n":"Biscottes fourrées Cracotte Lu Chocolat - 200g","p":1.73,"u":"8,65 €/KG","img":"https://fd6-photos.leclercdrive.fr/image.ashx?id=2849704&use=l&cat=p&typeid=i","cat":284479},{"id":382,"n":"Biscottes Epi d'Or 6 céréales x36 - 300g","p":1.22,"u":"4,07 €/KG","img":"https://fd6-photos.leclercdrive.fr/image.ashx?id=2532832&use=l&cat=p&typeid=i","cat":284479},{"id":384,"n":"Biscottes Epi d'Or froment x36 - 300g","p":1.36,"u":"4,53 €/KG","img":"https://fd6-photos.leclercdrive.fr/image.ashx?id=2634854&use=l&cat=p&typeid=i","cat":284479},{"id":388,"n":"Tartines craquantes Epi d'Or  Froment - 250g","p":1.05,"u":"4,20 €/KG","img":"https://fd6-photos.leclercdrive.fr/image.ashx?id=2856121&use=l&cat=p&typeid=i","cat":284479},{"id":399,"n":"Café moulu Plantation Intense et aromatique - 2x250g","p":6.8,"u":"13,60 €/KG","img":"https://fd6-photos.leclercdrive.fr/image.ashx?id=2607398&use=l&cat=p&typeid=i","cat":284750},{"id":400,"n":"Café moulu Plantation  Intense et aromatique - 250g","p":3.5,"u":"14,00 €/KG","img":"https://fd6-photos.leclercdrive.fr/image.ashx?id=2555050&use=l&cat=p&typeid=i","cat":284750},{"id":401,"n":"Café moulu Plantation  Brésil - 2x250g","p":7.19,"u":"14,38 €/KG","img":"https://fd6-photos.leclercdrive.fr/image.ashx?id=2824247&use=l&cat=p&typeid=i","cat":284750},{"id":402,"n":"Café moulu Plantation  Tradition - 4x250g","p":9.62,"u":"9,62 €/KG","img":"https://fd6-photos.leclercdrive.fr/image.ashx?id=2824250&use=l&cat=p&typeid=i","cat":284750},{"id":405,"n":"Café Soluble Nescafé Spécial Filtre Original - 200g","p":7.77,"u":"38,85 €/KG","img":"https://fd6-photos.leclercdrive.fr/image.ashx?id=2837154&use=l&cat=p&typeid=i","cat":284843},{"id":406,"n":"Café soluble Nescafé Capuccino - x10 - 140g","p":2.98,"u":"21,29 €/KG","img":"https://fd6-photos.leclercdrive.fr/image.ashx?id=2729929&use=l&cat=p&typeid=i","cat":284843},{"id":407,"n":"Café et Chicorée Soluble Ricoré Lait - 400g","p":6.1,"u":"15,25 €/KG","img":"https://fd6-photos.leclercdrive.fr/image.ashx?id=2979617&use=l&cat=p&typeid=i","cat":284843},{"id":436,"n":"Infusion Tiséa Verveine - x25","p":0.92,"u":"23,00 €/KG","img":"https://fd6-photos.leclercdrive.fr/image.ashx?id=2900328&use=l&cat=p&typeid=i","cat":293234},{"id":437,"n":"Infusion Tiséa Verveine Orange - x25","p":1.34,"u":"33,50 €/KG","img":"https://fd6-photos.leclercdrive.fr/image.ashx?id=2441126&use=l&cat=p&typeid=i","cat":293234},{"id":444,"n":"Lait en poudre Régilait Demi écrémé - 300g","p":2.52,"u":"8,40 €/KG","img":"https://fd6-photos.leclercdrive.fr/image.ashx?id=2110077&use=l&cat=p&typeid=i","cat":299162},{"id":446,"n":"Lait en poudre Délisse Ecrémé - 300g","p":2.1,"u":"7,00 €/KG","img":"https://fd6-photos.leclercdrive.fr/image.ashx?id=2545467&use=l&cat=p&typeid=i","cat":299162},{"id":451,"n":"Confiture Bonne Maman Abricots - 370g","p":1.66,"u":"4,49 €/KG","img":"https://fd6-photos.leclercdrive.fr/image.ashx?id=3001275&use=l&cat=p&typeid=i","cat":284480},{"id":456,"n":"Céréales Golden Grahams Nestlé 375g","p":2.26,"u":"6,03 €/KG","img":"https://fd6-photos.leclercdrive.fr/image.ashx?id=2979830&use=l&cat=p&typeid=i","cat":309513},{"id":473,"n":"Céréales Lion Nestlé Caramel et Chocolat - 400g","p":2.83,"u":"7,08 €/KG","img":"https://fd6-photos.leclercdrive.fr/image.ashx?id=2927453&use=l&cat=p&typeid=i","cat":309513},{"id":474,"n":"Céréales Cookie Crisp Nestlé 375g","p":2.48,"u":"6,61 €/KG","img":"https://fd6-photos.leclercdrive.fr/image.ashx?id=2926443&use=l&cat=p&typeid=i","cat":309513},{"id":475,"n":"Céréales Chokella Nestlé Choco Noisette - 350g","p":2.56,"u":"7,31 €/KG","img":"https://fd6-photos.leclercdrive.fr/image.ashx?id=2844766&use=l&cat=p&typeid=i","cat":309513},{"id":486,"n":"Sucre en poudre Saint Louis 1kg","p":1.5,"u":"1,50 €/KG","img":"https://fd6-photos.leclercdrive.fr/image.ashx?id=2624239&use=l&cat=p&typeid=i","cat":284502},{"id":491,"n":"Levure boulangère Francine 30g","p":1.25,"u":"41,67 €/KG","img":"https://fd6-photos.leclercdrive.fr/image.ashx?id=2210083&use=l&cat=p&typeid=i","cat":294686},{"id":492,"n":"Farine fluide Tablier Blanc Sans grumeaux - 1kg","p":0.85,"u":"0,85 €/KG","img":"https://fd6-photos.leclercdrive.fr/image.ashx?id=2487422&use=l&cat=p&typeid=i","cat":284503},{"id":494,"n":"Levure boulangère Alsa Briochin - x5 - 27.5g","p":0.93,"u":"33,21 €/KG","img":"https://fd6-photos.leclercdrive.fr/image.ashx?id=3007906&use=l&cat=p&typeid=i","cat":294686},{"id":495,"n":"Sucre vanilliné Tablier Blanc x10 - 75g","p":0.73,"u":"9,73 €/KG","img":"https://fd6-photos.leclercdrive.fr/image.ashx?id=2487434&use=l&cat=p&typeid=i","cat":284504},{"id":497,"n":"Sucre Vanillé Alsa x12 - 90g","p":2.03,"u":"22,56 €/KG","img":"https://fd6-photos.leclercdrive.fr/image.ashx?id=3004459&use=l&cat=p&typeid=i","cat":294686},{"id":528,"n":"Bonbons Copains Copines Cola acide - 275 g","p":1.55,"u":"5,64 €/KG","img":"https://fd6-photos.leclercdrive.fr/image.ashx?id=2934658&use=l&cat=p&typeid=i","cat":304250},{"id":529,"n":"Bonbons Copains Copines Chocours 200g","p":1.25,"u":"6,25 €/KG","img":"https://fd6-photos.leclercdrive.fr/image.ashx?id=2934649&use=l&cat=p&typeid=i","cat":304250},{"id":546,"n":"Eau minérale naturelle Des Alpes - 6x50cl","p":1.98,"u":"0,66 €/L","img":"https://fd6-photos.leclercdrive.fr/image.ashx?id=2423499&use=l&cat=p&typeid=i","cat":284535},{"id":547,"n":"Eau de source de Montagne 5L","p":0.86,"u":"0,17 €/L","img":"https://fd6-photos.leclercdrive.fr/image.ashx?id=2699420&use=l&cat=p&typeid=i","cat":284535},{"id":567,"n":"Eau gazeuse San Pellegrino Minérale naturelle - 6x50cl","p":2.86,"u":"0,95 €/L","img":"https://fd6-photos.leclercdrive.fr/image.ashx?id=2145871&use=l&cat=p&typeid=i","cat":284536},{"id":591,"n":"Sirop Frucci Citron - 75cl","p":1.69,"u":"2,25 €/L","img":"https://fd6-photos.leclercdrive.fr/image.ashx?id=2842214&use=l&cat=p&typeid=i","cat":295020},{"id":592,"n":"Sirop Frucci Grenadine - 75cl","p":1.99,"u":"2,65 €/L","img":"https://fd6-photos.leclercdrive.fr/image.ashx?id=2842220&use=l&cat=p&typeid=i","cat":295020},{"id":593,"n":"Sirop Frucci Pêche - 75cl","p":2.39,"u":"3,19 €/L","img":"https://fd6-photos.leclercdrive.fr/image.ashx?id=2842226&use=l&cat=p&typeid=i","cat":295020},{"id":594,"n":"Sirop Frucci Framboise - 75cl","p":3.52,"u":"4,69 €/L","img":"https://fd6-photos.leclercdrive.fr/image.ashx?id=2909867&use=l&cat=p&typeid=i","cat":295020},{"id":595,"n":"Sirop Frucci Fraise - 75cl","p":2.69,"u":"3,59 €/L","img":"https://fd6-photos.leclercdrive.fr/image.ashx?id=2842232&use=l&cat=p&typeid=i","cat":295020},{"id":596,"n":"Sirop Frucci Cassis - 75cl","p":2.89,"u":"3,85 €/L","img":"https://fd6-photos.leclercdrive.fr/image.ashx?id=2842238&use=l&cat=p&typeid=i","cat":295020},{"id":598,"n":"100% Pur jus de tomate Jafaden bouteille plastique -1L","p":2.05,"u":"2,05 €/L","img":"https://fd6-photos.leclercdrive.fr/image.ashx?id=2860682&use=l&cat=p&typeid=i","cat":284523},{"id":612,"n":"100% Pur jus d'orange Jafaden Sans pulpe - 1L","p":2.25,"u":"2,25 €/L","img":"https://fd6-photos.leclercdrive.fr/image.ashx?id=2955620&use=l&cat=p&typeid=i","cat":284521},{"id":613,"n":"Jus d'orange Jafaden A base de concentré - 6x20cl","p":1.99,"u":"1,66 €/L","img":"https://fd6-photos.leclercdrive.fr/image.ashx?id=2751871&use=l&cat=p&typeid=i","cat":284524},{"id":618,"n":"Nectar d'orange Jafaden Avec pulpe - 1L","p":1.69,"u":"1,69 €/L","img":"https://fd6-photos.leclercdrive.fr/image.ashx?id=2955638&use=l&cat=p&typeid=i","cat":284521},{"id":619,"n":"Nectar orange Jafaden 2L","p":2.59,"u":"1,30 €/L","img":"https://fd6-photos.leclercdrive.fr/image.ashx?id=2955644&use=l&cat=p&typeid=i","cat":284521},{"id":621,"n":"100% Pur jus d'orange Jafaden  Sans pulpe - 2L","p":3.49,"u":"1,75 €/L","img":"https://fd6-photos.leclercdrive.fr/image.ashx?id=2842456&use=l&cat=p&typeid=i","cat":284521},{"id":624,"n":"Pur Jus de pommes NRT De Bretagne - 1L","p":2.51,"u":"2,51 €/L","img":"https://fd6-photos.leclercdrive.fr/image.ashx?id=2590463&use=l&cat=p&typeid=i","cat":284522},{"id":625,"n":"Pur jus raisin Jafaden 1L","p":1.55,"u":"1,55 €/L","img":"https://fd6-photos.leclercdrive.fr/image.ashx?id=2978507&use=l&cat=p&typeid=i","cat":284915},{"id":627,"n":"Jus pamplemousse rose Jafaden A base de concentré - 1L","p":1.55,"u":"1,55 €/L","img":"https://fd6-photos.leclercdrive.fr/image.ashx?id=2520005&use=l&cat=p&typeid=i","cat":284914},{"id":630,"n":"Nectar Jafaden Orange banane - 2L","p":3.09,"u":"1,55 €/L","img":"https://fd6-photos.leclercdrive.fr/image.ashx?id=2955680&use=l&cat=p&typeid=i","cat":284915},{"id":632,"n":"Jus ananas Jafaden A base de concentré 1L","p":1.75,"u":"1,75 €/L","img":"https://fd6-photos.leclercdrive.fr/image.ashx?id=2919592&use=l&cat=p&typeid=i","cat":284916},{"id":638,"n":"Jus multifruits Jafaden 1L","p":1.89,"u":"1,89 €/L","img":"https://fd6-photos.leclercdrive.fr/image.ashx?id=2916659&use=l&cat=p&typeid=i","cat":285435},{"id":655,"n":"Soda Jean's Cola Bouteille - 1,5L","p":1.13,"u":"0,75 €/L","img":"https://fd6-photos.leclercdrive.fr/image.ashx?id=2637826&use=l&cat=p&typeid=i","cat":284530},{"id":656,"n":"Soda Jean's Cola Canette - 6x33cl","p":2.26,"u":"1,14 €/L","img":"https://fd6-photos.leclercdrive.fr/image.ashx?id=2637829&use=l&cat=p&typeid=i","cat":284530},{"id":668,"n":"Limonade artisanale NRT 1L","p":2.75,"u":"2,75 €/L","img":"https://fd6-photos.leclercdrive.fr/image.ashx?id=2791066&use=l&cat=p&typeid=i","cat":284531},{"id":669,"n":"Limonade des Pyrénées NRT 6x33cl","p":3.35,"u":"1,69 €/L","img":"https://fd6-photos.leclercdrive.fr/image.ashx?id=2699807&use=l&cat=p&typeid=i","cat":284531},{"id":673,"n":"Soda Gini Citron - 1,5L","p":2.16,"u":"1,44 €/L","img":"https://fd6-photos.leclercdrive.fr/image.ashx?id=2654677&use=l&cat=p&typeid=i","cat":284532},{"id":682,"n":"Soda Pulp'Orange Bouteille - 1,5L","p":1.47,"u":"0,98 €/L","img":"https://fd6-photos.leclercdrive.fr/image.ashx?id=2922382&use=l&cat=p&typeid=i","cat":284532},{"id":689,"n":"Thé glacé Fresh Tea Pêche - Canette -  6x33cl","p":2.49,"u":"1,26 €/L","img":"https://fd6-photos.leclercdrive.fr/image.ashx?id=2622239&use=l&cat=p&typeid=i","cat":295019},{"id":700,"n":"Bière blonde 1664 5,5° - 4x50cl canettes","p":4.76,"u":"2,38 €/L","img":"https://fd6-photos.leclercdrive.fr/image.ashx?id=2793536&use=l&cat=p&typeid=i","cat":334853},{"id":730,"n":"Bière Blonde Altas 7,2% - 50cl canette","p":0.99,"u":"1,98 €/L","img":"https://fd6-photos.leclercdrive.fr/image.ashx?id=1617294&use=l&cat=p&typeid=i","cat":334853},{"id":731,"n":"Bière blonde forte Falsbourg Canette - 8%vol. - 50cl","p":0.98,"u":"1,96 €/L","img":"https://fd6-photos.leclercdrive.fr/image.ashx?id=2637838&use=l&cat=p&typeid=i","cat":334853},{"id":737,"n":"Rhum blanc Lagoa 40%vol - 70cl","p":9.92,"u":"14,17 €/L","img":"https://fd6-photos.leclercdrive.fr/image.ashx?id=2966469&use=l&cat=p&typeid=i","cat":284550},{"id":741,"n":"IGP Pays d'Oc Chardonnay Blanc Vieux Carion 13% vol -75 cl","p":2.75,"u":"3,67 €/L","img":"https://fd6-photos.leclercdrive.fr/image.ashx?id=2874690&use=l&cat=p&typeid=i","cat":289557},{"id":742,"n":"AOP Cabernet d'Anjou vin rosé Les Caractères - BIB 3L - 11%","p":13.49,"u":"4,50 €/L","img":"https://fd6-photos.leclercdrive.fr/image.ashx?id=2796523&use=l&cat=p&typeid=i","cat":289560},{"id":744,"n":"Cidre bouché Les Goelleries Breton brut 5%vol. - 75cl","p":1.99,"u":"2,65 €/L","img":"https://fd6-photos.leclercdrive.fr/image.ashx?id=2842184&use=l&cat=p&typeid=i","cat":334880},{"id":746,"n":"Fromage allégé Bridelight 5% mg - 350g","p":3.55,"u":"10,14 €/KG","img":"https://fd6-photos.leclercdrive.fr/image.ashx?id=2019486&use=l&cat=p&typeid=i","cat":314033},{"id":749,"n":"Camembert Les Croisés 20%MG - 250g","p":1.51,"u":"6,04 €/KG","img":"https://fd6-photos.leclercdrive.fr/image.ashx?id=2974762&use=l&cat=p&typeid=i","cat":314033},{"id":750,"n":"Camembert de Pays Les Croisés 21% mg - 250 gr","p":1.75,"u":"7,00 €/KG","img":"https://fd6-photos.leclercdrive.fr/image.ashx?id=2974795&use=l&cat=p&typeid=i","cat":314033},{"id":751,"n":"Coulommiers Les Croisés Tendre/Onctueux - 24%mg - 350g","p":2.15,"u":"6,14 €/KG","img":"https://fd6-photos.leclercdrive.fr/image.ashx?id=2974768&use=l&cat=p&typeid=i","cat":314033},{"id":752,"n":"Petit Brie Les Croisés 32% matière grasse - 500g","p":4.31,"u":"8,62 €/KG","img":"https://fd6-photos.leclercdrive.fr/image.ashx?id=2974792&use=l&cat=p&typeid=i","cat":314033},{"id":753,"n":"Pointe de Brie Les Croisés 32% mg - 200g","p":1.45,"u":"7,25 €/KG","img":"https://fd6-photos.leclercdrive.fr/image.ashx?id=2974771&use=l&cat=p&typeid=i","cat":314033},{"id":754,"n":"Fromage Les Croisés Coeur Crème Lait pasteurisé 33%mg - 300g","p":2.29,"u":"7,63 €/KG","img":"https://fd6-photos.leclercdrive.fr/image.ashx?id=2625068&use=l&cat=p&typeid=i","cat":314033},{"id":757,"n":"Fromage Comté Entremont 32 %mg - 350g","p":5.2,"u":"14,86 €/KG","img":"https://fd6-photos.leclercdrive.fr/image.ashx?id=2983147&use=l&cat=p&typeid=i","cat":314034},{"id":760,"n":"Emmental fromage bloc Les Croisés - 250g","p":2.24,"u":"8,96 €/KG","img":"https://fd6-photos.leclercdrive.fr/image.ashx?id=2904550&use=l&cat=p&typeid=i","cat":314034},{"id":764,"n":"Fromage Bleu Les Croisés Lait pasteurisé 31% mg - 250g","p":2.29,"u":"9,16 €/KG","img":"https://fd6-photos.leclercdrive.fr/image.ashx?id=2642100&use=l&cat=p&typeid=i","cat":314032},{"id":765,"n":"Société Crème  Crème de fromage brebis - 100g","p":2.06,"u":"20,60 €/KG","img":"https://fd6-photos.leclercdrive.fr/image.ashx?id=2729317&use=l&cat=p&typeid=i","cat":314029},{"id":768,"n":"Fromage de chèvre Les Croisés Lait pasteurisé 22%mg - 180g","p":2.29,"u":"12,72 €/KG","img":"https://fd6-photos.leclercdrive.fr/image.ashx?id=2048615&use=l&cat=p&typeid=i","cat":314031},{"id":769,"n":"Fromage de Brebis Les Croisés -Tranche - 200g","p":2.2,"u":"11,00 €/KG","img":"https://fd6-photos.leclercdrive.fr/image.ashx?id=2237499&use=l&cat=p&typeid=i","cat":314031},{"id":785,"n":"Rondelé ail et fines herbes 125g","p":1.7,"u":"13,60 €/KG","img":"https://fd6-photos.leclercdrive.fr/image.ashx?id=2967756&use=l&cat=p&typeid=i","cat":314029},{"id":786,"n":"Chaussée aux Moines 450g","p":3.99,"u":"8,87 €/KG","img":"https://fd6-photos.leclercdrive.fr/image.ashx?id=2771166&use=l&cat=p&typeid=i","cat":329184},{"id":787,"n":"Fromage L'Ortolan  Fromagerie Milleret - 250g","p":2.47,"u":"9,88 €/KG","img":"https://fd6-photos.leclercdrive.fr/image.ashx?id=2450913&use=l&cat=p&typeid=i","cat":314033},{"id":795,"n":"Fromage Brique Les Croisés Lait pasteurisé 60%mg - 200g","p":1.74,"u":"8,70 €/KG","img":"https://fd6-photos.leclercdrive.fr/image.ashx?id=2615804&use=l&cat=p&typeid=i","cat":314033},{"id":796,"n":"Fromage raclette Les Croisés Tranchette lait pasteurisé 400g","p":3.89,"u":"9,73 €/KG","img":"https://fd6-photos.leclercdrive.fr/image.ashx?id=2791704&use=l&cat=p&typeid=i","cat":314037},{"id":800,"n":"Mozzarella Les Croisés - 125g","p":0.93,"u":"7,44 €/KG","img":"https://fd6-photos.leclercdrive.fr/image.ashx?id=2122682&use=l&cat=p&typeid=i","cat":314026},{"id":806,"n":"Emmental fromage rapé Les Croisés - 500g","p":3.99,"u":"7,98 €/KG","img":"https://fd6-photos.leclercdrive.fr/image.ashx?id=2832903&use=l&cat=p&typeid=i","cat":314035},{"id":807,"n":"Emmental fromage rapé Les Croisés - 200g","p":1.65,"u":"8,25 €/KG","img":"https://fd6-photos.leclercdrive.fr/image.ashx?id=2949409&use=l&cat=p&typeid=i","cat":314035},{"id":808,"n":"Emmental fromage rapé Les Croisés - 100g","p":1.1,"u":"11,00 €/KG","img":"https://fd6-photos.leclercdrive.fr/image.ashx?id=2893283&use=l&cat=p&typeid=i","cat":314035},{"id":809,"n":"Râpé Parmigiano Reggiano AOP Les Croisés - 60g","p":1.1,"u":"18,33 €/KG","img":"https://fd6-photos.leclercdrive.fr/image.ashx?id=2903944&use=l&cat=p&typeid=i","cat":314035},{"id":810,"n":"Râpé Grana Padano AOP Les Croisés - 100g","p":1.5,"u":"15,00 €/KG","img":"https://fd6-photos.leclercdrive.fr/image.ashx?id=2903935&use=l&cat=p&typeid=i","cat":314035},{"id":816,"n":"Yaourts Délisse Nature - 16x125g","p":2.25,"u":"1,13 €/KG","img":"https://fd6-photos.leclercdrive.fr/image.ashx?id=2974756&use=l&cat=p&typeid=i","cat":284409},{"id":817,"n":"Yaourts Délisse Nature - 12x125g","p":1.85,"u":"1,23 €/KG","img":"https://fd6-photos.leclercdrive.fr/image.ashx?id=2922485&use=l&cat=p&typeid=i","cat":284409},{"id":818,"n":"Yaourts brassés Délisse  Nature - 8x125g","p":1.65,"u":"1,65 €/KG","img":"https://fd6-photos.leclercdrive.fr/image.ashx?id=2742611&use=l&cat=p&typeid=i","cat":284409},{"id":819,"n":"Yaourts brassés Délisse Nature - 16x125g","p":2.99,"u":"1,50 €/KG","img":"https://fd6-photos.leclercdrive.fr/image.ashx?id=2282159&use=l&cat=p&typeid=i","cat":284409},{"id":821,"n":"Yaourts sucrés Délisse Nature - 16x125g","p":2.74,"u":"1,37 €/KG","img":"https://fd6-photos.leclercdrive.fr/image.ashx?id=2591485&use=l&cat=p&typeid=i","cat":284409},{"id":822,"n":"Yaourts à la Grecque Délisse Nature - 4x150g","p":1.29,"u":"2,15 €/KG","img":"https://fd6-photos.leclercdrive.fr/image.ashx?id=2882999&use=l&cat=p&typeid=i","cat":314999},{"id":834,"n":"Yaourts La Laitière Fruits pâtissiers - 12x125g","p":4.61,"u":"3,07 €/KG","img":"https://fd6-photos.leclercdrive.fr/image.ashx?id=2578684&use=l&cat=p&typeid=i","cat":314999},{"id":839,"n":"Yaourts crémeux Délisse Panaché de fruits - 16x125g","p":4.21,"u":"2,11 €/KG","img":"https://fd6-photos.leclercdrive.fr/image.ashx?id=2799236&use=l&cat=p&typeid=i","cat":284410},{"id":841,"n":"Yaourts brassés Délisse Panaché de fruits - 16x125g","p":3.26,"u":"1,63 €/KG","img":"https://fd6-photos.leclercdrive.fr/image.ashx?id=2494211&use=l&cat=p&typeid=i","cat":284410},{"id":842,"n":"Yaourts aux fruits Délisse Panaché de fruits - 16x125g","p":3.78,"u":"1,89 €/KG","img":"https://fd6-photos.leclercdrive.fr/image.ashx?id=2609544&use=l&cat=p&typeid=i","cat":284410},{"id":843,"n":"Yaourts Crème Délisse Stracciatella - 4x125g","p":2.04,"u":"4,08 €/KG","img":"https://fd6-photos.leclercdrive.fr/image.ashx?id=2117120&use=l&cat=p&typeid=i","cat":314999},{"id":855,"n":"Yaourts brassés Déli'light  Nature - 0% MG - 8x125g","p":2.13,"u":"2,13 €/KG","img":"https://fd6-photos.leclercdrive.fr/image.ashx?id=2865041&use=l&cat=p&typeid=i","cat":315000},{"id":856,"n":"Yaourts Fruits 0% Déli'light Fruits panachés - 16x125g","p":3.81,"u":"1,91 €/KG","img":"https://fd6-photos.leclercdrive.fr/image.ashx?id=2387313&use=l&cat=p&typeid=i","cat":315000},{"id":872,"n":"Actifidus Delisse Nature - 12x125g","p":2.23,"u":"1,49 €/KG","img":"https://fd6-photos.leclercdrive.fr/image.ashx?id=2452666&use=l&cat=p&typeid=i","cat":315000},{"id":879,"n":"Fromage blanc sous mousse  Gervita nature - 4x100g","p":1.86,"u":"4,65 €/KG","img":"https://fd6-photos.leclercdrive.fr/image.ashx?id=2746157&use=l&cat=p&typeid=i","cat":284409},{"id":887,"n":"Fromage frais Délisse Fruits panachés 22%mg - 12x50g","p":1.45,"u":"2,42 €/KG","img":"https://fd6-photos.leclercdrive.fr/image.ashx?id=2922491&use=l&cat=p&typeid=i","cat":284414},{"id":890,"n":"Fromage frais Délisse Nature 3,8% MG - 12x60g","p":1.62,"u":"2,25 €/KG","img":"https://fd6-photos.leclercdrive.fr/image.ashx?id=1951840&use=l&cat=p&typeid=i","cat":284409},{"id":891,"n":"Pot de Faisselle NRT 7% matière grasse 1kg","p":3.35,"u":"3,35 €/KG","img":"https://fd6-photos.leclercdrive.fr/image.ashx?id=1946904&use=l&cat=p&typeid=i","cat":284409},{"id":892,"n":"Fromage frais Duodélisse Nature - 8x100g","p":2.79,"u":"3,49 €/KG","img":"https://fd6-photos.leclercdrive.fr/image.ashx?id=2387316&use=l&cat=p&typeid=i","cat":284409},{"id":894,"n":"Fromage blanc Délisse Nature 0% MG - 8x100g","p":1.79,"u":"2,24 €/KG","img":"https://fd6-photos.leclercdrive.fr/image.ashx?id=2898817&use=l&cat=p&typeid=i","cat":315000},{"id":895,"n":"Fromage blanc Délisse Nature - 3,1% MG - 8x100g","p":1.79,"u":"2,24 €/KG","img":"https://fd6-photos.leclercdrive.fr/image.ashx?id=2923390&use=l&cat=p&typeid=i","cat":284409},{"id":897,"n":"Fromage blanc Délisse Nature 3.1% MG - 1kg","p":1.97,"u":"1,97 €/KG","img":"https://fd6-photos.leclercdrive.fr/image.ashx?id=3012788&use=l&cat=p&typeid=i","cat":284409},{"id":909,"n":"Crème dessert Danette Chocolat et lait - 6x70g","p":1.62,"u":"3,86 €/KG","img":"https://fd6-photos.leclercdrive.fr/image.ashx?id=1984855&use=l&cat=p&typeid=i","cat":285041},{"id":918,"n":"Crème dessert Délisse Café - 4x125g","p":0.95,"u":"1,90 €/KG","img":"https://fd6-photos.leclercdrive.fr/image.ashx?id=2441048&use=l&cat=p&typeid=i","cat":285041},{"id":919,"n":"Crème dessert Délisse Caramel - 4x125g","p":0.93,"u":"1,86 €/KG","img":"https://fd6-photos.leclercdrive.fr/image.ashx?id=2854204&use=l&cat=p&typeid=i","cat":285041},{"id":922,"n":"Crème dessert Délisse Praliné - 4x125g","p":0.95,"u":"1,90 €/KG","img":"https://fd6-photos.leclercdrive.fr/image.ashx?id=2441066&use=l&cat=p&typeid=i","cat":285041},{"id":923,"n":"Crème dessert Délisse Panaché - 12x125g","p":2.83,"u":"1,89 €/KG","img":"https://fd6-photos.leclercdrive.fr/image.ashx?id=2465211&use=l&cat=p&typeid=i","cat":285041},{"id":924,"n":"Petit pot de crème Délisse Chocolat - 4x100g","p":1.88,"u":"4,70 €/KG","img":"https://fd6-photos.leclercdrive.fr/image.ashx?id=2544967&use=l&cat=p&typeid=i","cat":285041},{"id":925,"n":"Petit pot de crème Délisse Vanille - 4x100g","p":1.74,"u":"4,35 €/KG","img":"https://fd6-photos.leclercdrive.fr/image.ashx?id=2556508&use=l&cat=p&typeid=i","cat":285041},{"id":927,"n":"Petit pot de crème Délisse Caramel - 4x100g","p":1.85,"u":"4,63 €/KG","img":"https://fd6-photos.leclercdrive.fr/image.ashx?id=2556511&use=l&cat=p&typeid=i","cat":285041},{"id":933,"n":"Dessert Liégeois Délisse Chocolat Café - 8x100g","p":2.19,"u":"2,74 €/KG","img":"https://fd6-photos.leclercdrive.fr/image.ashx?id=2630884&use=l&cat=p&typeid=i","cat":285042},{"id":934,"n":"Dessert Liégeois Délisse Chocolat - 12x100g","p":3.14,"u":"2,62 €/KG","img":"https://fd6-photos.leclercdrive.fr/image.ashx?id=2630878&use=l&cat=p&typeid=i","cat":285042},{"id":935,"n":"Dessert Liégeois Délisse Vanille Caramel - 8x100g","p":1.98,"u":"2,48 €/KG","img":"https://fd6-photos.leclercdrive.fr/image.ashx?id=2636236&use=l&cat=p&typeid=i","cat":285042},{"id":936,"n":"Riz au lait Délisse  Vanille - 4x115g","p":1.34,"u":"2,91 €/KG","img":"https://fd6-photos.leclercdrive.fr/image.ashx?id=2489107&use=l&cat=p&typeid=i","cat":284418},{"id":939,"n":"Semoule au lait Délisse Vanille - 4x115g","p":1.08,"u":"2,35 €/KG","img":"https://fd6-photos.leclercdrive.fr/image.ashx?id=2558377&use=l&cat=p&typeid=i","cat":284418},{"id":940,"n":"Gâteaux de riz Délisse 4x100g","p":1.49,"u":"3,73 €/KG","img":"https://fd6-photos.leclercdrive.fr/image.ashx?id=2898820&use=l&cat=p&typeid=i","cat":284418},{"id":941,"n":"Mousse liégeoise Viennois  Chocolat - 8x90g","p":3.07,"u":"4,26 €/KG","img":"https://fd6-photos.leclercdrive.fr/image.ashx?id=2855043&use=l&cat=p&typeid=i","cat":284417},{"id":942,"n":"Mousse à la liégeoise Délisse Vanille - 8x80g","p":2.5,"u":"3,91 €/KG","img":"https://fd6-photos.leclercdrive.fr/image.ashx?id=3009487&use=l&cat=p&typeid=i","cat":284417},{"id":943,"n":"Mousse Délisse Chocolat noir - 4x60g","p":1.15,"u":"4,79 €/KG","img":"https://fd6-photos.leclercdrive.fr/image.ashx?id=3009493&use=l&cat=p&typeid=i","cat":284417},{"id":944,"n":"Mousse au chocolat Délisse Chocolat au lait - 4x60g","p":1.15,"u":"4,79 €/KG","img":"https://fd6-photos.leclercdrive.fr/image.ashx?id=3009496&use=l&cat=p&typeid=i","cat":284417},{"id":945,"n":"Mousse chocolat Délisse Noir et lait coulis - 8x60g","p":2.25,"u":"4,69 €/KG","img":"https://fd6-photos.leclercdrive.fr/image.ashx?id=3009499&use=l&cat=p&typeid=i","cat":284417},{"id":946,"n":"Mousse Délisse Café - 4x60g","p":1.44,"u":"6,00 €/KG","img":"https://fd6-photos.leclercdrive.fr/image.ashx?id=3009505&use=l&cat=p&typeid=i","cat":284417},{"id":955,"n":"Ile flottante Délisse Crème anglaise - 4x100g","p":1.88,"u":"4,70 €/KG","img":"https://fd6-photos.leclercdrive.fr/image.ashx?id=2860706&use=l&cat=p&typeid=i","cat":284419},{"id":956,"n":"Baba au rhum Délisse 2x150g","p":1.49,"u":"4,97 €/KG","img":"https://fd6-photos.leclercdrive.fr/image.ashx?id=1871461&use=l&cat=p&typeid=i","cat":284419},{"id":959,"n":"Flan Délisse Vanille Caramel - 4x100g","p":0.79,"u":"1,98 €/KG","img":"https://fd6-photos.leclercdrive.fr/image.ashx?id=2851640&use=l&cat=p&typeid=i","cat":284420},{"id":960,"n":"Flan Délisse Vanille Caramel - 16x100g","p":2.52,"u":"1,58 €/KG","img":"https://fd6-photos.leclercdrive.fr/image.ashx?id=2858977&use=l&cat=p&typeid=i","cat":284420},{"id":964,"n":"Lait demi-écrémé Délisse UHT Bouteille -  1L","p":1.05,"u":"1,05 €/L","img":"https://fd6-photos.leclercdrive.fr/image.ashx?id=2981828&use=l&cat=p&typeid=i","cat":284377},{"id":965,"n":"Lait demi-écrémé Délisse UHT Bouteille -  50cl","p":0.79,"u":"1,58 €/L","img":"https://fd6-photos.leclercdrive.fr/image.ashx?id=2981852&use=l&cat=p&typeid=i","cat":284377},{"id":970,"n":"Boisson lactée au cacao Cacolac Bouteilles - 8x20cl","p":5.6,"u":"3,50 €/L","img":"https://fd6-photos.leclercdrive.fr/image.ashx?id=2762085&use=l&cat=p&typeid=i","cat":295246},{"id":973,"n":"Lait chèvre demi-écrémé Lactel UHT Bouteille - 1L","p":2.46,"u":"2,46 €/L","img":"https://fd6-photos.leclercdrive.fr/image.ashx?id=3005035&use=l&cat=p&typeid=i","cat":295251},{"id":979,"n":"Beurre Mini Elle&Vire  Doux - 82% MG - 16P - 200g","p":2.83,"u":"14,15 €/KG","img":"https://fd6-photos.leclercdrive.fr/image.ashx?id=2528397&use=l&cat=p&typeid=i","cat":284379},{"id":983,"n":"Beurre Tendre Les Croisés Doux - 82% MG - 250g","p":2.59,"u":"10,36 €/KG","img":"https://fd6-photos.leclercdrive.fr/image.ashx?id=2778018&use=l&cat=p&typeid=i","cat":284379},{"id":985,"n":"Beurre de Bretagne Les Croisés Doux - 82% MG - 500g","p":4.89,"u":"9,78 €/KG","img":"https://fd6-photos.leclercdrive.fr/image.ashx?id=2777976&use=l&cat=p&typeid=i","cat":284379},{"id":988,"n":"Beurre Les Croisés 80% MG  Demi-sel Extra fin - 250g","p":2.39,"u":"9,56 €/KG","img":"https://fd6-photos.leclercdrive.fr/image.ashx?id=2777955&use=l&cat=p&typeid=i","cat":284379},{"id":989,"n":"Beurre Tendre Les Croisés Demi-sel - 80% MG - 250g","p":2.65,"u":"10,60 €/KG","img":"https://fd6-photos.leclercdrive.fr/image.ashx?id=2778003&use=l&cat=p&typeid=i","cat":284379},{"id":990,"n":"Beurre Tendre Les Croisés Doux - 82% MG - 250g","p":2.29,"u":"9,16 €/KG","img":"https://fd6-photos.leclercdrive.fr/image.ashx?id=2839887&use=l&cat=p&typeid=i","cat":284379},{"id":991,"n":"Beurre de Bretagne Les Croisés Demi-sel - 80% MG - 500g","p":4.89,"u":"9,78 €/KG","img":"https://fd6-photos.leclercdrive.fr/image.ashx?id=2777970&use=l&cat=p&typeid=i","cat":284379},{"id":1003,"n":"Crème UHT Elle & Vire Fluide Entière - 30% MG - 1L","p":5.2,"u":"5,20 €/L","img":"https://fd6-photos.leclercdrive.fr/image.ashx?id=3008554&use=l&cat=p&typeid=i","cat":284381},{"id":1004,"n":"Crème UHT Elle&Vire Semi-Ep. Si Légère - 4% MG - 3x20cl","p":2.59,"u":"4,32 €/L","img":"https://fd6-photos.leclercdrive.fr/image.ashx?id=2985282&use=l&cat=p&typeid=i","cat":284381},{"id":1005,"n":"Crème Chantilly sucrée Délisse Entière sous pression - 250g","p":1.97,"u":"7,88 €/KG","img":"https://fd6-photos.leclercdrive.fr/image.ashx?id=3002512&use=l&cat=p&typeid=i","cat":284382},{"id":1006,"n":"Crème Chantilly sucrée Délisse Allégée sous pression - 250g","p":1.85,"u":"7,40 €/KG","img":"https://fd6-photos.leclercdrive.fr/image.ashx?id=3002515&use=l&cat=p&typeid=i","cat":284382},{"id":1008,"n":"Crème entière fluide Délisse 30%mg - 3x20cl","p":2.65,"u":"4,42 €/L","img":"https://fd6-photos.leclercdrive.fr/image.ashx?id=2509977&use=l&cat=p&typeid=i","cat":284381},{"id":1009,"n":"Crème légère semi-épaisse   Délisse 18%mg - 3x20cl","p":2.11,"u":"3,52 €/L","img":"https://fd6-photos.leclercdrive.fr/image.ashx?id=3002554&use=l&cat=p&typeid=i","cat":284381},{"id":1010,"n":"Crème entière d'Isigny AOP NRT 40cl","p":2.99,"u":"7,48 €/L","img":"https://fd6-photos.leclercdrive.fr/image.ashx?id=2771022&use=l&cat=p&typeid=i","cat":284381},{"id":1011,"n":"Crème fraîche légère Délisse Epaisse - 15% MG - 20cl","p":0.69,"u":"3,45 €/L","img":"https://fd6-photos.leclercdrive.fr/image.ashx?id=1974248&use=l&cat=p&typeid=i","cat":284381},{"id":1012,"n":"Crème fraîche légère Délisse Epaisse - 15% MG  - 50cl","p":1.55,"u":"3,10 €/L","img":"https://fd6-photos.leclercdrive.fr/image.ashx?id=3002539&use=l&cat=p&typeid=i","cat":284381},{"id":1013,"n":"Crème fraîche entière Délisse Epaisse - 30% MG - 20cl","p":0.84,"u":"4,20 €/L","img":"https://fd6-photos.leclercdrive.fr/image.ashx?id=2013155&use=l&cat=p&typeid=i","cat":284381},{"id":1014,"n":"Crème fraîche entière Délisse Epaisse - 30% MG- 50cl","p":1.95,"u":"3,90 €/L","img":"https://fd6-photos.leclercdrive.fr/image.ashx?id=3002524&use=l&cat=p&typeid=i","cat":284381},{"id":1019,"n":"Jambon Italien Saint Azay x6 - 100g","p":1.75,"u":"17,50 €/KG","img":"https://fd6-photos.leclercdrive.fr/image.ashx?id=2466871&use=l&cat=p&typeid=i","cat":316007},{"id":1022,"n":"Bacon Saint Azay x15 - 150g","p":1.79,"u":"11,93 €/KG","img":"https://fd6-photos.leclercdrive.fr/image.ashx?id=2974957&use=l&cat=p&typeid=i","cat":316007},{"id":1027,"n":"Plateau charcuteries Alsace NRT 200g","p":2.04,"u":"10,20 €/KG","img":"https://fd6-photos.leclercdrive.fr/image.ashx?id=2991479&use=l&cat=p&typeid=i","cat":316012},{"id":1029,"n":"Mini saucissons secs Saint Azay Nature - 75g","p":1.29,"u":"17,20 €/KG","img":"https://fd6-photos.leclercdrive.fr/image.ashx?id=2943617&use=l&cat=p&typeid=i","cat":316006},{"id":1030,"n":"Mini Saucissons secs Saint Azay Aux noix - 75g","p":1.35,"u":"18,00 €/KG","img":"https://fd6-photos.leclercdrive.fr/image.ashx?id=2437076&use=l&cat=p&typeid=i","cat":316006},{"id":1032,"n":"Saucisse sèche Saint Azay Qualité supérieure - 300g","p":3.46,"u":"11,53 €/KG","img":"https://fd6-photos.leclercdrive.fr/image.ashx?id=2859152&use=l&cat=p&typeid=i","cat":316006},{"id":1033,"n":"Chorizo Doux Saint Azay 225g","p":1.89,"u":"8,40 €/KG","img":"https://fd6-photos.leclercdrive.fr/image.ashx?id=2753460&use=l&cat=p&typeid=i","cat":316006},{"id":1034,"n":"Chorizo Fort Saint Azay 225g","p":1.89,"u":"8,40 €/KG","img":"https://fd6-photos.leclercdrive.fr/image.ashx?id=2753463&use=l&cat=p&typeid=i","cat":316006},{"id":1035,"n":"Chorizo Extra Fort Saint Azay 225g","p":1.89,"u":"8,40 €/KG","img":"https://fd6-photos.leclercdrive.fr/image.ashx?id=2430686&use=l&cat=p&typeid=i","cat":316006},{"id":1058,"n":"Jambon serrano IGP Saint Azay 6 tranches - 100g","p":1.69,"u":"16,90 €/KG","img":"https://fd6-photos.leclercdrive.fr/image.ashx?id=2850422&use=l&cat=p&typeid=i","cat":316007},{"id":1069,"n":"Saucisses de Montbéliard IGP NRT - 250g","p":3.21,"u":"12,84 €/KG","img":"https://fd6-photos.leclercdrive.fr/image.ashx?id=2991470&use=l&cat=p&typeid=i","cat":316012},{"id":1070,"n":"Saucisse de Morteau NRT IGP - 350g","p":5.71,"u":"16,31 €/KG","img":"https://fd6-photos.leclercdrive.fr/image.ashx?id=2991464&use=l&cat=p&typeid=i","cat":316012},{"id":1071,"n":"Coppa italienne Saint Azay 10 tranches 100 g","p":1.98,"u":"19,80 €/KG","img":"https://fd6-photos.leclercdrive.fr/image.ashx?id=2665844&use=l&cat=p&typeid=i","cat":316007},{"id":1081,"n":"Véritables Knacks d'Alsace NRT X4 - 260g","p":2.79,"u":"10,73 €/KG","img":"https://fd6-photos.leclercdrive.fr/image.ashx?id=2991488&use=l&cat=p&typeid=i","cat":316012},{"id":1087,"n":"Pâté en croûte St Azay 450g","p":2.65,"u":"5,89 €/KG","img":"https://fd6-photos.leclercdrive.fr/image.ashx?id=2932396&use=l&cat=p&typeid=i","cat":316003},{"id":1105,"n":"Carottes râpées Menu Fraîcheur  Assaisonnées - 500g","p":0.99,"u":"1,98 €/KG","img":"https://fd6-photos.leclercdrive.fr/image.ashx?id=2850811&use=l&cat=p&typeid=i","cat":333657},{"id":1106,"n":"Céleri Menu Fraîcheur  Rémoulade - 300g","p":0.99,"u":"3,30 €/KG","img":"https://fd6-photos.leclercdrive.fr/image.ashx?id=2819929&use=l&cat=p&typeid=i","cat":333657},{"id":1107,"n":"Taboulé Menu Fraîcheur A l'orientale - 300g","p":0.99,"u":"3,30 €/KG","img":"https://fd6-photos.leclercdrive.fr/image.ashx?id=2816546&use=l&cat=p&typeid=i","cat":333657},{"id":1108,"n":"Taboulé Menu Fraîcheur A l'orientale - 500g","p":1.39,"u":"2,78 €/KG","img":"https://fd6-photos.leclercdrive.fr/image.ashx?id=2816549&use=l&cat=p&typeid=i","cat":333657},{"id":1109,"n":"Taboule Menu Fraîcheur Au poulet - 300g","p":1.39,"u":"4,63 €/KG","img":"https://fd6-photos.leclercdrive.fr/image.ashx?id=2901431&use=l&cat=p&typeid=i","cat":333657},{"id":1115,"n":"Croque-monsieur Côté Croc 2x100g","p":1.36,"u":"6,80 €/KG","img":"https://fd6-photos.leclercdrive.fr/image.ashx?id=2873661&use=l&cat=p&typeid=i","cat":333671},{"id":1116,"n":"Croque-monsieur Côté Croc 2x135g","p":1.94,"u":"7,19 €/KG","img":"https://fd6-photos.leclercdrive.fr/image.ashx?id=2885765&use=l&cat=p&typeid=i","cat":333671},{"id":1117,"n":"Manchons de poulet Côté Croc 250g","p":2.49,"u":"9,96 €/KG","img":"https://fd6-photos.leclercdrive.fr/image.ashx?id=2560467&use=l&cat=p&typeid=i","cat":333685},{"id":1118,"n":"Manchons de poulet Côté Croc Méxicaine - 250g","p":2.49,"u":"9,96 €/KG","img":"https://fd6-photos.leclercdrive.fr/image.ashx?id=2570031&use=l&cat=p&typeid=i","cat":333685},{"id":1119,"n":"Sandwich Côté Snack Rosette - 125g","p":0.99,"u":"7,92 €/KG","img":"https://fd6-photos.leclercdrive.fr/image.ashx?id=2794829&use=l&cat=p&typeid=i","cat":333658},{"id":1120,"n":"Sandwich Côté Snack Jambon beurre - 125g","p":0.99,"u":"7,92 €/KG","img":"https://fd6-photos.leclercdrive.fr/image.ashx?id=2619707&use=l&cat=p&typeid=i","cat":333658},{"id":1121,"n":"Sandwich Côté Snack Jambon emmental - 145g","p":1.19,"u":"8,21 €/KG","img":"https://fd6-photos.leclercdrive.fr/image.ashx?id=2609547&use=l&cat=p&typeid=i","cat":333658},{"id":1125,"n":"Cordons bleus Côté Croc Dinde - 200g","p":1.96,"u":"9,80 €/KG","img":"https://fd6-photos.leclercdrive.fr/image.ashx?id=2915113&use=l&cat=p&typeid=i","cat":333683},{"id":1126,"n":"Nuggets de poulet Côté Croc x10 - 200g","p":1.52,"u":"7,60 €/KG","img":"https://fd6-photos.leclercdrive.fr/image.ashx?id=2883312&use=l&cat=p&typeid=i","cat":333684},{"id":1133,"n":"Nuggets de Poulet Père Dodu  x10 - 200g","p":2.16,"u":"10,80 €/KG","img":"https://fd6-photos.leclercdrive.fr/image.ashx?id=2956972&use=l&cat=p&typeid=i","cat":333684},{"id":1135,"n":"Pizza fraîche Turini Jambon fromage - 450g","p":2.39,"u":"5,31 €/KG","img":"https://fd6-photos.leclercdrive.fr/image.ashx?id=2820101&use=l&cat=p&typeid=i","cat":333679},{"id":1136,"n":"Pizza fraîche Turini 4 fromages - 450g","p":2.49,"u":"5,53 €/KG","img":"https://fd6-photos.leclercdrive.fr/image.ashx?id=2967636&use=l&cat=p&typeid=i","cat":333679},{"id":1137,"n":"Pizza Turini Chèvre lardons - 450g","p":2.58,"u":"5,73 €/KG","img":"https://fd6-photos.leclercdrive.fr/image.ashx?id=2727611&use=l&cat=p&typeid=i","cat":333679},{"id":1142,"n":"Ravioli Lustucru Selection  Boeuf - 300g","p":1.82,"u":"6,07 €/KG","img":"https://fd6-photos.leclercdrive.fr/image.ashx?id=2938659&use=l&cat=p&typeid=i","cat":333682},{"id":1144,"n":"Ravioli jambon Turini 300g","p":2.06,"u":"6,87 €/KG","img":"https://fd6-photos.leclercdrive.fr/image.ashx?id=2777997&use=l&cat=p&typeid=i","cat":333682},{"id":1145,"n":"Ravioli 4 fromages Turini 300g","p":1.49,"u":"4,97 €/KG","img":"https://fd6-photos.leclercdrive.fr/image.ashx?id=2989643&use=l&cat=p&typeid=i","cat":333682},{"id":1149,"n":"Pâte à pizza Tablier Blanc 260g","p":1.05,"u":"4,04 €/KG","img":"https://fd6-photos.leclercdrive.fr/image.ashx?id=2041773&use=l&cat=p&typeid=i","cat":333681},{"id":1150,"n":"Pâte sablée Tablier Blanc 230g","p":1.09,"u":"4,74 €/KG","img":"https://fd6-photos.leclercdrive.fr/image.ashx?id=2635898&use=l&cat=p&typeid=i","cat":333681},{"id":1151,"n":"Pâte feuilletée Tablier Blanc Au beurre - 230g","p":1.14,"u":"4,96 €/KG","img":"https://fd6-photos.leclercdrive.fr/image.ashx?id=2635895&use=l&cat=p&typeid=i","cat":333681},{"id":1152,"n":"Pâte feuilletée Tablier Blanc Prête à dérouler - 230g","p":0.74,"u":"3,22 €/KG","img":"https://fd6-photos.leclercdrive.fr/image.ashx?id=2922388&use=l&cat=p&typeid=i","cat":333681},{"id":1154,"n":"Lardons de saumon fumé Ronde des Mers - 90g","p":3.6,"u":"40,00 €/KG","img":"https://fd6-photos.leclercdrive.fr/image.ashx?id=2449975&use=l&cat=p&typeid=i","cat":285188},{"id":1163,"n":"Mini blinis Ronde des Mers x16 - 135g","p":1.06,"u":"7,85 €/KG","img":"https://fd6-photos.leclercdrive.fr/image.ashx?id=2079526&use=l&cat=p&typeid=i","cat":285191},{"id":1164,"n":"Bâtonnets surimi Pêche Océan MSC - 400g","p":2.19,"u":"5,48 €/KG","img":"https://fd6-photos.leclercdrive.fr/image.ashx?id=2981840&use=l&cat=p&typeid=i","cat":285189},{"id":1165,"n":"Bâtonnets Surimi Pêche Océan MSC - x30 - 500g","p":2.74,"u":"5,48 €/KG","img":"https://fd6-photos.leclercdrive.fr/image.ashx?id=2833099&use=l&cat=p&typeid=i","cat":285189},{"id":1166,"n":"Miettes de surimi Pêche Océan MSC - 180g","p":1.64,"u":"9,11 €/KG","img":"https://fd6-photos.leclercdrive.fr/image.ashx?id=2981861&use=l&cat=p&typeid=i","cat":285189},{"id":1167,"n":"Oeufs de lompe Ronde des mers Noir - MSC - 100g","p":2.6,"u":"26,00 €/KG","img":"https://fd6-photos.leclercdrive.fr/image.ashx?id=2981843&use=l&cat=p&typeid=i","cat":285191},{"id":1169,"n":"Filets d'anchois Pêche Océan À l'huile d'olive - 105g","p":2.45,"u":"23,33 €/KG","img":"https://fd6-photos.leclercdrive.fr/image.ashx?id=2992504&use=l&cat=p&typeid=i","cat":285190},{"id":1175,"n":"Pizza Cuite sur pierre Turini Saumon crevettes - 400g","p":2.25,"u":"5,63 €/KG","img":"https://fd6-photos.leclercdrive.fr/image.ashx?id=2815217&use=l&cat=p&typeid=i","cat":284256},{"id":1178,"n":"Pizza Cuite sur pierre Volpone  Bolognaise - 400g","p":2.0,"u":"5,00 €/KG","img":"https://fd6-photos.leclercdrive.fr/image.ashx?id=2815208&use=l&cat=p&typeid=i","cat":284256},{"id":1179,"n":"Pizza Royale Turini Cuite au feu de bois - 440g","p":2.15,"u":"4,89 €/KG","img":"https://fd6-photos.leclercdrive.fr/image.ashx?id=2815199&use=l&cat=p&typeid=i","cat":284256},{"id":1180,"n":"Quiche Lorraine Côté Table 400g","p":2.45,"u":"6,13 €/KG","img":"https://fd6-photos.leclercdrive.fr/image.ashx?id=2869778&use=l&cat=p&typeid=i","cat":284257},{"id":1181,"n":"Tarte aux poireaux Côté Table - 400g","p":2.45,"u":"6,13 €/KG","img":"https://fd6-photos.leclercdrive.fr/image.ashx?id=2791710&use=l&cat=p&typeid=i","cat":284257},{"id":1182,"n":"Crêpes Côté Table Jambon fromage x6 - 300g","p":1.91,"u":"6,37 €/KG","img":"https://fd6-photos.leclercdrive.fr/image.ashx?id=2932402&use=l&cat=p&typeid=i","cat":319776},{"id":1183,"n":"Crêpes Côté Table Jambon fromage x20 1kg","p":3.85,"u":"3,85 €/KG","img":"https://fd6-photos.leclercdrive.fr/image.ashx?id=2932405&use=l&cat=p&typeid=i","cat":319776},{"id":1185,"n":"Steaks hachés Charal Pur Bœuf 15% MG 10x100g - 1kg","p":13.7,"u":"13,70 €/KG","img":"https://fd6-photos.leclercdrive.fr/image.ashx?id=2659300&use=l&cat=p&typeid=i","cat":319778},{"id":1186,"n":"Haché Extra Moelleux Charal 10x100g - 1kg","p":11.39,"u":"11,39 €/KG","img":"https://fd6-photos.leclercdrive.fr/image.ashx?id=2731735&use=l&cat=p&typeid=i","cat":319778},{"id":1187,"n":"Haché à l'oignon Charal 10x100g - 1kg","p":8.29,"u":"8,29 €/KG","img":"https://fd6-photos.leclercdrive.fr/image.ashx?id=2741940&use=l&cat=p&typeid=i","cat":319778},{"id":1191,"n":"Poisson Bordelaise Pêche Océan MSC - 400g","p":2.99,"u":"7,48 €/KG","img":"https://fd6-photos.leclercdrive.fr/image.ashx?id=2930081&use=l&cat=p&typeid=i","cat":319788},{"id":1192,"n":"Colin d'Alaska MSC Pêche Océan À l'oseille x2 - 400g","p":3.15,"u":"7,88 €/KG","img":"https://fd6-photos.leclercdrive.fr/image.ashx?id=2930099&use=l&cat=p&typeid=i","cat":319786},{"id":1193,"n":"Pané colin d'Alaska Pêche Océan x15 bâtonnets - MSC - 450g","p":2.27,"u":"5,04 €/KG","img":"https://fd6-photos.leclercdrive.fr/image.ashx?id=2558368&use=l&cat=p&typeid=i","cat":319788},{"id":1194,"n":"Calamars Pêche Océan A la romaine 40/60 - 500g","p":4.45,"u":"8,90 €/KG","img":"https://fd6-photos.leclercdrive.fr/image.ashx?id=2216298&use=l&cat=p&typeid=i","cat":319788},{"id":1196,"n":"Coquilles Saint-Jacques Coté Table - 4x90g","p":4.83,"u":"13,42 €/KG","img":"https://fd6-photos.leclercdrive.fr/image.ashx?id=2625071&use=l&cat=p&typeid=i","cat":319775},{"id":1197,"n":"Paëlla royale Côté Table Fruits de mer poulet 1kg","p":4.07,"u":"4,07 €/KG","img":"https://fd6-photos.leclercdrive.fr/image.ashx?id=2663353&use=l&cat=p&typeid=i","cat":284254},{"id":1201,"n":"Poêlée campagnarde Côté Table 900g","p":4.64,"u":"5,16 €/KG","img":"https://fd6-photos.leclercdrive.fr/image.ashx?id=2647414&use=l&cat=p&typeid=i","cat":319823},{"id":1202,"n":"Pâtes Carbonara Côté Table 900g","p":4.18,"u":"4,64 €/KG","img":"https://fd6-photos.leclercdrive.fr/image.ashx?id=2900064&use=l&cat=p&typeid=i","cat":284254},{"id":1211,"n":"Choux fleurs Notre Jardin Fleurettes 1kg","p":1.69,"u":"1,69 €/KG","img":"https://fd6-photos.leclercdrive.fr/image.ashx?id=2873021&use=l&cat=p&typeid=i","cat":319805},{"id":1212,"n":"Choux de Bruxelles Notre Jardin 1kg","p":1.95,"u":"1,95 €/KG","img":"https://fd6-photos.leclercdrive.fr/image.ashx?id=2873018&use=l&cat=p&typeid=i","cat":319805},{"id":1214,"n":"Haricots verts Notre jardin Très fins 1kg","p":1.82,"u":"1,82 €/KG","img":"https://fd6-photos.leclercdrive.fr/image.ashx?id=2900043&use=l&cat=p&typeid=i","cat":319805},{"id":1215,"n":"Haricots verts Notre Jardin Extra fins 1kg","p":1.85,"u":"1,85 €/KG","img":"https://fd6-photos.leclercdrive.fr/image.ashx?id=2873048&use=l&cat=p&typeid=i","cat":319805},{"id":1216,"n":"Courgettes Notre Jardin Rondelles 1kg","p":1.29,"u":"1,29 €/KG","img":"https://fd6-photos.leclercdrive.fr/image.ashx?id=2873096&use=l&cat=p&typeid=i","cat":319805},{"id":1217,"n":"Epinards Notre Jardin Branches - 1kg","p":1.3,"u":"1,30 €/KG","img":"https://fd6-photos.leclercdrive.fr/image.ashx?id=2909870&use=l&cat=p&typeid=i","cat":319805},{"id":1218,"n":"Epinards Notre Jardin Hâchés - 1kg","p":1.34,"u":"1,34 €/KG","img":"https://fd6-photos.leclercdrive.fr/image.ashx?id=2873036&use=l&cat=p&typeid=i","cat":319805},{"id":1219,"n":"Epinards Notre Jardin Hachés A la crème fraîche - 1kg","p":1.67,"u":"1,67 €/KG","img":"https://fd6-photos.leclercdrive.fr/image.ashx?id=2916656&use=l&cat=p&typeid=i","cat":319805},{"id":1220,"n":"Carottes Notre Jardin En rondelles 1kg","p":1.09,"u":"1,09 €/KG","img":"https://fd6-photos.leclercdrive.fr/image.ashx?id=2873090&use=l&cat=p&typeid=i","cat":319805},{"id":1222,"n":"Petits pois Notre Jardin Extra fins 1kg","p":1.89,"u":"1,89 €/KG","img":"https://fd6-photos.leclercdrive.fr/image.ashx?id=2873063&use=l&cat=p&typeid=i","cat":319805},{"id":1223,"n":"Champignons Paris Notre jardin Emincés 1kg","p":1.95,"u":"1,95 €/KG","img":"https://fd6-photos.leclercdrive.fr/image.ashx?id=2873027&use=l&cat=p&typeid=i","cat":319805},{"id":1225,"n":"Légumes Notre Jardin Pour ratatouille 1kg","p":2.35,"u":"2,35 €/KG","img":"https://fd6-photos.leclercdrive.fr/image.ashx?id=2900058&use=l&cat=p&typeid=i","cat":319823},{"id":1226,"n":"Légumes potage Notre Jardin 1kg","p":1.28,"u":"1,28 €/KG","img":"https://fd6-photos.leclercdrive.fr/image.ashx?id=2916647&use=l&cat=p&typeid=i","cat":319805},{"id":1227,"n":"Poêlée de légumes Notre Jardin Méridionale - 1kg","p":2.95,"u":"2,95 €/KG","img":"https://fd6-photos.leclercdrive.fr/image.ashx?id=2803948&use=l&cat=p&typeid=i","cat":319823},{"id":1228,"n":"Poêlée de légumes Notre jardin Champêtre - 1kg","p":2.99,"u":"2,99 €/KG","img":"https://fd6-photos.leclercdrive.fr/image.ashx?id=2832867&use=l&cat=p&typeid=i","cat":319823},{"id":1229,"n":"Poêlée de légumes Notre Jardin Bretonne - 1kg","p":2.6,"u":"2,60 €/KG","img":"https://fd6-photos.leclercdrive.fr/image.ashx?id=2803951&use=l&cat=p&typeid=i","cat":319823},{"id":1238,"n":"Pommes rissolées Pom'lisse 1kg","p":1.56,"u":"1,56 €/KG","img":"https://fd6-photos.leclercdrive.fr/image.ashx?id=2704597&use=l&cat=p&typeid=i","cat":319792},{"id":1239,"n":"Frites allumettes Pom'lisse 1kg","p":1.87,"u":"1,87 €/KG","img":"https://fd6-photos.leclercdrive.fr/image.ashx?id=2699378&use=l&cat=p&typeid=i","cat":319791},{"id":1240,"n":"Frites Pom'lisse 2.5 kg","p":4.55,"u":"1,82 €/KG","img":"https://fd6-photos.leclercdrive.fr/image.ashx?id=2699393&use=l&cat=p&typeid=i","cat":319791},{"id":1242,"n":"Pom'Steak rustique Pom'Lisse Sachet - 1kg","p":2.28,"u":"2,28 €/KG","img":"https://fd6-photos.leclercdrive.fr/image.ashx?id=2704606&use=l&cat=p&typeid=i","cat":319791},{"id":1243,"n":"Frites Pom'lisse Au four - 600g","p":1.15,"u":"1,92 €/KG","img":"https://fd6-photos.leclercdrive.fr/image.ashx?id=2770678&use=l&cat=p&typeid=i","cat":319791},{"id":1244,"n":"Potatoes Pom'lisse Finement épicées - 600g","p":1.18,"u":"1,97 €/KG","img":"https://fd6-photos.leclercdrive.fr/image.ashx?id=2699663&use=l&cat=p&typeid=i","cat":319791},{"id":1245,"n":"Pommes noisettes Pom'lisse 1kg","p":1.88,"u":"1,88 €/KG","img":"https://fd6-photos.leclercdrive.fr/image.ashx?id=2958314&use=l&cat=p&typeid=i","cat":319792},{"id":1246,"n":"Pommes dauphine Pom'lisse 500g","p":1.49,"u":"2,98 €/KG","img":"https://fd6-photos.leclercdrive.fr/image.ashx?id=2851571&use=l&cat=p&typeid=i","cat":319792},{"id":1247,"n":"Pom'rustic Pom'Lisse Sachet 750 gr","p":2.55,"u":"3,40 €/KG","img":"https://fd6-photos.leclercdrive.fr/image.ashx?id=2851574&use=l&cat=p&typeid=i","cat":319792},{"id":1248,"n":"Frites Pom'lisse 1kg","p":1.87,"u":"1,87 €/KG","img":"https://fd6-photos.leclercdrive.fr/image.ashx?id=2699654&use=l&cat=p&typeid=i","cat":319791},{"id":1251,"n":"Crème glacée Eskiss Vanille de Madagascar - 494g","p":1.65,"u":"3,34 €/KG","img":"https://fd6-photos.leclercdrive.fr/image.ashx?id=2982592&use=l&cat=p&typeid=i","cat":284263},{"id":1252,"n":"Glace Smicy Vanille fraise chocolat - 345g","p":2.41,"u":"6,99 €/KG","img":"https://fd6-photos.leclercdrive.fr/image.ashx?id=2951113&use=l&cat=p&typeid=i","cat":285250},{"id":1309,"n":"Lessive Epsil gel main express Tube 250ml","p":1.55,"u":"6,20 €/L","img":"https://fd6-photos.leclercdrive.fr/image.ashx?id=2602724&use=l&cat=p&typeid=i","cat":284643},{"id":1335,"n":"Liquide vaisselle Visior Citron - 750ml","p":1.3,"u":"1,73 €/L","img":"https://fd6-photos.leclercdrive.fr/image.ashx?id=2930849&use=l&cat=p&typeid=i","cat":284655},{"id":1336,"n":"Liquide vaisselle Visior Ultra Peaux sensibles 500ml","p":0.64,"u":"1,28 €/L","img":"https://fd6-photos.leclercdrive.fr/image.ashx?id=2951116&use=l&cat=p&typeid=i","cat":284655},{"id":1344,"n":"Gants jetables Mamison latex T6 x10","p":1.33,"img":"https://fd6-photos.leclercdrive.fr/image.ashx?id=554721&use=l&cat=p&typeid=i","cat":284668},{"id":1345,"n":"Gants jetables Mamison latex T8 x10","p":1.33,"img":"https://fd6-photos.leclercdrive.fr/image.ashx?id=2742691&use=l&cat=p&typeid=i","cat":284668},{"id":1346,"n":"Eponges Mamison végétales Super absorbantes x3","p":1.17,"u":"0,39 €/P","img":"https://fd6-photos.leclercdrive.fr/image.ashx?id=2458052&use=l&cat=p&typeid=i","cat":284667},{"id":1358,"n":"Nettoyant Gel avec javel Clair 1L","p":1.09,"u":"1,09 €/L","img":"https://fd6-photos.leclercdrive.fr/image.ashx?id=2705062&use=l&cat=p&typeid=i","cat":284907},{"id":1359,"n":"Pastilles javel Clair x48 - 150g","p":1.65,"u":"11,00 €/KG","img":"https://fd6-photos.leclercdrive.fr/image.ashx?id=2631426&use=l&cat=p&typeid=i","cat":284661},{"id":1360,"n":"Eau de Javel Clair Parfum Eucalyptus - 2L","p":0.72,"u":"0,36 €/L","img":"https://fd6-photos.leclercdrive.fr/image.ashx?id=2949173&use=l&cat=p&typeid=i","cat":284661},{"id":1376,"n":"Lingettes nettoyantes Clair Sols muguet larges x15","p":1.14,"img":"https://fd6-photos.leclercdrive.fr/image.ashx?id=2593815&use=l&cat=p&typeid=i","cat":325364},{"id":1385,"n":"Spray nettoyant Vitroclen  Vitrocéramique - 250ml","p":2.58,"u":"10,32 €/L","img":"https://fd6-photos.leclercdrive.fr/image.ashx?id=2263727&use=l&cat=p&typeid=i","cat":325363},{"id":1386,"n":"Nettoyant four Clair 500ml","p":1.53,"u":"3,06 €/L","img":"https://fd6-photos.leclercdrive.fr/image.ashx?id=1695771&use=l&cat=p&typeid=i","cat":325363},{"id":1392,"n":"Blocs wc eau bleue Syphon x2 80g","p":1.12,"u":"14,00 €/KG","img":"https://fd6-photos.leclercdrive.fr/image.ashx?id=2302537&use=l&cat=p&typeid=i","cat":284662},{"id":1398,"n":"Recharge diffuseur électrique Insectivor anti-moustiques - x1","p":2.26,"img":"https://fd6-photos.leclercdrive.fr/image.ashx?id=2717105&use=l&cat=p&typeid=i","cat":298368},{"id":1400,"n":"Papier aluminium Elembal 20m","p":2.6,"img":"https://fd6-photos.leclercdrive.fr/image.ashx?id=2756846&use=l&cat=p&typeid=i","cat":334134},{"id":1401,"n":"Barquettes aluminium Elembal x10 0.5L","p":2.56,"img":"https://fd6-photos.leclercdrive.fr/image.ashx?id=2455093&use=l&cat=p&typeid=i","cat":334134},{"id":1402,"n":"Barquettes aluminium Elembal Plates 1L","p":4.4,"img":"https://fd6-photos.leclercdrive.fr/image.ashx?id=2455105&use=l&cat=p&typeid=i","cat":334134},{"id":1407,"n":"Film étirable Elembal 30m","p":1.2,"img":"https://fd6-photos.leclercdrive.fr/image.ashx?id=2431191&use=l&cat=p&typeid=i","cat":334134},{"id":1412,"n":"Sacs congélation Elembal Grand modèle x25","p":1.08,"img":"https://fd6-photos.leclercdrive.fr/image.ashx?id=2169147&use=l&cat=p&typeid=i","cat":334134},{"id":1413,"n":"Sacs congélation Elembal Petit modèle x50","p":1.09,"img":"https://fd6-photos.leclercdrive.fr/image.ashx?id=2158155&use=l&cat=p&typeid=i","cat":334134},{"id":1414,"n":"Sacs poubelle 30L Elembal à liens classiques - x25","p":1.26,"u":"0,05 €/P","img":"https://fd6-photos.leclercdrive.fr/image.ashx?id=2958699&use=l&cat=p&typeid=i","cat":285168},{"id":1415,"n":"Sacs poubelle 130L Elembal à liens classiques - x10","p":4.65,"u":"0,47 €/P","img":"https://fd6-photos.leclercdrive.fr/image.ashx?id=2791743&use=l&cat=p&typeid=i","cat":285168},{"id":1416,"n":"Sacs poubelle 100L Elembal Poignées coulissantes - x10","p":1.62,"u":"0,16 €/P","img":"https://fd6-photos.leclercdrive.fr/image.ashx?id=2791731&use=l&cat=p&typeid=i","cat":285168},{"id":1417,"n":"Sacs poubelle 100L Elembal à liens classiques - x10","p":1.54,"u":"0,15 €/P","img":"https://fd6-photos.leclercdrive.fr/image.ashx?id=2791734&use=l&cat=p&typeid=i","cat":285168},{"id":1418,"n":"Sacs poubelle 50L Elembal à liens classiques - x15","p":2.19,"u":"0,15 €/P","img":"https://fd6-photos.leclercdrive.fr/image.ashx?id=2958693&use=l&cat=p&typeid=i","cat":285168},{"id":1419,"n":"Sacs poubelle Elembal 20L x20","p":1.2,"u":"0,06 €/P","img":"https://fd6-photos.leclercdrive.fr/image.ashx?id=2791728&use=l&cat=p&typeid=i","cat":285168},{"id":1420,"n":"Sacs poubelle Elembal 20L A poignées - x30","p":2.09,"u":"0,07 €/P","img":"https://fd6-photos.leclercdrive.fr/image.ashx?id=2791674&use=l&cat=p&typeid=i","cat":285168},{"id":1421,"n":"Sacs poubelle Elembal 30L A poignées - x20","p":2.49,"u":"0,12 €/P","img":"https://fd6-photos.leclercdrive.fr/image.ashx?id=2791677&use=l&cat=p&typeid=i","cat":285168},{"id":1423,"n":"Sacs poubelle 50L Elembal Poignées coulissantes - x15","p":2.3,"u":"0,15 €/P","img":"https://fd6-photos.leclercdrive.fr/image.ashx?id=2958696&use=l&cat=p&typeid=i","cat":285168},{"id":1427,"n":"Gel douche Manava Pétales d'Orient - 250ml","p":1.15,"u":"4,60 €/L","img":"https://fd6-photos.leclercdrive.fr/image.ashx?id=2494214&use=l&cat=p&typeid=i","cat":284594},{"id":1428,"n":"Lait de douche Manava Coeur de vanille - 250ml","p":0.94,"u":"3,76 €/L","img":"https://fd6-photos.leclercdrive.fr/image.ashx?id=2456141&use=l&cat=p&typeid=i","cat":284594},{"id":1429,"n":"Gel douche Manava Boisé - 250ml","p":1.15,"u":"4,60 €/L","img":"https://fd6-photos.leclercdrive.fr/image.ashx?id=2809653&use=l&cat=p&typeid=i","cat":284594},{"id":1433,"n":"Recharge savon mains Manava Crème perles d'oranger - 250ml","p":0.68,"u":"2,72 €/L","img":"https://fd6-photos.leclercdrive.fr/image.ashx?id=2935483&use=l&cat=p&typeid=i","cat":284597},{"id":1435,"n":"Recharge savon mains Manava Crème Amande - 250ml","p":0.57,"u":"2,28 €/L","img":"https://fd6-photos.leclercdrive.fr/image.ashx?id=2935474&use=l&cat=p&typeid=i","cat":284597},{"id":1436,"n":"Lait de douche Manava Amande douce - 250ml","p":0.94,"u":"3,76 €/L","img":"https://fd6-photos.leclercdrive.fr/image.ashx?id=2771346&use=l&cat=p&typeid=i","cat":284594},{"id":1437,"n":"Lait de douche Manava Lait de coco - 250ml","p":0.94,"u":"3,76 €/L","img":"https://fd6-photos.leclercdrive.fr/image.ashx?id=2443176&use=l&cat=p&typeid=i","cat":284594},{"id":1449,"n":"Déodorant Manava fraîcheur Vanille glacée spray 200ml","p":1.39,"u":"6,95 €/L","img":"https://fd6-photos.leclercdrive.fr/image.ashx?id=2656445&use=l&cat=p&typeid=i","cat":284595},{"id":1464,"n":"Rasoirs jetables Bic 1 Sensitive - x10","p":1.3,"u":"0,13 €/P","img":"https://fd6-photos.leclercdrive.fr/image.ashx?id=2218035&use=l&cat=p&typeid=i","cat":284616},{"id":1465,"n":"Rasoirs jetables Comfort 2 Bic x10","p":3.17,"u":"0,32 €/P","img":"https://fd6-photos.leclercdrive.fr/image.ashx?id=2984862&use=l&cat=p&typeid=i","cat":284616},{"id":1466,"n":"Rasoirs jetables Bic 3 lames - x8","p":3.17,"u":"0,40 €/P","img":"https://fd6-photos.leclercdrive.fr/image.ashx?id=2789014&use=l&cat=p&typeid=i","cat":284616},{"id":1473,"n":"Gel à raser Carré Homme Hydratant 200ml","p":1.69,"u":"8,45 €/L","img":"https://fd6-photos.leclercdrive.fr/image.ashx?id=2771582&use=l&cat=p&typeid=i","cat":284617},{"id":1474,"n":"Rasoirs jetables Carré Homme 2 lames - x10","p":1.48,"u":"0,15 €/P","img":"https://fd6-photos.leclercdrive.fr/image.ashx?id=2873543&use=l&cat=p&typeid=i","cat":284616},{"id":1481,"n":"Dentifrice Dentamyl Protection caries - 75ml","p":0.73,"u":"9,73 €/L","img":"https://fd6-photos.leclercdrive.fr/image.ashx?id=2699129&use=l&cat=p&typeid=i","cat":284612},{"id":1482,"n":"Dentifrice enfant Dentamyl Fraise - 3-6 ans - 50ml","p":0.89,"u":"17,80 €/L","img":"https://fd6-photos.leclercdrive.fr/image.ashx?id=2075188&use=l&cat=p&typeid=i","cat":288898},{"id":1487,"n":"Pansements Primoplast Multi-usages x40","p":1.11,"img":"https://fd6-photos.leclercdrive.fr/image.ashx?id=2891773&use=l&cat=p&typeid=i","cat":284630},{"id":1488,"n":"Mouchoirs blancs 4 plis Caresse Mouchoirs papier Lotion x12","p":2.28,"u":"0,19 €/P","img":"https://fd6-photos.leclercdrive.fr/image.ashx?id=2572993&use=l&cat=p&typeid=i","cat":284638},{"id":1517,"n":"Petit pot bébé Blédiner 6 mois  Semoule carotte - 2x200g","p":2.16,"u":"5,40 €/KG","img":"https://fd6-photos.leclercdrive.fr/image.ashx?id=2986155&use=l&cat=p&typeid=i","cat":312239},{"id":1637,"n":"Change + 2 slips maille Chorys Anatomiques - Homme/Femme - x20","p":16.15,"u":"0,81 €/P","img":"https://fd6-photos.leclercdrive.fr/image.ashx?id=2623660&use=l&cat=p&typeid=i","cat":284628},{"id":1640,"n":"Protection incontinence Chorys Rectangulaire - x24","p":4.62,"u":"0,19 €/P","img":"https://fd6-photos.leclercdrive.fr/image.ashx?id=2761980&use=l&cat=p&typeid=i","cat":284628},{"id":1656,"n":"Pochettes kraft Esquisse Adhésives 22.9x32.4cm x25","p":2.3,"img":"https://fd6-photos.leclercdrive.fr/image.ashx?id=1699690&use=l&cat=p&typeid=i","cat":284697},{"id":1657,"n":"Pochettes kraft Esquisse Adhésives 16.2x22.9cm x25","p":1.99,"img":"https://fd6-photos.leclercdrive.fr/image.ashx?id=1698655&use=l&cat=p&typeid=i","cat":284697},{"id":1662,"n":"Feuilles simples Esquisse x200 - Seyes - 21x29.7cm","p":1.79,"img":"https://fd6-photos.leclercdrive.fr/image.ashx?id=2131194&use=l&cat=p&typeid=i","cat":284697},{"id":1666,"n":"Feuilles blanches Esquisse A4 80g - 500 feuilles","p":4.44,"img":"https://fd6-photos.leclercdrive.fr/image.ashx?id=2943196&use=l&cat=p&typeid=i","cat":284697},{"id":1683,"n":"Piles alcalines Foxter AAA/LR3 1,5V - x4","p":0.99,"img":"https://fd6-photos.leclercdrive.fr/image.ashx?id=2162150&use=l&cat=p&typeid=i","cat":300572},{"id":1687,"n":"Pile alcaline Foxter 3LR12 4,5V - x1","p":2.27,"img":"https://fd6-photos.leclercdrive.fr/image.ashx?id=2162177&use=l&cat=p&typeid=i","cat":300572},{"id":1729,"n":"Croquettes chiens Lydog poulet Petit chien - Poulet - 1kg","p":2.92,"u":"2,92 €/KG","img":"https://fd6-photos.leclercdrive.fr/image.ashx?id=1928380&use=l&cat=p&typeid=i","cat":294526},{"id":1730,"n":"Barquette chiens Lydog Au Saumon et Truite - 300g","p":1.45,"u":"4,83 €/KG","img":"https://fd6-photos.leclercdrive.fr/image.ashx?id=2042433&use=l&cat=p&typeid=i","cat":284673},{"id":1735,"n":"Croquettes chiens Tous Mes Amis Spécial Forme - 10kg","p":12.25,"u":"1,23 €/KG","img":"https://fd6-photos.leclercdrive.fr/image.ashx?id=1972608&use=l&cat=p&typeid=i","cat":284672},{"id":1751,"n":"Croquettes chat Purina One Adulte - Saumon/Céréales - 450g","p":2.55,"u":"5,67 €/KG","img":"https://fd6-photos.leclercdrive.fr/image.ashx?id=2683220&use=l&cat=p&typeid=i","cat":284680},{"id":1753,"n":"Croquettes chat Purina One Adulte - Saumon/Céréales -1.5kg","p":6.54,"u":"4,36 €/KG","img":"https://fd6-photos.leclercdrive.fr/image.ashx?id=2902268&use=l&cat=p&typeid=i","cat":284680},{"id":1754,"n":"Croquettes chat Purina One Adulte - Poulet/Céréales - 3kg","p":12.15,"u":"4,05 €/KG","img":"https://fd6-photos.leclercdrive.fr/image.ashx?id=2432007&use=l&cat=p&typeid=i","cat":284680},{"id":1755,"n":"Bouchées chiens Lydog Adulte - Boeuf - 4kg","p":7.49,"u":"1,87 €/KG","img":"https://fd6-photos.leclercdrive.fr/image.ashx?id=1936602&use=l&cat=p&typeid=i","cat":284672},{"id":1756,"n":"Emincés en sauce Tous mes amis pour chats -  800g","p":1.72,"u":"2,15 €/KG","img":"https://fd6-photos.leclercdrive.fr/image.ashx?id=2606798&use=l&cat=p&typeid=i","cat":285601},{"id":1759,"n":"Croquettes chat Tous mes amis Boeuf Poulet Foie - 400g","p":1.19,"u":"2,98 €/KG","img":"https://fd6-photos.leclercdrive.fr/image.ashx?id=2301379&use=l&cat=p&typeid=i","cat":284680},{"id":1761,"n":"Croquettes chat Tous mes amis Saumon thon lég.verts - 400g","p":1.11,"u":"2,78 €/KG","img":"https://fd6-photos.leclercdrive.fr/image.ashx?id=2301382&use=l&cat=p&typeid=i","cat":284680},{"id":1762,"n":"Croquettes chat Tous mes amis Poulet légumes - 4kg","p":5.76,"u":"1,44 €/KG","img":"https://fd6-photos.leclercdrive.fr/image.ashx?id=2301406&use=l&cat=p&typeid=i","cat":284680},{"id":1763,"n":"Croquettes chat Tous mes amis Boeuf Poulet Légumes - 2kg","p":2.95,"u":"1,48 €/KG","img":"https://fd6-photos.leclercdrive.fr/image.ashx?id=2739724&use=l&cat=p&typeid=i","cat":284680},{"id":1764,"n":"Croquettes chat Tous mes amis Poulet dinde canard olive - 2kg","p":3.62,"u":"1,81 €/KG","img":"https://fd6-photos.leclercdrive.fr/image.ashx?id=2301400&use=l&cat=p&typeid=i","cat":284680},{"id":1765,"n":"Croquettes chat Tous mes amis Saumon & Légumes - 2kg","p":2.95,"u":"1,48 €/KG","img":"https://fd6-photos.leclercdrive.fr/image.ashx?id=2301394&use=l&cat=p&typeid=i","cat":284680},{"id":1767,"n":"Barquette chats Tous mes amis au Boeuf - 100g","p":0.61,"u":"6,10 €/KG","img":"https://fd6-photos.leclercdrive.fr/image.ashx?id=2042418&use=l&cat=p&typeid=i","cat":285286},{"id":1768,"n":"Barquette chats Tous mes amis à l'agneau - 100g","p":0.62,"u":"6,20 €/KG","img":"https://fd6-photos.leclercdrive.fr/image.ashx?id=2052760&use=l&cat=p&typeid=i","cat":285286},{"id":1769,"n":"Barquette chats Lycat au Foie et Volaille - 100g","p":0.58,"u":"5,80 €/KG","img":"https://fd6-photos.leclercdrive.fr/image.ashx?id=2042415&use=l&cat=p&typeid=i","cat":285286},{"id":1770,"n":"Barquette chats Tous mes amis au Saumon 100g","p":0.55,"u":"5,50 €/KG","img":"https://fd6-photos.leclercdrive.fr/image.ashx?id=2042412&use=l&cat=p&typeid=i","cat":285286},{"id":1771,"n":"Terrines chats Tous mes amis Délices Multi-viandes - 3x400g","p":3.22,"u":"2,68 €/KG","img":"https://fd6-photos.leclercdrive.fr/image.ashx?id=2042966&use=l&cat=p&typeid=i","cat":285601},{"id":1772,"n":"Sachet repas chat Tous mes amis Poissons en gelée - 12x100g","p":3.65,"u":"3,04 €/KG","img":"https://fd6-photos.leclercdrive.fr/image.ashx?id=2027592&use=l&cat=p&typeid=i","cat":285286},{"id":1775,"n":"Litière minérale Catsan Hygiène plus pour chat - 10L","p":5.05,"u":"0,51 €/L","img":"https://fd6-photos.leclercdrive.fr/image.ashx?id=2692677&use=l&cat=p&typeid=i","cat":284683},{"id":1776,"n":"Litière chats Eco+ 7L","p":1.15,"u":"0,16 €/L","img":"https://fd6-photos.leclercdrive.fr/image.ashx?id=2757509&use=l&cat=p&typeid=i","cat":284683},{"id":1786,"n":"Blocs WC Syphon Activ' effect Fraîcheur marine x3","p":1.22,"u":"0,41 €/P","img":"https://fd6-photos.leclercdrive.fr/image.ashx?id=2317294&use=l&cat=p&typeid=i","cat":284662},{"id":1795,"n":"Lingettes nettoyantes Clair Multi-surfaces citron x50","p":1.38,"u":"0,03 €/P","img":"https://fd6-photos.leclercdrive.fr/image.ashx?id=2835193&use=l&cat=p&typeid=i","cat":325358},{"id":1798,"n":"Eponges Multi-usages Mamison grattantes - x3","p":0.89,"u":"0,30 €/P","img":"https://fd6-photos.leclercdrive.fr/image.ashx?id=2202341&use=l&cat=p&typeid=i","cat":284667},{"id":1799,"n":"Haricots verts Notre Jardin Très fins - 3x110g","p":1.82,"u":"5,52 €/KG","img":"https://fd6-photos.leclercdrive.fr/image.ashx?id=2537355&use=l&cat=p&typeid=i","cat":312606},{"id":1800,"n":"Lingettes nettoyantes Clair Muguet x50","p":1.72,"u":"0,03 €/P","img":"https://fd6-photos.leclercdrive.fr/image.ashx?id=2835196&use=l&cat=p&typeid=i","cat":325358},{"id":1801,"n":"Boules inox Mamison x2","p":0.44,"img":"https://fd6-photos.leclercdrive.fr/image.ashx?id=555602&use=l&cat=p&typeid=i","cat":284667},{"id":1802,"n":"Insecticide Insectivor cafards Fourmis araignées 400ml","p":2.49,"u":"6,23 €/L","img":"https://fd6-photos.leclercdrive.fr/image.ashx?id=2843039&use=l&cat=p&typeid=i","cat":298368},{"id":1803,"n":"Spray désodorisant Texil Textile 500ml","p":2.61,"u":"5,22 €/L","img":"https://fd6-photos.leclercdrive.fr/image.ashx?id=2958690&use=l&cat=p&typeid=i","cat":290451},{"id":1804,"n":"Asperges vertes miniatures  Notre Jardin - 100g","p":1.49,"u":"14,90 €/KG","img":"https://fd6-photos.leclercdrive.fr/image.ashx?id=2591515&use=l&cat=p&typeid=i","cat":312611},{"id":1806,"n":"Insecticide Insectivor guêpes Mouches moustiques - 400ml","p":2.22,"u":"5,55 €/L","img":"https://fd6-photos.leclercdrive.fr/image.ashx?id=2835008&use=l&cat=p&typeid=i","cat":298368},{"id":1810,"n":"Gel nettoyant wc Syphon 750ml","p":1.03,"u":"1,37 €/L","img":"https://fd6-photos.leclercdrive.fr/image.ashx?id=2558775&use=l&cat=p&typeid=i","cat":284662},{"id":1812,"n":"Gel nettoyant wc Syphon 750ml","p":0.66,"u":"0,88 €/L","img":"https://fd6-photos.leclercdrive.fr/image.ashx?id=2067935&use=l&cat=p&typeid=i","cat":284662},{"id":1816,"n":"Déboucheur canalisations Syphon Gel 1L","p":1.55,"u":"1,55 €/L","img":"https://fd6-photos.leclercdrive.fr/image.ashx?id=2202347&use=l&cat=p&typeid=i","cat":284908},{"id":1821,"n":"Confiture Bonne Maman Figues violettes - 370g","p":1.84,"u":"4,97 €/KG","img":"https://fd6-photos.leclercdrive.fr/image.ashx?id=2547477&use=l&cat=p&typeid=i","cat":284480},{"id":1822,"n":"Confiture Bonne Maman Myrtilles - 370g","p":2.98,"u":"8,05 €/KG","img":"https://fd6-photos.leclercdrive.fr/image.ashx?id=2132361&use=l&cat=p&typeid=i","cat":284480},{"id":1826,"n":"Confiture Douceur du Verger Abricots - Allégée - 340g","p":1.14,"u":"3,35 €/KG","img":"https://fd6-photos.leclercdrive.fr/image.ashx?id=2965437&use=l&cat=p&typeid=i","cat":284480},{"id":1828,"n":"Confiture Bonne Maman Framboises - 370g","p":2.47,"u":"6,68 €/KG","img":"https://fd6-photos.leclercdrive.fr/image.ashx?id=2544807&use=l&cat=p&typeid=i","cat":284480},{"id":1832,"n":"Confiture Bonne Maman Oranges amères 370g","p":1.5,"u":"4,05 €/KG","img":"https://fd6-photos.leclercdrive.fr/image.ashx?id=2559184&use=l&cat=p&typeid=i","cat":284480},{"id":1833,"n":"Confiture Douceur du Verger Fraises - 340g","p":1.05,"u":"3,09 €/KG","img":"https://fd6-photos.leclercdrive.fr/image.ashx?id=2965428&use=l&cat=p&typeid=i","cat":284480},{"id":1845,"n":"Barres de céréales Frosties Kellogg's - 6x25g","p":1.8,"u":"12,00 €/KG","img":"https://fd6-photos.leclercdrive.fr/image.ashx?id=2300062&use=l&cat=p&typeid=i","cat":285869},{"id":1846,"n":"Compote Douceur du Verger Gourdes Pomme Fraise - 4x90g","p":1.39,"u":"3,86 €/KG","img":"https://fd6-photos.leclercdrive.fr/image.ashx?id=2837024&use=l&cat=p&typeid=i","cat":284508},{"id":1847,"n":"Barres céréales Fitness Nestlé Chocolat - 6x23.5g","p":1.96,"u":"13,90 €/KG","img":"https://fd6-photos.leclercdrive.fr/image.ashx?id=2947009&use=l&cat=p&typeid=i","cat":285869},{"id":1848,"n":"Chocolat au lait Tablette d'Or Lait Noisettes - 3x100g","p":3.64,"u":"12,13 €/KG","img":"https://fd6-photos.leclercdrive.fr/image.ashx?id=3014347&use=l&cat=p&typeid=i","cat":284497},{"id":1850,"n":"Chocolat au lait Tablette d'Or Céréales croustillantes 2x100g","p":2.01,"u":"10,05 €/KG","img":"https://fd6-photos.leclercdrive.fr/image.ashx?id=2555952&use=l&cat=p&typeid=i","cat":284497},{"id":1851,"n":"Chocolat au lait Tablette d'Or 3x100g","p":3.13,"u":"10,43 €/KG","img":"https://fd6-photos.leclercdrive.fr/image.ashx?id=2771508&use=l&cat=p&typeid=i","cat":284497},{"id":1861,"n":"Levure chimique Tablier Blanc x6 sachets","p":0.26,"u":"3,94 €/KG","img":"https://fd6-photos.leclercdrive.fr/image.ashx?id=2867892&use=l&cat=p&typeid=i","cat":294686},{"id":1864,"n":"Chocolat Tablette d'Or Noir amandes entières 200g","p":1.84,"u":"9,20 €/KG","img":"https://fd6-photos.leclercdrive.fr/image.ashx?id=2982886&use=l&cat=p&typeid=i","cat":284956},{"id":1867,"n":"Chocolat au lait Tablette d'Or Noisettes entières - 200g","p":2.31,"u":"11,55 €/KG","img":"https://fd6-photos.leclercdrive.fr/image.ashx?id=2580889&use=l&cat=p&typeid=i","cat":284497},{"id":1870,"n":"Tablette de chocolat Equador Noir 85% cacao - 100g","p":1.53,"u":"15,30 €/KG","img":"https://fd6-photos.leclercdrive.fr/image.ashx?id=2840734&use=l&cat=p&typeid=i","cat":284956},{"id":1871,"n":"Céréales mini-pack Kellogg's Multi-variétés - 215g","p":2.75,"u":"12,79 €/KG","img":"https://fd6-photos.leclercdrive.fr/image.ashx?id=3014467&use=l&cat=p&typeid=i","cat":309513},{"id":1872,"n":"Pâte à tartiner Nustikao Gressins 3x60g","p":1.8,"u":"10,00 €/KG","img":"https://fd6-photos.leclercdrive.fr/image.ashx?id=2440703&use=l&cat=p&typeid=i","cat":284488},{"id":1873,"n":"Petits pains grillés Epi d'Or Complet - 225g","p":0.89,"u":"3,96 €/KG","img":"https://fd6-photos.leclercdrive.fr/image.ashx?id=2726491&use=l&cat=p&typeid=i","cat":284479},{"id":1874,"n":"Chocolat Tablette d'Or Noir noisettes entières 200g","p":2.05,"u":"10,25 €/KG","img":"https://fd6-photos.leclercdrive.fr/image.ashx?id=2582516&use=l&cat=p&typeid=i","cat":284956},{"id":1878,"n":"Compote Douceur du Verger Coupelle pomme pêche - 4x100g","p":1.19,"u":"2,98 €/KG","img":"https://fd6-photos.leclercdrive.fr/image.ashx?id=2663464&use=l&cat=p&typeid=i","cat":284508},{"id":1879,"n":"Compote Douceur du Verger Coupelle pomme poire - 4x100g","p":1.15,"u":"2,88 €/KG","img":"https://fd6-photos.leclercdrive.fr/image.ashx?id=2663470&use=l&cat=p&typeid=i","cat":284508},{"id":1883,"n":"Compote Douceur du Verger Gourdes Pomme Banane - 4x90g","p":1.59,"u":"4,42 €/KG","img":"https://fd6-photos.leclercdrive.fr/image.ashx?id=2837027&use=l&cat=p&typeid=i","cat":284508},{"id":1884,"n":"Compote Douceur du Verger Gourdes Pomme - 4x90g","p":0.99,"u":"2,75 €/KG","img":"https://fd6-photos.leclercdrive.fr/image.ashx?id=2837021&use=l&cat=p&typeid=i","cat":284508},{"id":1885,"n":"Haricots verts Notre Jardin Extra fins - 440g","p":2.58,"u":"5,86 €/KG","img":"https://fd6-photos.leclercdrive.fr/image.ashx?id=3005652&use=l&cat=p&typeid=i","cat":312606},{"id":1886,"n":"Petits pois Notre Jardin A l'étuvée - Extra fins - 560g","p":1.29,"u":"2,30 €/KG","img":"https://fd6-photos.leclercdrive.fr/image.ashx?id=2526267&use=l&cat=p&typeid=i","cat":312607},{"id":1887,"n":"Champignons Paris Notre Jardin Pieds et morceaux - 3x115g","p":1.99,"u":"5,77 €/KG","img":"https://fd6-photos.leclercdrive.fr/image.ashx?id=2724693&use=l&cat=p&typeid=i","cat":312610},{"id":1888,"n":"Flageolets verts Notre Jardin Extra fins - 530g","p":1.29,"u":"2,43 €/KG","img":"https://fd6-photos.leclercdrive.fr/image.ashx?id=2468819&use=l&cat=p&typeid=i","cat":312606},{"id":1889,"n":"Macédoine légumes Notre Jardin 3x130g","p":1.75,"u":"4,49 €/KG","img":"https://fd6-photos.leclercdrive.fr/image.ashx?id=2537349&use=l&cat=p&typeid=i","cat":312612},{"id":1890,"n":"Choux Bruxelles Notre Jardin 265g","p":1.29,"u":"4,87 €/KG","img":"https://fd6-photos.leclercdrive.fr/image.ashx?id=2913654&use=l&cat=p&typeid=i","cat":312612},{"id":1893,"n":"Sardines Pêche Océan Huile d'olive - 135g","p":1.23,"u":"9,11 €/KG","img":"https://fd6-photos.leclercdrive.fr/image.ashx?id=2550375&use=l&cat=p&typeid=i","cat":305146},{"id":1895,"n":"Foie de morue Connétable MSC - Fumé - 121g","p":2.02,"u":"16,69 €/KG","img":"https://fd6-photos.leclercdrive.fr/image.ashx?id=2804454&use=l&cat=p&typeid=i","cat":305147},{"id":1897,"n":"Pâté NRT Campagne porc breton - 200g","p":1.92,"u":"9,60 €/KG","img":"https://fd6-photos.leclercdrive.fr/image.ashx?id=2560494&use=l&cat=p&typeid=i","cat":305149},{"id":1898,"n":"Cassoulet Côté Table 840g","p":2.19,"u":"2,61 €/KG","img":"https://fd6-photos.leclercdrive.fr/image.ashx?id=2977096&use=l&cat=p&typeid=i","cat":284440},{"id":1901,"n":"Taboulé Côté Table Etui 730g","p":1.87,"u":"2,56 €/KG","img":"https://fd6-photos.leclercdrive.fr/image.ashx?id=2977093&use=l&cat=p&typeid=i","cat":325094},{"id":1902,"n":"Chips à l'ancienne Pom'Lisse Nature - 150g","p":1.04,"u":"6,93 €/KG","img":"https://fd6-photos.leclercdrive.fr/image.ashx?id=2724829&use=l&cat=p&typeid=i","cat":284447},{"id":1903,"n":"Saucisses cocktail Tokapi  240g","p":1.95,"u":"8,13 €/KG","img":"https://fd6-photos.leclercdrive.fr/image.ashx?id=2943614&use=l&cat=p&typeid=i","cat":284450},{"id":1906,"n":"Huile de tournesol Lesieur  1L","p":2.61,"u":"2,61 €/L","img":"https://fd6-photos.leclercdrive.fr/image.ashx?id=2916839&use=l&cat=p&typeid=i","cat":284453},{"id":1909,"n":"Olives vertes Rustica Entières - 200g","p":1.24,"u":"6,20 €/KG","img":"https://fd6-photos.leclercdrive.fr/image.ashx?id=2499073&use=l&cat=p&typeid=i","cat":284458},{"id":1913,"n":"Pâtes Barilla Coquillettes - 500g","p":0.97,"u":"1,94 €/KG","img":"https://fd6-photos.leclercdrive.fr/image.ashx?id=2392218&use=l&cat=p&typeid=i","cat":284427},{"id":1920,"n":"Boisson végétale Bio Bjorg Soja Douceur - 1L","p":1.93,"u":"1,93 €/L","img":"https://fd6-photos.leclercdrive.fr/image.ashx?id=2967052&use=l&cat=p&typeid=i","cat":316067},{"id":1925,"n":"Petits beurre P'tit Déli x24 - 200g","p":0.95,"u":"4,75 €/KG","img":"https://fd6-photos.leclercdrive.fr/image.ashx?id=1898886&use=l&cat=p&typeid=i","cat":284487},{"id":1935,"n":"Café Soluble Nescafé Sélection - 200g","p":6.21,"u":"31,05 €/KG","img":"https://fd6-photos.leclercdrive.fr/image.ashx?id=2968847&use=l&cat=p&typeid=i","cat":284843},{"id":1937,"n":"Filtre à café Plantation n°4 - x80 + 1 détartrant","p":1.35,"u":"0,02 €/P","img":"https://fd6-photos.leclercdrive.fr/image.ashx?id=2756937&use=l&cat=p&typeid=i","cat":284751},{"id":1939,"n":"Infusion Tiséa verveine menthe x25","p":0.92,"u":"23,00 €/KG","img":"https://fd6-photos.leclercdrive.fr/image.ashx?id=2441102&use=l&cat=p&typeid=i","cat":293234},{"id":1943,"n":"Confiture Bonne Maman Fraises - 750g","p":3.44,"u":"4,59 €/KG","img":"https://fd6-photos.leclercdrive.fr/image.ashx?id=2906073&use=l&cat=p&typeid=i","cat":284480},{"id":1944,"n":"Miel Nid d'Abeille A tartiner - 250 g","p":1.91,"u":"7,64 €/KG","img":"https://fd6-photos.leclercdrive.fr/image.ashx?id=2696805&use=l&cat=p&typeid=i","cat":287643},{"id":1955,"n":"Farine de blé T45 Tablier Blanc 1kg","p":0.69,"u":"0,69 €/KG","img":"https://fd6-photos.leclercdrive.fr/image.ashx?id=2487419&use=l&cat=p&typeid=i","cat":284503},{"id":1956,"n":"Compote Douceur du Verger Coupelle pomme banane - 4x100g","p":1.24,"u":"3,10 €/KG","img":"https://fd6-photos.leclercdrive.fr/image.ashx?id=2663461&use=l&cat=p&typeid=i","cat":284508},{"id":1961,"n":"Tablette de chocolat Equador Noir 72% cacao 100g","p":1.39,"u":"13,90 €/KG","img":"https://fd6-photos.leclercdrive.fr/image.ashx?id=2822920&use=l&cat=p&typeid=i","cat":284956},{"id":1962,"n":"Tablette de Chocolat Blanc Galak - 2x100g","p":2.99,"u":"14,95 €/KG","img":"https://fd6-photos.leclercdrive.fr/image.ashx?id=2769618&use=l&cat=p&typeid=i","cat":284957},{"id":1972,"n":"Eau minérale gazeuse Perrier  Bouteilles en verre 8x20cl","p":3.64,"u":"2,28 €/L","img":"https://fd6-photos.leclercdrive.fr/image.ashx?id=2587551&use=l&cat=p&typeid=i","cat":284536},{"id":1975,"n":"Sirop Frucci Menthe - 75cl","p":1.86,"u":"2,48 €/L","img":"https://fd6-photos.leclercdrive.fr/image.ashx?id=2842208&use=l&cat=p&typeid=i","cat":295020},{"id":1980,"n":"Pur Jus d'ananas Jafaden Brique élopack 1L","p":2.09,"u":"2,09 €/L","img":"https://fd6-photos.leclercdrive.fr/image.ashx?id=2955683&use=l&cat=p&typeid=i","cat":284916},{"id":1984,"n":"Thé glacé Fresh Tea Pêche - 2L","p":1.69,"u":"0,85 €/L","img":"https://fd6-photos.leclercdrive.fr/image.ashx?id=2997937&use=l&cat=p&typeid=i","cat":295019},{"id":1989,"n":"Whisky Sir Edward's 40%vol - 70cl","p":12.08,"u":"17,26 €/L","img":"https://fd6-photos.leclercdrive.fr/image.ashx?id=2503371&use=l&cat=p&typeid=i","cat":284547},{"id":1990,"n":"Scotch Whisky Label 5 40%vol - 70cl","p":12.83,"u":"18,33 €/L","img":"https://fd6-photos.leclercdrive.fr/image.ashx?id=2639468&use=l&cat=p&typeid=i","cat":284547},{"id":1994,"n":"Whisky J&B Rare 40%vol - 70cl","p":15.8,"u":"22,57 €/L","img":"https://fd6-photos.leclercdrive.fr/image.ashx?id=2301028&use=l&cat=p&typeid=i","cat":284547},{"id":1995,"n":"Whisky Ballantine's Finest Blended Scotch 40% vol - 70cl","p":15.4,"pp":14.4,"u":"20,57 €/L","img":"https://fd6-photos.leclercdrive.fr/image.ashx?id=2981298&use=l&cat=p&typeid=i","cat":284547},{"id":1997,"n":"Whisky Clan Campbell Blended Scotch 40% vol - 70cl","p":16.6,"u":"23,71 €/L","img":"https://fd6-photos.leclercdrive.fr/image.ashx?id=2868365&use=l&cat=p&typeid=i","cat":284547},{"id":1998,"n":"Whiskey Irlandais Jameson  40% vol - 70cl","p":19.9,"pp":16.9,"u":"24,14 €/L","img":"https://fd6-photos.leclercdrive.fr/image.ashx?id=2866025&use=l&cat=p&typeid=i","cat":284547},{"id":2000,"n":"Pastis Duval 45%vol - 1L","p":17.88,"u":"17,88 €/L","img":"https://fd6-photos.leclercdrive.fr/image.ashx?id=2659656&use=l&cat=p&typeid=i","cat":284548},{"id":2001,"n":"Pastis Ricard Anisé 45% vol - 1L","p":19.89,"pp":18.89,"u":"18,89 €/L","img":"https://fd6-photos.leclercdrive.fr/image.ashx?id=2947820&use=l&cat=p&typeid=i","cat":284548},{"id":2002,"n":"Pastis de Marseille Vivalis 45%vol - 1L","p":17.02,"u":"17,02 €/L","img":"https://fd6-photos.leclercdrive.fr/image.ashx?id=2590400&use=l&cat=p&typeid=i","cat":284548},{"id":2003,"n":"Vodka premium Eristoff Original 37,5° - 70cl","p":14.23,"u":"20,33 €/L","img":"https://fd6-photos.leclercdrive.fr/image.ashx?id=2850734&use=l&cat=p&typeid=i","cat":284550},{"id":2005,"n":"Vodka Smirnoff 37.5%vol - 70cl","p":13.3,"pp":10.64,"u":"15,20 €/L","img":"https://fd6-photos.leclercdrive.fr/image.ashx?id=1897294&use=l&cat=p&typeid=i","cat":284550},{"id":2006,"n":"Vodka Novotna  Pure grain 37.5%vol - 70cl","p":10.47,"u":"14,96 €/L","img":"https://fd6-photos.leclercdrive.fr/image.ashx?id=1654441&use=l&cat=p&typeid=i","cat":284550},{"id":2007,"n":"Rhum blanc Bacardi Carta Blanca 37,5° - 70cl","p":14.64,"u":"20,91 €/L","img":"https://fd6-photos.leclercdrive.fr/image.ashx?id=2833933&use=l&cat=p&typeid=i","cat":284550},{"id":2009,"n":"Rhum ambré Negrita 40%vol - 50cl","p":7.71,"u":"15,42 €/L","img":"https://fd6-photos.leclercdrive.fr/image.ashx?id=2785112&use=l&cat=p&typeid=i","cat":284550},{"id":2010,"n":"Rhum blanc Old Nick  40%vol - 70cl","p":10.27,"u":"14,67 €/L","img":"https://fd6-photos.leclercdrive.fr/image.ashx?id=2483747&use=l&cat=p&typeid=i","cat":284550},{"id":2012,"n":"Rhum ambré Negrita 40%vol - 1L","p":13.79,"u":"13,79 €/L","img":"https://fd6-photos.leclercdrive.fr/image.ashx?id=2519633&use=l&cat=p&typeid=i","cat":284550},{"id":2015,"n":"Liqueur The Original Baileys Irish Cream 17%vol - 70cl","p":12.29,"u":"17,56 €/L","img":"https://fd6-photos.leclercdrive.fr/image.ashx?id=2536059&use=l&cat=p&typeid=i","cat":286032},{"id":2018,"n":"Rhum Lagoa 40%vol - 50cl","p":6.99,"u":"13,98 €/L","img":"https://fd6-photos.leclercdrive.fr/image.ashx?id=2966487&use=l&cat=p&typeid=i","cat":284550},{"id":2019,"n":"Sucre de canne Lagoa 70cl","p":1.65,"u":"2,36 €/L","img":"https://fd6-photos.leclercdrive.fr/image.ashx?id=2966475&use=l&cat=p&typeid=i","cat":284551},{"id":2021,"n":"Apéritif Suze L'Originale 15% vol - 1L","p":9.3,"pp":8.3,"u":"8,30 €/L","img":"https://fd6-photos.leclercdrive.fr/image.ashx?id=2914462&use=l&cat=p&typeid=i","cat":284913},{"id":2025,"n":"Muscat de Rivesaltes G. d'Arria 15.5%vol - 75cl","p":4.99,"u":"6,65 €/L","img":"https://fd6-photos.leclercdrive.fr/image.ashx?id=2974744&use=l&cat=p&typeid=i","cat":284913},{"id":2028,"n":"AOP Bordeaux rouge Baron de Lestac - 75cl","p":3.9,"u":"5,20 €/L","img":"https://fd6-photos.leclercdrive.fr/image.ashx?id=2471148&use=l&cat=p&typeid=i","cat":289556},{"id":2029,"n":"AOP Bordeaux rouge Malesan - 75 cl","p":4.91,"u":"6,55 €/L","img":"https://fd6-photos.leclercdrive.fr/image.ashx?id=2917432&use=l&cat=p&typeid=i","cat":289556},{"id":2044,"n":"IGP Pays d'Oc Merlot vin rouge Vieux Carion 13% vol -75 cl","p":2.25,"u":"3,00 €/L","img":"https://fd6-photos.leclercdrive.fr/image.ashx?id=2568100&use=l&cat=p&typeid=i","cat":289556},{"id":2045,"n":"IGP Pays d'Oc vin rouge Vieux Carion 12.5% vol -75 cl","p":2.25,"u":"3,00 €/L","img":"https://fd6-photos.leclercdrive.fr/image.ashx?id=2800267&use=l&cat=p&typeid=i","cat":289556},{"id":2049,"n":"IGP Pays d'Oc Gris vin rosé Rives & Terrasses - 75cl -12,5%","p":2.89,"u":"3,85 €/L","img":"https://fd6-photos.leclercdrive.fr/image.ashx?id=2671396&use=l&cat=p&typeid=i","cat":289558},{"id":2051,"n":"IGP Pays d'Oc Syrah vin rosé Vieux Carion 12.5% vol -75 cl","p":2.25,"u":"3,00 €/L","img":"https://fd6-photos.leclercdrive.fr/image.ashx?id=2892340&use=l&cat=p&typeid=i","cat":289558},{"id":2058,"n":"IGP Pays d'Oc Sauvignon Blanc Vieux Carion 12% vol -75 cl","p":2.25,"u":"3,00 €/L","img":"https://fd6-photos.leclercdrive.fr/image.ashx?id=2879937&use=l&cat=p&typeid=i","cat":289557},{"id":2072,"n":"AOP Champagne Mumm Cordon Rouge Brut 12% vol - 75cl","p":28.9,"pp":27.9,"u":"37,20 €/L","img":"https://fd6-photos.leclercdrive.fr/image.ashx?id=3011005&use=l&cat=p&typeid=i","cat":284542},{"id":2073,"n":"AOC Champagne brut rosé Pol Carson - 75cl","p":19.95,"u":"26,60 €/L","img":"https://fd6-photos.leclercdrive.fr/image.ashx?id=2909876&use=l&cat=p&typeid=i","cat":284542},{"id":2074,"n":"AOP Champagne demi-sec blanc Pol Carson - 75cl","p":17.99,"u":"23,99 €/L","img":"https://fd6-photos.leclercdrive.fr/image.ashx?id=2909846&use=l&cat=p&typeid=i","cat":284542},{"id":2075,"n":"AOP Champagne brut Pol Carson - 75cl","p":17.99,"u":"23,99 €/L","img":"https://fd6-photos.leclercdrive.fr/image.ashx?id=2909843&use=l&cat=p&typeid=i","cat":284542},{"id":2078,"n":"Pétillant Gibus pomme Sans alcool 75cl","p":2.31,"u":"3,08 €/L","img":"https://fd6-photos.leclercdrive.fr/image.ashx?id=1887586&use=l&cat=p&typeid=i","cat":289460},{"id":2079,"n":"Cidre bouché Les Goelleries Breton doux 2%vol. - 75cl","p":2.12,"u":"2,83 €/L","img":"https://fd6-photos.leclercdrive.fr/image.ashx?id=2842190&use=l&cat=p&typeid=i","cat":334880},{"id":2082,"n":"AOP Crémant d'Alsace brut Rebmann - 75 cl","p":5.95,"u":"7,93 €/L","img":"https://fd6-photos.leclercdrive.fr/image.ashx?id=2888935&use=l&cat=p&typeid=i","cat":284545},{"id":2087,"n":"Jus de pomme pétillant Champomy L'Original Pomme - 75cl","p":2.77,"u":"3,69 €/L","img":"https://fd6-photos.leclercdrive.fr/image.ashx?id=2688683&use=l&cat=p&typeid=i","cat":289460},{"id":2090,"n":"Emmental fromage bloc Les Croisés - 500g","p":4.19,"u":"8,38 €/KG","img":"https://fd6-photos.leclercdrive.fr/image.ashx?id=2897769&use=l&cat=p&typeid=i","cat":314034},{"id":2092,"n":"Bûche de chèvre Saint-Maure LEs Croisés 25% MG - 200g","p":2.06,"u":"10,30 €/KG","img":"https://fd6-photos.leclercdrive.fr/image.ashx?id=2894719&use=l&cat=p&typeid=i","cat":314031},{"id":2104,"n":"Mousse à la liégeoise Délisse Chocolat - 8x80g","p":2.35,"u":"3,67 €/KG","img":"https://fd6-photos.leclercdrive.fr/image.ashx?id=3009490&use=l&cat=p&typeid=i","cat":284417},{"id":2109,"n":"Matin Léger de Lactel Sans lactose 1.2% mg - 1L","p":1.68,"u":"1,68 €/L","img":"https://fd6-photos.leclercdrive.fr/image.ashx?id=2883122&use=l&cat=p&typeid=i","cat":317169},{"id":2111,"n":"Beurre Extra fin Les Croisés Doux - 82% MG - 250g","p":2.35,"u":"9,40 €/KG","img":"https://fd6-photos.leclercdrive.fr/image.ashx?id=2791224&use=l&cat=p&typeid=i","cat":284379},{"id":2112,"n":"Sauce Béchamel Bridélice 3x20cl","p":3.17,"u":"5,28 €/L","img":"https://fd6-photos.leclercdrive.fr/image.ashx?id=2888458&use=l&cat=p&typeid=i","cat":284382},{"id":2114,"n":"Saucisse sèche Saint Azay Qualité supérieure - 250g","p":2.99,"u":"11,96 €/KG","img":"https://fd6-photos.leclercdrive.fr/image.ashx?id=2859149&use=l&cat=p&typeid=i","cat":316006},{"id":2121,"n":"Carottes râpées Menu Fraîcheur  Assaisonnées - 300g","p":0.69,"u":"2,30 €/KG","img":"https://fd6-photos.leclercdrive.fr/image.ashx?id=2816552&use=l&cat=p&typeid=i","cat":333657},{"id":2125,"n":"Tagliatelle fraîche Turini 350g","p":1.24,"u":"3,54 €/KG","img":"https://fd6-photos.leclercdrive.fr/image.ashx?id=2846514&use=l&cat=p&typeid=i","cat":333682},{"id":2126,"n":"Pâte brisée Tablier Blanc Prête à dérouler - 230g","p":0.65,"u":"2,83 €/KG","img":"https://fd6-photos.leclercdrive.fr/image.ashx?id=2922385&use=l&cat=p&typeid=i","cat":333681},{"id":2128,"n":"Bâtonnets Surimi Pêche Océan MSC - x12 - 200g","p":1.38,"u":"6,90 €/KG","img":"https://fd6-photos.leclercdrive.fr/image.ashx?id=2981837&use=l&cat=p&typeid=i","cat":285189},{"id":2129,"n":"Tarama Ronde des mers  Aux oeufs de cabillaud - 100g","p":0.99,"u":"9,90 €/KG","img":"https://fd6-photos.leclercdrive.fr/image.ashx?id=2824600&use=l&cat=p&typeid=i","cat":315999},{"id":2130,"n":"Filets d'anchois Pêche Océan Huile d'olive - 50g","p":1.36,"u":"27,20 €/KG","img":"https://fd6-photos.leclercdrive.fr/image.ashx?id=2992498&use=l&cat=p&typeid=i","cat":285190},{"id":2139,"n":"Gants jetables Mamison latex T7 x10","p":1.33,"img":"https://fd6-photos.leclercdrive.fr/image.ashx?id=2742688&use=l&cat=p&typeid=i","cat":284668},{"id":2141,"n":"Crème nettoyante Clair 3en1 - 750ml","p":1.15,"u":"1,53 €/L","img":"https://fd6-photos.leclercdrive.fr/image.ashx?id=2868310&use=l&cat=p&typeid=i","cat":325357},{"id":2164,"n":"Enveloppes Esquisse adhésives C6 100x80g","p":2.39,"img":"https://fd6-photos.leclercdrive.fr/image.ashx?id=1928740&use=l&cat=p&typeid=i","cat":284697},{"id":2166,"n":"Piles Foxter AA/LR6 1,5V - x4","p":0.99,"u":"0,25 €/P","img":"https://fd6-photos.leclercdrive.fr/image.ashx?id=2162156&use=l&cat=p&typeid=i","cat":300572},{"id":2179,"n":"Barres céréales Special K  Kellogg's Chocolat - 6x21,5g","p":2.21,"u":"17,13 €/KG","img":"https://fd6-photos.leclercdrive.fr/image.ashx?id=3011113&use=l&cat=p&typeid=i","cat":285869},{"id":2185,"n":"boisson végétale soja  sans sucre bio bjorg nature 1l","p":1.71,"u":"1,71 €/L","img":"https://fd6-photos.leclercdrive.fr/image.ashx?id=2939385&use=l&cat=p&typeid=i","cat":316067},{"id":2187,"n":"Mascarpone Les Croisés - 250g","p":1.78,"u":"7,12 €/KG","img":"https://fd6-photos.leclercdrive.fr/image.ashx?id=2123620&use=l&cat=p&typeid=i","cat":314026},{"id":2192,"n":"Papier aluminium Elembal 50m","p":4.35,"img":"https://fd6-photos.leclercdrive.fr/image.ashx?id=2940899&use=l&cat=p&typeid=i","cat":334134},{"id":2193,"n":"Film étirable Elembal 2en1 20m","p":1.25,"img":"https://fd6-photos.leclercdrive.fr/image.ashx?id=2059962&use=l&cat=p&typeid=i","cat":334134},{"id":2194,"n":"Sacs congélation Elembal Moyen modèle x50","p":1.08,"img":"https://fd6-photos.leclercdrive.fr/image.ashx?id=2257205&use=l&cat=p&typeid=i","cat":334134},{"id":2195,"n":"Sacs poubelle 30L Elembal Poignées coulissantes - x20","p":2.11,"u":"0,11 €/P","img":"https://fd6-photos.leclercdrive.fr/image.ashx?id=2791740&use=l&cat=p&typeid=i","cat":285168},{"id":2199,"n":"Cassoulet La Belle Chaurienne Canard 4/4 840g","p":5.31,"u":"6,32 €/KG","img":"https://fd6-photos.leclercdrive.fr/image.ashx?id=2837340&use=l&cat=p&typeid=i","cat":284440},{"id":2200,"n":"Muffins nature Epi d'Or x4 - 250g","p":1.47,"u":"5,88 €/KG","img":"https://fd6-photos.leclercdrive.fr/image.ashx?id=2939052&use=l&cat=p&typeid=i","cat":284985},{"id":2224,"n":"Boisson lactée Candy'UP Chocolat - 6x20cl","p":2.74,"u":"2,28 €/L","img":"https://fd6-photos.leclercdrive.fr/image.ashx?id=2485635&use=l&cat=p&typeid=i","cat":295246},{"id":2226,"n":"Lait vitaminé Viva Candia  1%MG Brique - 1L","p":1.02,"u":"1,02 €/L","img":"https://fd6-photos.leclercdrive.fr/image.ashx?id=2891505&use=l&cat=p&typeid=i","cat":317169},{"id":2228,"n":"Eau de toilette Scorpio rouge Flacon - 75ml","p":7.86,"pp":5.19,"u":"69,20 €/L","img":"https://fd6-photos.leclercdrive.fr/image.ashx?id=2329777&use=l&cat=p&typeid=i","cat":287740},{"id":2236,"n":"Sucre vanillé Vahiné 10 sachets - 75g","p":1.41,"u":"18,80 €/KG","img":"https://fd6-photos.leclercdrive.fr/image.ashx?id=2490536&use=l&cat=p&typeid=i","cat":294686},{"id":2237,"n":"Arôme Fleur d'oranger Vahiné 200ml","p":1.47,"u":"7,35 €/L","img":"https://fd6-photos.leclercdrive.fr/image.ashx?id=2983231&use=l&cat=p&typeid=i","cat":284504},{"id":2238,"n":"Arôme vanille Vahiné 200ml","p":2.63,"u":"13,15 €/L","img":"https://fd6-photos.leclercdrive.fr/image.ashx?id=2490551&use=l&cat=p&typeid=i","cat":284504},{"id":2239,"n":"Gélatine alimentaire Vahiné 9 feuilles - 17g","p":1.27,"u":"74,71 €/KG","img":"https://fd6-photos.leclercdrive.fr/image.ashx?id=2876305&use=l&cat=p&typeid=i","cat":284504},{"id":2257,"n":"Crème Hydratante Soft Nivea Visage Corps Mains - 75ml","p":1.56,"u":"22,29 €/L","img":"https://fd6-photos.leclercdrive.fr/image.ashx?id=3005215&use=l&cat=p&typeid=i","cat":325350},{"id":2259,"n":"Crème Hydratante Soft Nivea Visage Corps Mains - 200ml","p":3.14,"u":"15,70 €/L","img":"https://fd6-photos.leclercdrive.fr/image.ashx?id=3014608&use=l&cat=p&typeid=i","cat":325350},{"id":2276,"n":"Antiseptique Mercurochrome Incolore spray - 100ml","p":2.86,"u":"28,60 €/L","img":"https://fd6-photos.leclercdrive.fr/image.ashx?id=2662268&use=l&cat=p&typeid=i","cat":284630},{"id":2277,"n":"Gel lubrifiant Intimy Classic - 70ml","p":4.34,"u":"62,00 €/L","img":"https://fd6-photos.leclercdrive.fr/image.ashx?id=2927330&use=l&cat=p&typeid=i","cat":285160},{"id":2279,"n":"Eau oxygénée Mercurochrome 200ml","p":1.92,"u":"9,60 €/L","img":"https://fd6-photos.leclercdrive.fr/image.ashx?id=2663980&use=l&cat=p&typeid=i","cat":284630},{"id":2280,"n":"Compresses stériles Mercurochrome - x60","p":6.46,"u":"0,11 €/P","img":"https://fd6-photos.leclercdrive.fr/image.ashx?id=2731483&use=l&cat=p&typeid=i","cat":284630},{"id":2281,"n":"Pansements Mercurochrome Famille x50","p":3.02,"u":"0,06 €/P","img":"https://fd6-photos.leclercdrive.fr/image.ashx?id=2731471&use=l&cat=p&typeid=i","cat":284630},{"id":2282,"n":"Bandes à découper Mercurochrome 6cm x10","p":2.58,"img":"https://fd6-photos.leclercdrive.fr/image.ashx?id=2719027&use=l&cat=p&typeid=i","cat":284630},{"id":2317,"n":"Mousse Coiffante Franck Provost Cheveux Bouclés - 200ml","p":4.67,"u":"23,35 €/L","img":"https://fd6-photos.leclercdrive.fr/image.ashx?id=2575606&use=l&cat=p&typeid=i","cat":284609},{"id":2322,"n":"Mousse Coiffante Dop Vivelle Extra boucle - 150ml","p":3.42,"u":"22,80 €/L","img":"https://fd6-photos.leclercdrive.fr/image.ashx?id=2574823&use=l&cat=p&typeid=i","cat":284609},{"id":2326,"n":"Lait demi-écrémé Lactel Vitamine D Bouteille - 1l","p":1.23,"u":"1,23 €/L","img":"https://fd6-photos.leclercdrive.fr/image.ashx?id=2889421&use=l&cat=p&typeid=i","cat":284377},{"id":2331,"n":"Lait Bio demi-écrémé Lactel UHT Bouteille - 1l","p":1.63,"u":"1,63 €/L","img":"https://fd6-photos.leclercdrive.fr/image.ashx?id=2886915&use=l&cat=p&typeid=i","cat":284377},{"id":2336,"n":"Baume soin Après-Rasage Mennen Peaux Sensibles - 100ml","p":3.75,"u":"37,50 €/L","img":"https://fd6-photos.leclercdrive.fr/image.ashx?id=2517905&use=l&cat=p&typeid=i","cat":288147},{"id":2338,"n":"Lotion Après-Rasage Mennen Apaisante - 125ml","p":3.92,"u":"31,36 €/L","img":"https://fd6-photos.leclercdrive.fr/image.ashx?id=2469620&use=l&cat=p&typeid=i","cat":288147},{"id":2356,"n":"Lingettes Demak'up Peaux sèches sensibles x25","p":2.69,"u":"0,11 €/P","img":"https://fd6-photos.leclercdrive.fr/image.ashx?id=3014458&use=l&cat=p&typeid=i","cat":284603},{"id":2438,"n":"Eponges Spontex grattantes Stop-graisse x2","p":1.39,"u":"0,70 €/P","img":"https://fd6-photos.leclercdrive.fr/image.ashx?id=2973078&use=l&cat=p&typeid=i","cat":284667},{"id":2441,"n":"Préservatifs Durex Love Faciles et rapides à poser x6","p":2.49,"u":"0,42 €/P","img":"https://fd6-photos.leclercdrive.fr/image.ashx?id=2963895&use=l&cat=p&typeid=i","cat":284631},{"id":2484,"n":"Dentifrice Signal Haleine Pure 75ml","p":1.31,"u":"17,47 €/L","img":"https://fd6-photos.leclercdrive.fr/image.ashx?id=1984459&use=l&cat=p&typeid=i","cat":284612},{"id":2504,"n":"Levure de bière Gerblé à saupoudrer - 150g","p":2.46,"u":"16,40 €/KG","img":"https://fd6-photos.leclercdrive.fr/image.ashx?id=2575036&use=l&cat=p&typeid=i","cat":288382},{"id":2505,"n":"Crème au chocolat GERLINEA   Repas minceur - 3x210g","p":4.59,"u":"7,29 €/KG","img":"https://fd6-photos.leclercdrive.fr/image.ashx?id=2653450&use=l&cat=p&typeid=i","cat":318652},{"id":2509,"n":"Biscuit sésame GERBLE   - 5x4, 230g","p":1.44,"u":"6,26 €/KG","img":"https://fd6-photos.leclercdrive.fr/image.ashx?id=2946940&use=l&cat=p&typeid=i","cat":318651},{"id":2510,"n":"Biscuits soja figue GERBLE   - 4x4, 270g","p":1.99,"u":"7,37 €/KG","img":"https://fd6-photos.leclercdrive.fr/image.ashx?id=2812720&use=l&cat=p&typeid=i","cat":318651},{"id":2511,"n":"Biscuits diététiques Gerblé Soja Orange - 280g","p":1.52,"u":"5,43 €/KG","img":"https://fd6-photos.leclercdrive.fr/image.ashx?id=2623166&use=l&cat=p&typeid=i","cat":318651},{"id":2523,"n":"Amandes effilées Couleurs Vives 125g","p":1.99,"u":"15,92 €/KG","img":"https://fd6-photos.leclercdrive.fr/image.ashx?id=2211194&use=l&cat=p&typeid=i","cat":284504},{"id":2524,"n":"Amandes Couleurs Vives En poudre - 125g","p":1.97,"u":"15,76 €/KG","img":"https://fd6-photos.leclercdrive.fr/image.ashx?id=2896871&use=l&cat=p&typeid=i","cat":284504},{"id":2529,"n":"Salade composée Notre Jardin 400g","p":1.24,"u":"3,10 €/KG","img":"https://fd6-photos.leclercdrive.fr/image.ashx?id=2693306&use=l&cat=p&typeid=i","cat":284353},{"id":2530,"n":"Salade Notre Jardin Mâche - 125g","p":0.95,"u":"7,60 €/KG","img":"https://fd6-photos.leclercdrive.fr/image.ashx?id=2739514&use=l&cat=p&typeid=i","cat":284353},{"id":2532,"n":"Laitue Iceberg Notre Jardin 300g","p":0.89,"u":"2,97 €/KG","img":"https://fd6-photos.leclercdrive.fr/image.ashx?id=2727368&use=l&cat=p&typeid=i","cat":284353},{"id":2568,"n":"Laque Cheveux L'Oréal Paris Fixation forte - 150ml","p":4.43,"u":"29,53 €/L","img":"https://fd6-photos.leclercdrive.fr/image.ashx?id=2576157&use=l&cat=p&typeid=i","cat":284609},{"id":2570,"n":"Spray Cheveux L'Oréal Paris Fixation Normale - 150ml","p":4.08,"u":"27,20 €/L","img":"https://fd6-photos.leclercdrive.fr/image.ashx?id=2576160&use=l&cat=p&typeid=i","cat":284609},{"id":2571,"n":"Gel Coiffant L'Oréal Paris Ultra Fixant 24H - 150ml","p":3.51,"u":"23,40 €/L","img":"https://fd6-photos.leclercdrive.fr/image.ashx?id=2576163&use=l&cat=p&typeid=i","cat":284609},{"id":2574,"n":"Gel Coiffant L'Oréal Paris Gel Ultra Fixant 24h - 150ml","p":4.31,"u":"28,73 €/L","img":"https://fd6-photos.leclercdrive.fr/image.ashx?id=2833240&use=l&cat=p&typeid=i","cat":284609},{"id":2576,"n":"Soin anti-âge L'Oréal Paris Age Perfect - 50ml","p":6.91,"u":"138,20 €/L","img":"https://fd6-photos.leclercdrive.fr/image.ashx?id=2867356&use=l&cat=p&typeid=i","cat":325345},{"id":2588,"n":"Eau minérale Thonon 6x1.5L","p":2.76,"u":"0,31 €/L","img":"https://fd6-photos.leclercdrive.fr/image.ashx?id=2915557&use=l&cat=p&typeid=i","cat":284535},{"id":2593,"n":"Eau minérale naturelle Contrex 6x50cl","p":2.15,"u":"0,72 €/L","img":"https://fd6-photos.leclercdrive.fr/image.ashx?id=2731714&use=l&cat=p&typeid=i","cat":284535},{"id":2613,"n":"Lait demi-écrémé UHT Délisse Bouteille - 6x1L","p":6.3,"u":"1,05 €/L","img":"https://fd6-photos.leclercdrive.fr/image.ashx?id=2970530&use=l&cat=p&typeid=i","cat":284377},{"id":2614,"n":"Lait demi-écrémé Délisse UHT Bouteille -  6x50cl","p":4.74,"u":"1,58 €/L","img":"https://fd6-photos.leclercdrive.fr/image.ashx?id=2970557&use=l&cat=p&typeid=i","cat":284377},{"id":2618,"n":"Lait chèvre demi-écrémé Lactel UHT Bouteille - 6x1L","p":14.75,"u":"2,46 €/L","img":"https://fd6-photos.leclercdrive.fr/image.ashx?id=2873961&use=l&cat=p&typeid=i","cat":295251},{"id":2623,"n":"Joker Pur Jus Engagé  Multifruits - 1L","p":2.31,"u":"2,31 €/L","img":"https://fd6-photos.leclercdrive.fr/image.ashx?id=3001287&use=l&cat=p&typeid=i","cat":284917},{"id":2638,"n":"Eau minérale Courmayeur 6x1.5L","p":2.52,"u":"0,28 €/L","img":"https://fd6-photos.leclercdrive.fr/image.ashx?id=2964105&use=l&cat=p&typeid=i","cat":284535},{"id":2649,"n":"Eau de source de Montagne 6x1.5L","p":1.66,"u":"0,18 €/L","img":"https://fd6-photos.leclercdrive.fr/image.ashx?id=2727617&use=l&cat=p&typeid=i","cat":284535},{"id":2650,"n":"Whisky William Lawson's Finest Blend 40° - 100cl","p":17.88,"u":"17,88 €/L","img":"https://fd6-photos.leclercdrive.fr/image.ashx?id=2966134&use=l&cat=p&typeid=i","cat":284547},{"id":2722,"n":"Yaourts aromatisés Délisse Vanille - 8x125g","p":2.58,"u":"2,58 €/KG","img":"https://fd6-photos.leclercdrive.fr/image.ashx?id=2816121&use=l&cat=p&typeid=i","cat":286006},{"id":2729,"n":"Pistaches grillées à sec Tokapi 300g","p":3.86,"u":"12,87 €/KG","img":"https://fd6-photos.leclercdrive.fr/image.ashx?id=2994172&use=l&cat=p&typeid=i","cat":284448},{"id":2737,"n":"Eau minérale Des Alpes  6x1.5L","p":2.1,"u":"0,23 €/L","img":"https://fd6-photos.leclercdrive.fr/image.ashx?id=2768667&use=l&cat=p&typeid=i","cat":284535},{"id":2742,"n":"Eau gazeuse San Pellegrino Minérale naturelle - 6x1L","p":3.84,"u":"0,64 €/L","img":"https://fd6-photos.leclercdrive.fr/image.ashx?id=2740316&use=l&cat=p&typeid=i","cat":284536},{"id":2751,"n":"Boisson lactée Candy'UP Chocolat - 6x1L","p":11.58,"u":"1,93 €/L","img":"https://fd6-photos.leclercdrive.fr/image.ashx?id=2675957&use=l&cat=p&typeid=i","cat":295246},{"id":2755,"n":"Lait demi-écrémé Lactel Vitamine D Bouteille - 6x1l","p":7.39,"u":"1,23 €/L","img":"https://fd6-photos.leclercdrive.fr/image.ashx?id=2889424&use=l&cat=p&typeid=i","cat":284377},{"id":2757,"n":"Lait Bio demi-écrémé Lactel  UHT Bouteille - 6x1l","p":9.6,"u":"1,60 €/L","img":"https://fd6-photos.leclercdrive.fr/image.ashx?id=2886918&use=l&cat=p&typeid=i","cat":284377},{"id":2758,"n":"Lait Matin Léger de Lactel Sans lactose 1.2% mg - 6x50cl","p":5.9,"u":"1,97 €/L","img":"https://fd6-photos.leclercdrive.fr/image.ashx?id=2883564&use=l&cat=p&typeid=i","cat":317169},{"id":2759,"n":"Lait Matin Léger de Lactel Sans lactose 1.2% mg - 6x1L","p":10.02,"u":"1,67 €/L","img":"https://fd6-photos.leclercdrive.fr/image.ashx?id=2883125&use=l&cat=p&typeid=i","cat":317169},{"id":2760,"n":"Lait vitaminé Viva Candia  1%MG Brique - 6x1L","p":6.12,"u":"1,02 €/L","img":"https://fd6-photos.leclercdrive.fr/image.ashx?id=2891511&use=l&cat=p&typeid=i","cat":317169},{"id":2776,"n":"Crème Mains Réparatrice Mixa Mains abîmées - 100ml","p":2.3,"u":"23,00 €/L","img":"https://fd6-photos.leclercdrive.fr/image.ashx?id=2276024&use=l&cat=p&typeid=i","cat":325354},{"id":2777,"n":"Crème mains protectrice Mixa Anti-dessèchement - 100ml","p":2.24,"u":"22,40 €/L","img":"https://fd6-photos.leclercdrive.fr/image.ashx?id=2299873&use=l&cat=p&typeid=i","cat":325354},{"id":2779,"n":"Whisky William Lawson's Finest Blend 40° - 70cl","p":13.0,"u":"18,57 €/L","img":"https://fd6-photos.leclercdrive.fr/image.ashx?id=2848340&use=l&cat=p&typeid=i","cat":284547},{"id":2799,"n":"Fromage frais Délisse Fruits panachés - 24x50g","p":2.88,"u":"2,40 €/KG","img":"https://fd6-photos.leclercdrive.fr/image.ashx?id=2922494&use=l&cat=p&typeid=i","cat":284414},{"id":2813,"n":"Pizza Chèvre Turini Cuite au feu de bois - 420g","p":2.21,"u":"5,26 €/KG","img":"https://fd6-photos.leclercdrive.fr/image.ashx?id=2815214&use=l&cat=p&typeid=i","cat":284256},{"id":2814,"n":"Pizza 4 fromages Turini Cuite au feu de bois - 420g","p":2.23,"u":"5,31 €/KG","img":"https://fd6-photos.leclercdrive.fr/image.ashx?id=2815211&use=l&cat=p&typeid=i","cat":284256},{"id":2822,"n":"Pomme de terre de consommation Lunor entières précuites 500g","p":1.64,"u":"3,28 €/KG","img":"https://fd6-photos.leclercdrive.fr/image.ashx?id=2276768&use=l&cat=p&typeid=i","cat":284352},{"id":2877,"n":"Chaussons aux pommes  4x1 p","p":3.2,"u":"0,80 €/P","img":"https://fd6-photos.leclercdrive.fr/image.ashx?id=2071013&use=l&cat=p&typeid=i","cat":284984},{"id":2896,"n":"Endive Sachet 1kg","p":2.99,"u":"2,99 €/KG","img":"https://fd6-photos.leclercdrive.fr/image.ashx?id=558004&use=l&cat=p&typeid=i","cat":284352},{"id":2929,"n":"Biscuits raisins GERBLE   - 4x4, 270g","p":1.72,"u":"6,37 €/KG","img":"https://fd6-photos.leclercdrive.fr/image.ashx?id=2662298&use=l&cat=p&typeid=i","cat":318651},{"id":2930,"n":"Biscuits pomme noisette GERBLE   4x4 - 230g","p":1.51,"u":"6,57 €/KG","img":"https://fd6-photos.leclercdrive.fr/image.ashx?id=2967753&use=l&cat=p&typeid=i","cat":318651},{"id":2931,"n":"Biscuit chocolat noir Gerblé  - 150g","p":1.97,"u":"13,13 €/KG","img":"https://fd6-photos.leclercdrive.fr/image.ashx?id=2664001&use=l&cat=p&typeid=i","cat":318651},{"id":2933,"n":"Germe de blé Gerblé 250g","p":1.87,"u":"7,48 €/KG","img":"https://fd6-photos.leclercdrive.fr/image.ashx?id=2575060&use=l&cat=p&typeid=i","cat":288382},{"id":2934,"n":"Barres Amande GERBLE   - 6 sachets 150g","p":2.6,"u":"17,33 €/KG","img":"https://fd6-photos.leclercdrive.fr/image.ashx?id=2664088&use=l&cat=p&typeid=i","cat":318652},{"id":2935,"n":"Biscuits écorce confite GERBLE   - 4x5,  360g","p":1.64,"u":"4,56 €/KG","img":"https://fd6-photos.leclercdrive.fr/image.ashx?id=2662907&use=l&cat=p&typeid=i","cat":318651},{"id":2937,"n":"Biscuits goûter chocolat GERBLE  - 3x4,  250g","p":1.53,"u":"6,12 €/KG","img":"https://fd6-photos.leclercdrive.fr/image.ashx?id=2625181&use=l&cat=p&typeid=i","cat":318651},{"id":2938,"n":"Biscuits germe de blé GERBLE   - 5x5, 210g","p":1.29,"u":"6,14 €/KG","img":"https://fd6-photos.leclercdrive.fr/image.ashx?id=2573540&use=l&cat=p&typeid=i","cat":318651},{"id":2939,"n":"Galette bio Céréal Bio  Sarrasin Emmental x2 - 200g","p":2.1,"u":"10,50 €/KG","img":"https://fd6-photos.leclercdrive.fr/image.ashx?id=2590589&use=l&cat=p&typeid=i","cat":284953},{"id":2950,"n":"Biscuits lait chocolat GERBLE   - 5x4, 230g","p":1.53,"u":"6,65 €/KG","img":"https://fd6-photos.leclercdrive.fr/image.ashx?id=2575030&use=l&cat=p&typeid=i","cat":318651},{"id":2968,"n":"Tablette chocolat Milka Chocolat lait/caramel - 2x100g","p":3.22,"u":"16,10 €/KG","img":"https://fd6-photos.leclercdrive.fr/image.ashx?id=3009146&use=l&cat=p&typeid=i","cat":284497},{"id":2969,"n":"Sticks et bretzels Tokapi 300g","p":1.2,"u":"4,00 €/KG","img":"https://fd6-photos.leclercdrive.fr/image.ashx?id=2431104&use=l&cat=p&typeid=i","cat":297000},{"id":2971,"n":"Chips ondulées Pom'Lisse  Nature - 150g","p":0.94,"u":"6,27 €/KG","img":"https://fd6-photos.leclercdrive.fr/image.ashx?id=2657196&use=l&cat=p&typeid=i","cat":284447},{"id":2973,"n":"Chips Pom'Lisse Barbecue - 135g","p":0.98,"u":"7,26 €/KG","img":"https://fd6-photos.leclercdrive.fr/image.ashx?id=2774046&use=l&cat=p&typeid=i","cat":284447},{"id":2988,"n":"Dessert fruits mixés Sojasun Framboise / Passion - 4x100g","p":1.65,"u":"4,13 €/KG","img":"https://fd6-photos.leclercdrive.fr/image.ashx?id=2355671&use=l&cat=p&typeid=i","cat":316071},{"id":2989,"n":"Yaourt Sojasun Morceaux de figues - 4x100g","p":1.76,"u":"4,40 €/KG","img":"https://fd6-photos.leclercdrive.fr/image.ashx?id=2389704&use=l&cat=p&typeid=i","cat":316071},{"id":2994,"n":"Chicorée soluble Leroux Nature - 200g","p":4.34,"u":"21,70 €/KG","img":"https://fd6-photos.leclercdrive.fr/image.ashx?id=2693512&use=l&cat=p&typeid=i","cat":284843},{"id":3000,"n":"Oeufs frais plein air Bio Bio Village - x6","p":2.09,"u":"0,35 €/P","img":"https://fd6-photos.leclercdrive.fr/image.ashx?id=2724868&use=l&cat=p&typeid=i","cat":284378},{"id":3010,"n":"Sauce Mexicaine Tables du Monde Hot - 315g","p":1.49,"u":"4,73 €/KG","img":"https://fd6-photos.leclercdrive.fr/image.ashx?id=2476960&use=l&cat=p&typeid=i","cat":288993},{"id":3011,"n":"Sauce Mexicaine Tables du Monde Medium - 315g","p":1.49,"u":"4,73 €/KG","img":"https://fd6-photos.leclercdrive.fr/image.ashx?id=2476963&use=l&cat=p&typeid=i","cat":288993},{"id":3012,"n":"Sauce Fajitas Tables du Monde 430g","p":1.97,"u":"4,58 €/KG","img":"https://fd6-photos.leclercdrive.fr/image.ashx?id=2470228&use=l&cat=p&typeid=i","cat":288993},{"id":3013,"n":"Pain de mie 7 céréales Epi d'Or Grandes tranches - 550g","p":1.19,"u":"2,16 €/KG","img":"https://fd6-photos.leclercdrive.fr/image.ashx?id=1959532&use=l&cat=p&typeid=i","cat":284477},{"id":3014,"n":"Brioche tressée Epi d'Or Pépites de chocolat - 600g","p":2.36,"u":"3,93 €/KG","img":"https://fd6-photos.leclercdrive.fr/image.ashx?id=2867898&use=l&cat=p&typeid=i","cat":284478},{"id":3028,"n":"Brioche tranchée Epi d'Or Pépites de chocolat 500g","p":2.09,"u":"4,18 €/KG","img":"https://fd6-photos.leclercdrive.fr/image.ashx?id=2867901&use=l&cat=p&typeid=i","cat":284478},{"id":3033,"n":"Pâtes fraîches Turini Fettuccini - 350g","p":1.49,"u":"4,26 €/KG","img":"https://fd6-photos.leclercdrive.fr/image.ashx?id=2882313&use=l&cat=p&typeid=i","cat":333682},{"id":3034,"n":"Fromage Parmesan Parmareggio 60g","p":1.45,"u":"24,17 €/KG","img":"https://fd6-photos.leclercdrive.fr/image.ashx?id=2975458&use=l&cat=p&typeid=i","cat":314035},{"id":3040,"n":"Beurre moulé bio Bio Village Doux - 82% MG - 250g","p":3.03,"u":"12,12 €/KG","img":"https://fd6-photos.leclercdrive.fr/image.ashx?id=2437052&use=l&cat=p&typeid=i","cat":284379},{"id":3041,"n":"Beurre moulé bio Bio Village Demi-sel - 80% MG - 250g","p":3.08,"u":"12,32 €/KG","img":"https://fd6-photos.leclercdrive.fr/image.ashx?id=2437055&use=l&cat=p&typeid=i","cat":284379},{"id":3052,"n":"Dentifrice Menthe Fluoryl Gencives Sensibles - 75ml","p":2.04,"u":"27,20 €/L","img":"https://fd6-photos.leclercdrive.fr/image.ashx?id=2473312&use=l&cat=p&typeid=i","cat":284612},{"id":3055,"n":"Gel à raser féminin Siliss Velours abricot - 200ml","p":1.69,"u":"8,45 €/L","img":"https://fd6-photos.leclercdrive.fr/image.ashx?id=2699408&use=l&cat=p&typeid=i","cat":325352},{"id":3064,"n":"Cotons Démaquillants Demak'Up Expert - Disques - x70","p":1.36,"u":"0,02 €/P","img":"https://fd6-photos.leclercdrive.fr/image.ashx?id=2970909&use=l&cat=p&typeid=i","cat":284636},{"id":3070,"n":"Serviette hygiénique Doulys Ultra - Normal+  - x14","p":1.29,"u":"0,09 €/P","img":"https://fd6-photos.leclercdrive.fr/image.ashx?id=2838915&use=l&cat=p&typeid=i","cat":284624},{"id":3072,"n":"Serviette hygiénique Doulys Maxi confort - Super - x16","p":1.45,"u":"0,09 €/P","img":"https://fd6-photos.leclercdrive.fr/image.ashx?id=2838912&use=l&cat=p&typeid=i","cat":284624},{"id":3089,"n":"Sauce Béchamel Elle&Vire au Lait Entier - 33cl","p":1.94,"u":"5,88 €/L","img":"https://fd6-photos.leclercdrive.fr/image.ashx?id=2835992&use=l&cat=p&typeid=i","cat":284382},{"id":3093,"n":"Cake fruits P'tit déli Tranché 300g","p":1.66,"u":"5,53 €/KG","img":"https://fd6-photos.leclercdrive.fr/image.ashx?id=2823078&use=l&cat=p&typeid=i","cat":284493},{"id":3099,"n":"Mini cakes P'tit Déli  aux fruits x10","p":2.94,"u":"9,80 €/KG","img":"https://fd6-photos.leclercdrive.fr/image.ashx?id=2047019&use=l&cat=p&typeid=i","cat":284493},{"id":3101,"n":"Biscuits fourrés Chamonix LU Orange - 250g","p":1.6,"u":"6,40 €/KG","img":"https://fd6-photos.leclercdrive.fr/image.ashx?id=2982982&use=l&cat=p&typeid=i","cat":284489},{"id":3106,"n":"Biscuits Cookies P'tit Déli Noix coco Chocolat - 200g","p":1.39,"u":"6,95 €/KG","img":"https://fd6-photos.leclercdrive.fr/image.ashx?id=2171539&use=l&cat=p&typeid=i","cat":325066},{"id":3107,"n":"Biscuits petit beurre LU Pocket - 300g","p":1.94,"u":"6,47 €/KG","img":"https://fd6-photos.leclercdrive.fr/image.ashx?id=3001940&use=l&cat=p&typeid=i","cat":284487},{"id":3108,"n":"Biscuits petit déjeuner Prince Céréales - 300g","p":2.09,"u":"6,97 €/KG","img":"https://fd6-photos.leclercdrive.fr/image.ashx?id=2346648&use=l&cat=p&typeid=i","cat":284491},{"id":3123,"n":"Plat bébé Blédina 8 mois  Pomme de terre poulet - 2x200g","p":2.68,"u":"6,70 €/KG","img":"https://fd6-photos.leclercdrive.fr/image.ashx?id=2975056&use=l&cat=p&typeid=i","cat":312236},{"id":3126,"n":"Compote bébé Blédina 4-6 mois Banane - 2x130g","p":1.11,"u":"4,27 €/KG","img":"https://fd6-photos.leclercdrive.fr/image.ashx?id=2951548&use=l&cat=p&typeid=i","cat":312387},{"id":3142,"n":"Café et Chicorée Soluble Ricoré  Original - 100g","p":2.74,"u":"27,40 €/KG","img":"https://fd6-photos.leclercdrive.fr/image.ashx?id=2951542&use=l&cat=p&typeid=i","cat":284843},{"id":3144,"n":"Chocolat Tablette d'Or noir Extra 47% cacao 3x100g","p":2.77,"u":"9,23 €/KG","img":"https://fd6-photos.leclercdrive.fr/image.ashx?id=2882310&use=l&cat=p&typeid=i","cat":284956},{"id":3147,"n":"Madeleines P'tit déli coquilles 500g","p":1.7,"u":"3,40 €/KG","img":"https://fd6-photos.leclercdrive.fr/image.ashx?id=2999484&use=l&cat=p&typeid=i","cat":284492},{"id":3148,"n":"Madeleines longues P'tit déli Marbrées chocolat 250g","p":1.45,"u":"5,80 €/KG","img":"https://fd6-photos.leclercdrive.fr/image.ashx?id=2999490&use=l&cat=p&typeid=i","cat":284492},{"id":3151,"n":"Café moulu Plantation  Tradition - 250g","p":2.51,"u":"10,04 €/KG","img":"https://fd6-photos.leclercdrive.fr/image.ashx?id=2607401&use=l&cat=p&typeid=i","cat":284750},{"id":3152,"n":"Café Plantation  Kenya - 250g","p":3.87,"u":"15,48 €/KG","img":"https://fd6-photos.leclercdrive.fr/image.ashx?id=2607431&use=l&cat=p&typeid=i","cat":284750},{"id":3153,"n":"Café moulu Plantation  Tradition décaféiné - 250g","p":2.95,"u":"11,80 €/KG","img":"https://fd6-photos.leclercdrive.fr/image.ashx?id=2607407&use=l&cat=p&typeid=i","cat":284750},{"id":3158,"n":"Café moulu Plantation  doux - 2x250g","p":6.88,"u":"13,76 €/KG","img":"https://fd6-photos.leclercdrive.fr/image.ashx?id=2607428&use=l&cat=p&typeid=i","cat":284750},{"id":3166,"n":"Dessert fruitier pomme Douceur du Verger 16x100g","p":2.8,"u":"1,75 €/KG","img":"https://fd6-photos.leclercdrive.fr/image.ashx?id=3009776&use=l&cat=p&typeid=i","cat":284416},{"id":3169,"n":"Tortellini iTurini Ricotta épinard - 300g","p":1.49,"u":"4,97 €/KG","img":"https://fd6-photos.leclercdrive.fr/image.ashx?id=2869266&use=l&cat=p&typeid=i","cat":333682},{"id":3171,"n":"Tortellini Turini Jambon cru - 250g","p":1.99,"u":"7,96 €/KG","img":"https://fd6-photos.leclercdrive.fr/image.ashx?id=2778039&use=l&cat=p&typeid=i","cat":333682},{"id":3186,"n":"Liquide vaisselle Visior citron 1,5L","p":2.15,"u":"1,43 €/L","img":"https://fd6-photos.leclercdrive.fr/image.ashx?id=2930852&use=l&cat=p&typeid=i","cat":284655},{"id":3192,"n":"Détachant sans javel Textil 2L","p":3.19,"u":"1,60 €/L","img":"https://fd6-photos.leclercdrive.fr/image.ashx?id=2988036&use=l&cat=p&typeid=i","cat":284651},{"id":3193,"n":"Aérosol désodorisant Oust Fraîcheur propre 300ml","p":2.18,"u":"7,27 €/L","img":"https://fd6-photos.leclercdrive.fr/image.ashx?id=1715230&use=l&cat=p&typeid=i","cat":311626},{"id":3200,"n":"Petits pains grillés Epi d'Or  Froment - 225g","p":0.79,"u":"3,51 €/KG","img":"https://fd6-photos.leclercdrive.fr/image.ashx?id=2496410&use=l&cat=p&typeid=i","cat":284479},{"id":3208,"n":"Confiture Allégée aux Fraises Andros - 350g","p":1.73,"u":"4,94 €/KG","img":"https://fd6-photos.leclercdrive.fr/image.ashx?id=2911229&use=l&cat=p&typeid=i","cat":284480},{"id":3215,"n":"Riz long Comptoir du Grain Etuvé - 1kg","p":1.72,"u":"1,72 €/KG","img":"https://fd6-photos.leclercdrive.fr/image.ashx?id=2076640&use=l&cat=p&typeid=i","cat":284428},{"id":3217,"n":"Riz Basmati Comptoir du Grain Sélection Riz long - 500g","p":1.35,"u":"2,70 €/KG","img":"https://fd6-photos.leclercdrive.fr/image.ashx?id=2076643&use=l&cat=p&typeid=i","cat":284428},{"id":3220,"n":"Céréales Tipiak - Blé Maïs Soja Prêt en 4 min - 400g","p":1.78,"u":"4,45 €/KG","img":"https://fd6-photos.leclercdrive.fr/image.ashx?id=2989144&use=l&cat=p&typeid=i","cat":284429},{"id":3221,"n":"Purée pomme de terre Pom'lisse Nature - 8x125g - 1kg","p":3.19,"u":"3,19 €/KG","img":"https://fd6-photos.leclercdrive.fr/image.ashx?id=2929864&use=l&cat=p&typeid=i","cat":284431},{"id":3223,"n":"Pâtes capellini Panzani 500g","p":1.09,"u":"2,18 €/KG","img":"https://fd6-photos.leclercdrive.fr/image.ashx?id=2876038&use=l&cat=p&typeid=i","cat":284427},{"id":3224,"n":"Pâtes Barilla Spaghetti n°5 - 1kg","p":1.85,"u":"1,85 €/KG","img":"https://fd6-photos.leclercdrive.fr/image.ashx?id=2481182&use=l&cat=p&typeid=i","cat":284427},{"id":3225,"n":"Pâtes Lasagnes Panzani - 500G","p":1.88,"u":"3,76 €/KG","img":"https://fd6-photos.leclercdrive.fr/image.ashx?id=2896105&use=l&cat=p&typeid=i","cat":284427},{"id":3226,"n":"Pâtes cannelloni Panzani  A farcir - 250g","p":1.16,"u":"4,64 €/KG","img":"https://fd6-photos.leclercdrive.fr/image.ashx?id=2896108&use=l&cat=p&typeid=i","cat":284427},{"id":3233,"n":"Haricots verts Notre Jardin Extra fins - 220g","p":1.89,"u":"8,59 €/KG","img":"https://fd6-photos.leclercdrive.fr/image.ashx?id=2988018&use=l&cat=p&typeid=i","cat":312606},{"id":3239,"n":"Biscuit Petit beurre P'tit Déli Tablette chocolat noir - 150g","p":1.35,"u":"9,00 €/KG","img":"https://fd6-photos.leclercdrive.fr/image.ashx?id=2711641&use=l&cat=p&typeid=i","cat":284488},{"id":3240,"n":"Biscuit Petit beurre P'tit Déli Tablette lait noisette - 150g","p":1.61,"u":"10,73 €/KG","img":"https://fd6-photos.leclercdrive.fr/image.ashx?id=2523673&use=l&cat=p&typeid=i","cat":284488},{"id":3255,"n":"Bûche glacée Eskiss Fruits exotiques - 570g","p":3.89,"u":"6,82 €/KG","img":"https://fd6-photos.leclercdrive.fr/image.ashx?id=2209846&use=l&cat=p&typeid=i","cat":284266},{"id":3256,"n":"Bûche glacée Eskiss Crème brulée - 527g","p":3.75,"u":"7,12 €/KG","img":"https://fd6-photos.leclercdrive.fr/image.ashx?id=2791257&use=l&cat=p&typeid=i","cat":284266},{"id":3257,"n":"Bûche glacée Eskiss 3 chocolats - 536g","p":3.75,"u":"7,00 €/KG","img":"https://fd6-photos.leclercdrive.fr/image.ashx?id=2791254&use=l&cat=p&typeid=i","cat":284266},{"id":3258,"n":"Champignons Paris Notre Jardin Pieds et morceaux - 460g","p":2.29,"u":"4,98 €/KG","img":"https://fd6-photos.leclercdrive.fr/image.ashx?id=2553893&use=l&cat=p&typeid=i","cat":312610},{"id":3263,"n":"Champignons Paris Notre Jardin Entiers - 460g","p":2.69,"u":"5,85 €/KG","img":"https://fd6-photos.leclercdrive.fr/image.ashx?id=2553887&use=l&cat=p&typeid=i","cat":312610},{"id":3269,"n":"Coeurs de palmiers Notre Jardin Extra tendres - 220g","p":2.27,"u":"10,32 €/KG","img":"https://fd6-photos.leclercdrive.fr/image.ashx?id=2072701&use=l&cat=p&typeid=i","cat":312611},{"id":3271,"n":"Maïs Notre Jardin Tendre - 3x140g","p":1.89,"u":"4,50 €/KG","img":"https://fd6-photos.leclercdrive.fr/image.ashx?id=3005664&use=l&cat=p&typeid=i","cat":312611},{"id":3272,"n":"Asperges blanches grosses Notre Jardin - 320g","p":3.49,"u":"10,91 €/KG","img":"https://fd6-photos.leclercdrive.fr/image.ashx?id=2049016&use=l&cat=p&typeid=i","cat":312611},{"id":3277,"n":"Chips à l'ancienne Pom'lisse Nature - 6x30g","p":1.58,"u":"8,78 €/KG","img":"https://fd6-photos.leclercdrive.fr/image.ashx?id=2657193&use=l&cat=p&typeid=i","cat":284447},{"id":3285,"n":"Vinaigre balsamique Rustica 50cl","p":1.57,"u":"3,14 €/L","img":"https://fd6-photos.leclercdrive.fr/image.ashx?id=2765701&use=l&cat=p&typeid=i","cat":298543},{"id":3288,"n":"Chocolats fourrés Mon Chéri  x35 - 368g","p":11.55,"u":"31,39 €/KG","img":"https://fd6-photos.leclercdrive.fr/image.ashx?id=2945002&use=l&cat=p&typeid=i","cat":327601},{"id":3292,"n":"Tomates pelées Notre Jardin Entières - 238g","p":0.85,"u":"3,57 €/KG","img":"https://fd6-photos.leclercdrive.fr/image.ashx?id=2190002&use=l&cat=p&typeid=i","cat":312608},{"id":3305,"n":"Sauce Provençale Turini 420g","p":0.97,"u":"2,31 €/KG","img":"https://fd6-photos.leclercdrive.fr/image.ashx?id=2047010&use=l&cat=p&typeid=i","cat":287599},{"id":3307,"n":"Cidre bouché Les Goelleries Normand brut 5.5%vol. - 75cl","p":1.79,"u":"2,39 €/L","img":"https://fd6-photos.leclercdrive.fr/image.ashx?id=2842196&use=l&cat=p&typeid=i","cat":334880},{"id":3309,"n":"Pur jus de pomme Jafaden 1L","p":1.34,"u":"1,34 €/L","img":"https://fd6-photos.leclercdrive.fr/image.ashx?id=2955632&use=l&cat=p&typeid=i","cat":284522},{"id":3310,"n":"Pur jus de pomme Bio Village Bio - 1L","p":1.49,"u":"1,49 €/L","img":"https://fd6-photos.leclercdrive.fr/image.ashx?id=2901527&use=l&cat=p&typeid=i","cat":284522},{"id":3311,"n":"Thé glacé Fresh Tea Pêche - 1,5L","p":1.25,"u":"0,83 €/L","img":"https://fd6-photos.leclercdrive.fr/image.ashx?id=2622242&use=l&cat=p&typeid=i","cat":295019},{"id":3316,"n":"Sirop Frucci Grenadine - 1L","p":2.76,"u":"2,76 €/L","img":"https://fd6-photos.leclercdrive.fr/image.ashx?id=2954073&use=l&cat=p&typeid=i","cat":295020},{"id":3323,"n":"Dentifrice Sanogyl Soin gencives 75ml","p":2.75,"u":"36,67 €/L","img":"https://fd6-photos.leclercdrive.fr/image.ashx?id=2734018&use=l&cat=p&typeid=i","cat":284612},{"id":3338,"n":"Protège-slips Doulys Mince - Plié - x30","p":1.24,"u":"0,04 €/P","img":"https://fd6-photos.leclercdrive.fr/image.ashx?id=2824129&use=l&cat=p&typeid=i","cat":284625},{"id":3343,"n":"Vodka Poliakov 37.5%vol - 70cl","p":11.1,"u":"15,86 €/L","img":"https://fd6-photos.leclercdrive.fr/image.ashx?id=2810759&use=l&cat=p&typeid=i","cat":284550},{"id":3344,"n":"Nectar Jafaden Banane - 1L","p":2.09,"u":"2,09 €/L","img":"https://fd6-photos.leclercdrive.fr/image.ashx?id=2955701&use=l&cat=p&typeid=i","cat":284915},{"id":3345,"n":"Nectar Jafaden Poire - 1L","p":2.49,"u":"2,49 €/L","img":"https://fd6-photos.leclercdrive.fr/image.ashx?id=2955695&use=l&cat=p&typeid=i","cat":284915},{"id":3355,"n":"World Mix Haribo Sachet bonbons - 500g","p":3.17,"u":"6,34 €/KG","img":"https://fd6-photos.leclercdrive.fr/image.ashx?id=2805207&use=l&cat=p&typeid=i","cat":304250},{"id":3356,"n":"Banan's Haribo Sachet bonbons - 300g","p":1.65,"u":"5,50 €/KG","img":"https://fd6-photos.leclercdrive.fr/image.ashx?id=1739936&use=l&cat=p&typeid=i","cat":304250},{"id":3359,"n":"Compote Andros Pomme 750g","p":1.52,"u":"2,03 €/KG","img":"https://fd6-photos.leclercdrive.fr/image.ashx?id=2327716&use=l&cat=p&typeid=i","cat":284508},{"id":3361,"n":"Pâtée chats Gourmet gold Mousselines 4x85g","p":1.92,"u":"5,65 €/KG","img":"https://fd6-photos.leclercdrive.fr/image.ashx?id=2711103&use=l&cat=p&typeid=i","cat":285286},{"id":3364,"n":"Huile de douche Manava Bien être oriental 250ml","p":1.16,"u":"4,64 €/L","img":"https://fd6-photos.leclercdrive.fr/image.ashx?id=2809659&use=l&cat=p&typeid=i","cat":284594},{"id":3365,"n":"Gel douche et shampooing Carré Homme Dynamisante - 250ml","p":1.15,"u":"4,60 €/L","img":"https://fd6-photos.leclercdrive.fr/image.ashx?id=1543589&use=l&cat=p&typeid=i","cat":284619},{"id":3371,"n":"Kit Fajitas Tables du Monde 505g","p":2.79,"u":"5,52 €/KG","img":"https://fd6-photos.leclercdrive.fr/image.ashx?id=2679726&use=l&cat=p&typeid=i","cat":288993},{"id":3372,"n":"Terrines Tous Mes Amis Pour chats  3 saveurs - 3x400g","p":3.29,"u":"2,74 €/KG","img":"https://fd6-photos.leclercdrive.fr/image.ashx?id=2865050&use=l&cat=p&typeid=i","cat":285601},{"id":3373,"n":"Tortillas Tables du Monde Galettes de blé x8 320g","p":1.71,"u":"5,34 €/KG","img":"https://fd6-photos.leclercdrive.fr/image.ashx?id=2679729&use=l&cat=p&typeid=i","cat":288993},{"id":3376,"n":"Café moulu Bio Village Bio  Pérou - 250g","p":4.21,"u":"16,84 €/KG","img":"https://fd6-photos.leclercdrive.fr/image.ashx?id=2552436&use=l&cat=p&typeid=i","cat":284750},{"id":3387,"n":"Gel à raser Carré Homme Vitaminé protecteur 200ml","p":1.89,"u":"9,45 €/L","img":"https://fd6-photos.leclercdrive.fr/image.ashx?id=2704642&use=l&cat=p&typeid=i","cat":284617},{"id":3395,"n":"Dentifrice Dentamyl Aux plantes 75ml","p":0.94,"u":"12,53 €/L","img":"https://fd6-photos.leclercdrive.fr/image.ashx?id=2489104&use=l&cat=p&typeid=i","cat":284612},{"id":3396,"n":"Dentifrice Dentamyl Haleine fraîche 75ml","p":0.76,"u":"10,13 €/L","img":"https://fd6-photos.leclercdrive.fr/image.ashx?id=2489101&use=l&cat=p&typeid=i","cat":284612},{"id":3401,"n":"Serviette hygiénique Doulys Maxi - Spécial nuit - x12","p":0.95,"u":"0,08 €/P","img":"https://fd6-photos.leclercdrive.fr/image.ashx?id=2838927&use=l&cat=p&typeid=i","cat":284624},{"id":3413,"n":"Asperges blanches Notre Jardin Pointes - 110g","p":2.35,"u":"21,36 €/KG","img":"https://fd6-photos.leclercdrive.fr/image.ashx?id=2049022&use=l&cat=p&typeid=i","cat":312611},{"id":3414,"n":"Asperges vertes Moyennes Notre Jardin - 185g PNE","p":2.08,"u":"11,24 €/KG","img":"https://fd6-photos.leclercdrive.fr/image.ashx?id=2049025&use=l&cat=p&typeid=i","cat":312611},{"id":3416,"n":"Ratatouille Notre Jardin A la provençale - 750g","p":1.29,"u":"1,72 €/KG","img":"https://fd6-photos.leclercdrive.fr/image.ashx?id=2526291&use=l&cat=p&typeid=i","cat":312612},{"id":3424,"n":"Plat moussaka Côté table 850g","p":4.63,"u":"5,45 €/KG","img":"https://fd6-photos.leclercdrive.fr/image.ashx?id=2045175&use=l&cat=p&typeid=i","cat":284254},{"id":3428,"n":"Feuilletés paniers Côté Table St Jacques Fruits de mer 4x100g","p":4.45,"u":"11,13 €/KG","img":"https://fd6-photos.leclercdrive.fr/image.ashx?id=2549379&use=l&cat=p&typeid=i","cat":319776},{"id":3429,"n":"Lasagnes bolognaises Côté table 1kg","p":3.49,"u":"3,49 €/KG","img":"https://fd6-photos.leclercdrive.fr/image.ashx?id=2545628&use=l&cat=p&typeid=i","cat":284254},{"id":3441,"n":"AOP Freixenet Cava Cordon Negro Brut - 75cl","p":5.7,"u":"7,60 €/L","img":"https://fd6-photos.leclercdrive.fr/image.ashx?id=3011929&use=l&cat=p&typeid=i","cat":289461},{"id":3455,"n":"Saumon et torsades Côté Table  Sauce à l'oseille - 300g","p":2.59,"u":"8,63 €/KG","img":"https://fd6-photos.leclercdrive.fr/image.ashx?id=2809075&use=l&cat=p&typeid=i","cat":284953},{"id":3459,"n":"Petit Pois et Carottes Cassegrain 465g","p":2.66,"u":"5,72 €/KG","img":"https://fd6-photos.leclercdrive.fr/image.ashx?id=2912971&use=l&cat=p&typeid=i","cat":312607},{"id":3461,"n":"Maïs Bonduelle Sans Sucres Ajoutés 285g","p":1.04,"u":"3,65 €/KG","img":"https://fd6-photos.leclercdrive.fr/image.ashx?id=2955303&use=l&cat=p&typeid=i","cat":312611},{"id":3462,"n":"Pain précuit Epi d'Or Demi-baguette x2 - 300g","p":0.68,"u":"2,27 €/KG","img":"https://fd6-photos.leclercdrive.fr/image.ashx?id=2684814&use=l&cat=p&typeid=i","cat":325069},{"id":3476,"n":"Petits pots Hipp Bio risotto Dès 8 mois légumes 2x190g","p":2.63,"u":"6,92 €/KG","img":"https://fd6-photos.leclercdrive.fr/image.ashx?id=2924659&use=l&cat=p&typeid=i","cat":312236},{"id":3477,"n":"Petits pots Hipp Bio jardinière Dès 6 mois légumes 2x190g","p":2.56,"u":"6,74 €/KG","img":"https://fd6-photos.leclercdrive.fr/image.ashx?id=2924656&use=l&cat=p&typeid=i","cat":312235},{"id":3508,"n":"Protège-slips Nana Fraicheur Qutodienne - Plié - x32","p":1.58,"u":"0,05 €/P","img":"https://fd6-photos.leclercdrive.fr/image.ashx?id=2986891&use=l&cat=p&typeid=i","cat":284625},{"id":3517,"n":"Bonbons Haribo Réglisse Carensac - 250g","p":2.04,"u":"8,16 €/KG","img":"https://fd6-photos.leclercdrive.fr/image.ashx?id=2982405&use=l&cat=p&typeid=i","cat":304250},{"id":3520,"n":"Boîtes chiens Lydog Terrines Viande volaille - 4x405g","p":3.48,"u":"2,15 €/KG","img":"https://fd6-photos.leclercdrive.fr/image.ashx?id=2815746&use=l&cat=p&typeid=i","cat":288578},{"id":3525,"n":"Crêpes fourrées P'tit déli Chocolat x8 - 256g","p":1.65,"u":"6,45 €/KG","img":"https://fd6-photos.leclercdrive.fr/image.ashx?id=2656335&use=l&cat=p&typeid=i","cat":284494},{"id":3528,"n":"Gel arnica Mercurochrome 75ml","p":2.76,"u":"36,80 €/L","img":"https://fd6-photos.leclercdrive.fr/image.ashx?id=2663989&use=l&cat=p&typeid=i","cat":284630},{"id":3549,"n":"IGP Pays d'Oc rosé J.P. Chenet 12.5% vol - 75cl","p":3.44,"u":"4,59 €/L","img":"https://fd6-photos.leclercdrive.fr/image.ashx?id=2985108&use=l&cat=p&typeid=i","cat":289558},{"id":3550,"n":"AOP Côtes de Provence rosé Billette Bouquet - 75cl","p":5.86,"u":"7,81 €/L","img":"https://fd6-photos.leclercdrive.fr/image.ashx?id=2625433&use=l&cat=p&typeid=i","cat":289558},{"id":3553,"n":"Whisky Chivas Regal 12 ans Blended Scotch 40% vol - 70cl","p":28.9,"pp":26.01,"u":"37,16 €/L","img":"https://fd6-photos.leclercdrive.fr/image.ashx?id=2914444&use=l&cat=p&typeid=i","cat":284547},{"id":3558,"n":"IGP Pays d'Oc rouge J-P Chenet Cabernet-Syrah 13% vol - 75 cl","p":3.53,"u":"4,71 €/L","img":"https://fd6-photos.leclercdrive.fr/image.ashx?id=2810864&use=l&cat=p&typeid=i","cat":289556},{"id":3559,"n":"IGP Pays d'Oc rouge J-P Chenet Merlot HVE - 75 cl","p":3.2,"u":"4,27 €/L","img":"https://fd6-photos.leclercdrive.fr/image.ashx?id=2837157&use=l&cat=p&typeid=i","cat":289556},{"id":3564,"n":"Vin de l'Union Européenne  La Villageoise - 6x25cl","p":4.73,"u":"3,15 €/L","img":"https://fd6-photos.leclercdrive.fr/image.ashx?id=2731651&use=l&cat=p&typeid=i","cat":289557},{"id":3570,"n":"Concentré à diluer Pulco Citron - 70cl","p":2.21,"u":"3,16 €/L","img":"https://fd6-photos.leclercdrive.fr/image.ashx?id=2687845&use=l&cat=p&typeid=i","cat":295020},{"id":3571,"n":"Nectar Jafaden Abricot - 1L","p":2.59,"u":"2,59 €/L","img":"https://fd6-photos.leclercdrive.fr/image.ashx?id=2955713&use=l&cat=p&typeid=i","cat":284915},{"id":3575,"n":"Litière chats Tous mes Amis Végétale - 10L","p":4.39,"u":"0,44 €/L","img":"https://fd6-photos.leclercdrive.fr/image.ashx?id=2055217&use=l&cat=p&typeid=i","cat":284683},{"id":3576,"n":"Litière chats Tous mes Amis Minérale - Hygiénique - 10L","p":4.65,"u":"0,47 €/L","img":"https://fd6-photos.leclercdrive.fr/image.ashx?id=2055211&use=l&cat=p&typeid=i","cat":284683},{"id":3580,"n":"Le Haricot vert Cueilli Main Bonduelle Extra Fin 280g","p":2.5,"u":"8,93 €/KG","img":"https://fd6-photos.leclercdrive.fr/image.ashx?id=2910019&use=l&cat=p&typeid=i","cat":312606},{"id":3584,"n":"Macédoine de Légumes Bonduelle 530g","p":1.67,"u":"3,15 €/KG","img":"https://fd6-photos.leclercdrive.fr/image.ashx?id=2939235&use=l&cat=p&typeid=i","cat":312612},{"id":3587,"n":"AOP Bordeaux rouge Blaissac - 75cl","p":4.14,"u":"5,52 €/L","img":"https://fd6-photos.leclercdrive.fr/image.ashx?id=2917429&use=l&cat=p&typeid=i","cat":289556},{"id":3588,"n":"IGP Pays d'Oc rouge Roche Mazet Cabernet Sauvignon 12.5% 75cl","p":3.11,"u":"4,15 €/L","img":"https://fd6-photos.leclercdrive.fr/image.ashx?id=2333000&use=l&cat=p&typeid=i","cat":289556},{"id":3589,"n":"IGP Pays d'Oc rouge Roche Mazet Merlot - 75cl","p":3.27,"u":"4,36 €/L","img":"https://fd6-photos.leclercdrive.fr/image.ashx?id=2332997&use=l&cat=p&typeid=i","cat":289556},{"id":3590,"n":"IGP Pays d'Oc rosé Roche Mazet Cinsault Grenache 12% vol 75cl","p":3.06,"u":"4,08 €/L","img":"https://fd6-photos.leclercdrive.fr/image.ashx?id=2341510&use=l&cat=p&typeid=i","cat":289558},{"id":3593,"n":"Vin d'Italie rouge pétillant Vilaveroni Lambrusco- 75cl","p":4.15,"u":"5,53 €/L","img":"https://fd6-photos.leclercdrive.fr/image.ashx?id=2333021&use=l&cat=p&typeid=i","cat":289556},{"id":3599,"n":"IGP Pays d'Oc rosé Listel Grain De gris 12.5% vol - 75cl","p":3.36,"u":"4,48 €/L","img":"https://fd6-photos.leclercdrive.fr/image.ashx?id=2556135&use=l&cat=p&typeid=i","cat":289558},{"id":3600,"n":"Miel Lune de Miel Tartimiel 250g","p":2.29,"u":"9,16 €/KG","img":"https://fd6-photos.leclercdrive.fr/image.ashx?id=2662610&use=l&cat=p&typeid=i","cat":287643},{"id":3604,"n":"Allume-feu Silex cubes x28 200g","p":1.11,"u":"5,55 €/KG","img":"https://fd6-photos.leclercdrive.fr/image.ashx?id=2558781&use=l&cat=p&typeid=i","cat":300578},{"id":3609,"n":"Petit Pois Cassegrain Tendres et Fondants 495g","p":2.81,"u":"5,68 €/KG","img":"https://fd6-photos.leclercdrive.fr/image.ashx?id=2912962&use=l&cat=p&typeid=i","cat":312607},{"id":3610,"n":"Petits pois Notre Jardin A l'étuvée -Extra fins - 3x140g","p":1.57,"u":"3,74 €/KG","img":"https://fd6-photos.leclercdrive.fr/image.ashx?id=2537343&use=l&cat=p&typeid=i","cat":312607},{"id":3617,"n":"Galettes de riz bio Bio Village Complet x17 - 130g","p":0.91,"u":"7,00 €/KG","img":"https://fd6-photos.leclercdrive.fr/image.ashx?id=2816151&use=l&cat=p&typeid=i","cat":318651},{"id":3621,"n":"Pansements Mercurochrome Ampoules x10","p":4.49,"img":"https://fd6-photos.leclercdrive.fr/image.ashx?id=2862143&use=l&cat=p&typeid=i","cat":284630},{"id":3622,"n":"Alcool modifié Mercurochrome 90° - 100ml","p":2.61,"u":"26,10 €/L","img":"https://fd6-photos.leclercdrive.fr/image.ashx?id=2663977&use=l&cat=p&typeid=i","cat":284630},{"id":3630,"n":"Filets colin Alaska Pêche océan 4 tranches - MSC - 400g","p":2.5,"u":"6,25 €/KG","img":"https://fd6-photos.leclercdrive.fr/image.ashx?id=2930087&use=l&cat=p&typeid=i","cat":319786},{"id":3638,"n":"Fromage Mini Caprice Des Dieux 3 Portions - 150g","p":2.78,"u":"18,53 €/KG","img":"https://fd6-photos.leclercdrive.fr/image.ashx?id=2217434&use=l&cat=p&typeid=i","cat":314033},{"id":3640,"n":"Fromage Apéritif Apérivrais  Saveurs de Provence - 100g","p":2.08,"u":"20,80 €/KG","img":"https://fd6-photos.leclercdrive.fr/image.ashx?id=2885348&use=l&cat=p&typeid=i","cat":314027},{"id":3641,"n":"Fromage Apéritif Apérivrais  Saveurs d'Italie - 100g","p":2.08,"u":"20,80 €/KG","img":"https://fd6-photos.leclercdrive.fr/image.ashx?id=2944705&use=l&cat=p&typeid=i","cat":314027},{"id":3643,"n":"Scotch Whisky Baird's 40%vol - 70cl","p":10.99,"u":"15,70 €/L","img":"https://fd6-photos.leclercdrive.fr/image.ashx?id=2907159&use=l&cat=p&typeid=i","cat":284547},{"id":3649,"n":"AOP Asti Vilaveroni 75cl","p":6.09,"u":"8,12 €/L","img":"https://fd6-photos.leclercdrive.fr/image.ashx?id=2337558&use=l&cat=p&typeid=i","cat":289461},{"id":3651,"n":"Vin du Portugal rosé Mateus - VSIG - 12% vol 75cl","p":4.77,"u":"6,36 €/L","img":"https://fd6-photos.leclercdrive.fr/image.ashx?id=2794619&use=l&cat=p&typeid=i","cat":289558},{"id":3660,"n":"Fromage tartiflette Les Croisés 27%mg 500g","p":3.89,"u":"7,78 €/KG","img":"https://fd6-photos.leclercdrive.fr/image.ashx?id=2791746&use=l&cat=p&typeid=i","cat":314037},{"id":3663,"n":"Fromage à Raclette RichesMonts  3 saveurs 27 Tranches - 700g","p":11.2,"u":"16,00 €/KG","img":"https://fd6-photos.leclercdrive.fr/image.ashx?id=2766289&use=l&cat=p&typeid=i","cat":314037},{"id":3665,"n":"Beurrier Président Demi-sel - 80% MG - 250g","p":3.17,"u":"12,68 €/KG","img":"https://fd6-photos.leclercdrive.fr/image.ashx?id=2731849&use=l&cat=p&typeid=i","cat":284379},{"id":3668,"n":"Faisselle Rians - 6%mg - 1kg","p":2.67,"u":"2,67 €/KG","img":"https://fd6-photos.leclercdrive.fr/image.ashx?id=2659629&use=l&cat=p&typeid=i","cat":284409},{"id":3684,"n":"Eau gazeuse Rozana 6x1L","p":2.65,"u":"0,44 €/L","img":"https://fd6-photos.leclercdrive.fr/image.ashx?id=2870602&use=l&cat=p&typeid=i","cat":284536},{"id":3694,"n":"Pâtes Torti Legumes Panzani - 500G","p":1.34,"u":"2,68 €/KG","img":"https://fd6-photos.leclercdrive.fr/image.ashx?id=2876032&use=l&cat=p&typeid=i","cat":284427},{"id":3699,"n":"Café moulu Bio Village Bio Amérique latine - 250g","p":4.99,"u":"19,96 €/KG","img":"https://fd6-photos.leclercdrive.fr/image.ashx?id=2603713&use=l&cat=p&typeid=i","cat":284750},{"id":3712,"n":"Emincé poulet Côté Table Sauce curry - 300g","p":1.98,"u":"6,60 €/KG","img":"https://fd6-photos.leclercdrive.fr/image.ashx?id=2393857&use=l&cat=p&typeid=i","cat":284953},{"id":3713,"n":"Huile d'olive Rustica Vierge extra - 50cl","p":4.8,"u":"9,60 €/L","img":"https://fd6-photos.leclercdrive.fr/image.ashx?id=2930340&use=l&cat=p&typeid=i","cat":284453},{"id":3714,"n":"Serviette hygiénique Doulys Ultra minces - Normal - x16","p":1.03,"u":"0,06 €/P","img":"https://fd6-photos.leclercdrive.fr/image.ashx?id=2838924&use=l&cat=p&typeid=i","cat":284624},{"id":3716,"n":"Pizza cuite sur pierre Turini Royale - 400g","p":1.99,"u":"4,98 €/KG","img":"https://fd6-photos.leclercdrive.fr/image.ashx?id=2815205&use=l&cat=p&typeid=i","cat":284256},{"id":3719,"n":"Gomme Coiffante L'Oréal Paris Effet Remodelable - 150ml","p":3.51,"u":"23,40 €/L","img":"https://fd6-photos.leclercdrive.fr/image.ashx?id=2614194&use=l&cat=p&typeid=i","cat":284609},{"id":3736,"n":"Chocolat Pâtissier Menier Tablette Noir - 200g","p":2.32,"u":"11,60 €/KG","img":"https://fd6-photos.leclercdrive.fr/image.ashx?id=2624146&use=l&cat=p&typeid=i","cat":285562},{"id":3741,"n":"Biscottes fourrées Cracotte LU  Fraise - 200g","p":1.82,"u":"9,10 €/KG","img":"https://fd6-photos.leclercdrive.fr/image.ashx?id=3004807&use=l&cat=p&typeid=i","cat":284479},{"id":3743,"n":"Mini brownie Brossard Chocolat pépites x8 - 240g","p":2.74,"u":"11,42 €/KG","img":"https://fd6-photos.leclercdrive.fr/image.ashx?id=2965100&use=l&cat=p&typeid=i","cat":294776},{"id":3748,"n":"Soufflés Grignot' Tokapi  Saveur Fromage - 90g","p":0.72,"u":"8,00 €/KG","img":"https://fd6-photos.leclercdrive.fr/image.ashx?id=1956625&use=l&cat=p&typeid=i","cat":284449},{"id":3754,"n":"Crackers Tuc Bacon - 100g","p":0.83,"u":"8,30 €/KG","img":"https://fd6-photos.leclercdrive.fr/image.ashx?id=3002198&use=l&cat=p&typeid=i","cat":297000},{"id":3756,"n":"Mélange Exotique Tokapi  Bananes et papaye - 120g","p":1.47,"u":"12,25 €/KG","img":"https://fd6-photos.leclercdrive.fr/image.ashx?id=2793991&use=l&cat=p&typeid=i","cat":284448},{"id":3758,"n":"Sachet repas chats Gourmet 4 variétés de filets - 4x85g","p":1.84,"u":"5,41 €/KG","img":"https://fd6-photos.leclercdrive.fr/image.ashx?id=2902274&use=l&cat=p&typeid=i","cat":285286},{"id":3759,"n":"Sachet repas chats Gourmet Filets en sachet - 4x85g","p":1.86,"u":"5,47 €/KG","img":"https://fd6-photos.leclercdrive.fr/image.ashx?id=2902337&use=l&cat=p&typeid=i","cat":285286},{"id":3773,"n":"Feuilletés paniers Côté Table Jambon fromage - 4x100g","p":2.18,"u":"5,45 €/KG","img":"https://fd6-photos.leclercdrive.fr/image.ashx?id=2549382&use=l&cat=p&typeid=i","cat":319776},{"id":3775,"n":"Feuilletés paniers Côté Table Fromage de chèvre - 4x100g","p":2.95,"u":"7,38 €/KG","img":"https://fd6-photos.leclercdrive.fr/image.ashx?id=2549385&use=l&cat=p&typeid=i","cat":319776},{"id":3777,"n":"Légumes couscous Notre jardin 1kg","p":1.99,"u":"1,99 €/KG","img":"https://fd6-photos.leclercdrive.fr/image.ashx?id=2900031&use=l&cat=p&typeid=i","cat":319823},{"id":3785,"n":"Cabillaud MSC Pêche Océan Sans arêtes - x4 tranches 400g","p":5.99,"u":"14,98 €/KG","img":"https://fd6-photos.leclercdrive.fr/image.ashx?id=2930084&use=l&cat=p&typeid=i","cat":319786},{"id":3786,"n":"Poisson pané Pêche Océan MSC - x20 - 1kg","p":6.95,"u":"6,95 €/KG","img":"https://fd6-photos.leclercdrive.fr/image.ashx?id=2930105&use=l&cat=p&typeid=i","cat":319788},{"id":3789,"n":"Pavés de saumon Pêche Océan ASC - 2x125g","p":4.99,"u":"19,96 €/KG","img":"https://fd6-photos.leclercdrive.fr/image.ashx?id=2953719&use=l&cat=p&typeid=i","cat":319786},{"id":3794,"n":"Poisson pané Pêche Océan - MSC Colin d'alaska - x8 - 400g","p":2.78,"u":"6,95 €/KG","img":"https://fd6-photos.leclercdrive.fr/image.ashx?id=2930090&use=l&cat=p&typeid=i","cat":319788},{"id":3795,"n":"Poisson pané Pêche Océan Cabillaud - MSC - x8 400g","p":4.45,"u":"11,13 €/KG","img":"https://fd6-photos.leclercdrive.fr/image.ashx?id=2930093&use=l&cat=p&typeid=i","cat":319788},{"id":3796,"n":"Croquettes poisson Pêche Océan MSC - x6 - 300g","p":1.72,"u":"5,73 €/KG","img":"https://fd6-photos.leclercdrive.fr/image.ashx?id=2856157&use=l&cat=p&typeid=i","cat":319788},{"id":3797,"n":"Brandade morue Côté Table 1kg","p":3.99,"u":"3,99 €/KG","img":"https://fd6-photos.leclercdrive.fr/image.ashx?id=2047028&use=l&cat=p&typeid=i","cat":284254},{"id":3810,"n":"Epinards Notre Jardin Branches A la crème fraîche 1kg","p":2.98,"u":"2,98 €/KG","img":"https://fd6-photos.leclercdrive.fr/image.ashx?id=2873081&use=l&cat=p&typeid=i","cat":319805},{"id":3820,"n":"Sandwich XXL Daunat Jambon emmental - 230g","p":2.05,"u":"8,91 €/KG","img":"https://fd6-photos.leclercdrive.fr/image.ashx?id=2892700&use=l&cat=p&typeid=i","cat":333658},{"id":3824,"n":"Sandwich triangle Daunat Jambon emmental - 160g","p":1.42,"u":"8,88 €/KG","img":"https://fd6-photos.leclercdrive.fr/image.ashx?id=2892694&use=l&cat=p&typeid=i","cat":333658},{"id":3828,"n":"Pansements Mercurochrome Economiques x20","p":2.14,"img":"https://fd6-photos.leclercdrive.fr/image.ashx?id=2748269&use=l&cat=p&typeid=i","cat":284630},{"id":3844,"n":"Sirop érable Maple Joe Du Canada - 250g","p":3.8,"u":"15,20 €/KG","img":"https://fd6-photos.leclercdrive.fr/image.ashx?id=2656559&use=l&cat=p&typeid=i","cat":287643},{"id":3862,"n":"Cacahuètes grillées Tokapi Salées - 500g","p":1.4,"u":"2,80 €/KG","img":"https://fd6-photos.leclercdrive.fr/image.ashx?id=2795532&use=l&cat=p&typeid=i","cat":284448},{"id":3864,"n":"Jus multifruits Jafaden 12 fruits - 1L","p":1.33,"u":"1,33 €/L","img":"https://fd6-photos.leclercdrive.fr/image.ashx?id=2461387&use=l&cat=p&typeid=i","cat":284917},{"id":3871,"n":"Pain grillé Pelletier Blé complet - 500g","p":1.92,"u":"3,84 €/KG","img":"https://fd6-photos.leclercdrive.fr/image.ashx?id=2345376&use=l&cat=p&typeid=i","cat":284479},{"id":3944,"n":"Jus multifruits Jafaden Briquettes - 6x20cl","p":1.81,"u":"1,51 €/L","img":"https://fd6-photos.leclercdrive.fr/image.ashx?id=2751880&use=l&cat=p&typeid=i","cat":284524},{"id":3946,"n":"Pâtes Barilla Spaghettoni n°7 - 500g","p":1.03,"u":"2,06 €/KG","img":"https://fd6-photos.leclercdrive.fr/image.ashx?id=2392221&use=l&cat=p&typeid=i","cat":284427},{"id":3951,"n":"Sucre vanillé Tablier blanc x10 75g","p":0.79,"u":"10,53 €/KG","img":"https://fd6-photos.leclercdrive.fr/image.ashx?id=2487431&use=l&cat=p&typeid=i","cat":294686},{"id":3954,"n":"Bonbons La Vosgienne Sève de pin - 125g","p":1.73,"u":"13,84 €/KG","img":"https://fd6-photos.leclercdrive.fr/image.ashx?id=2490419&use=l&cat=p&typeid=i","cat":304256},{"id":3955,"n":"Ravioli pur bœuf  Panzani - 400g","p":1.58,"u":"3,95 €/KG","img":"https://fd6-photos.leclercdrive.fr/image.ashx?id=2876050&use=l&cat=p&typeid=i","cat":284442},{"id":3960,"n":"Haricots Mungo  Notre Jardin 3x90g","p":1.99,"u":"7,37 €/KG","img":"https://fd6-photos.leclercdrive.fr/image.ashx?id=2174678&use=l&cat=p&typeid=i","cat":312611},{"id":3980,"n":"Sauce bolognaise Turini 680g","p":2.44,"u":"3,59 €/KG","img":"https://fd6-photos.leclercdrive.fr/image.ashx?id=2634863&use=l&cat=p&typeid=i","cat":287599},{"id":3981,"n":"Petits pois carottes Extra fins Notre Jardin - 3x130g","p":1.69,"u":"4,33 €/KG","img":"https://fd6-photos.leclercdrive.fr/image.ashx?id=2537346&use=l&cat=p&typeid=i","cat":312607},{"id":3983,"n":"Flageolets verts Notre Jardin Extra fins - 3x130g","p":1.99,"u":"5,10 €/KG","img":"https://fd6-photos.leclercdrive.fr/image.ashx?id=2573199&use=l&cat=p&typeid=i","cat":312606},{"id":3989,"n":"Soda Jean's Cola  2L","p":1.5,"u":"0,75 €/L","img":"https://fd6-photos.leclercdrive.fr/image.ashx?id=2699423&use=l&cat=p&typeid=i","cat":284530},{"id":3991,"n":"Tarte aux 3 fromages Côté Table - 400g","p":2.78,"u":"6,95 €/KG","img":"https://fd6-photos.leclercdrive.fr/image.ashx?id=2791707&use=l&cat=p&typeid=i","cat":284257},{"id":3996,"n":"Hachis parmentier Côté table 600g","p":3.51,"u":"5,85 €/KG","img":"https://fd6-photos.leclercdrive.fr/image.ashx?id=2045181&use=l&cat=p&typeid=i","cat":284254},{"id":3997,"n":"Hachis parmentier Côté table 1kg","p":4.82,"u":"4,82 €/KG","img":"https://fd6-photos.leclercdrive.fr/image.ashx?id=2045172&use=l&cat=p&typeid=i","cat":284254},{"id":3998,"n":"Frites allumettes Pom'lisse Au four - 600g","p":1.27,"u":"2,12 €/KG","img":"https://fd6-photos.leclercdrive.fr/image.ashx?id=2699666&use=l&cat=p&typeid=i","cat":319791},{"id":3999,"n":"Crêpes Côté Table Champignons x6 - 300g","p":1.88,"u":"6,27 €/KG","img":"https://fd6-photos.leclercdrive.fr/image.ashx?id=2499352&use=l&cat=p&typeid=i","cat":319776},{"id":4003,"n":"Coquilles Saint-Jacques NRT baie de St-Brieuc x2 - 200g","p":6.6,"u":"33,00 €/KG","img":"https://fd6-photos.leclercdrive.fr/image.ashx?id=2711091&use=l&cat=p&typeid=i","cat":319775},{"id":4008,"n":"Julienne légumes Notre jardin 600g","p":1.38,"u":"2,30 €/KG","img":"https://fd6-photos.leclercdrive.fr/image.ashx?id=2873105&use=l&cat=p&typeid=i","cat":319823},{"id":4009,"n":"Printanière légumes Notre jardin 1kg","p":1.47,"u":"1,47 €/KG","img":"https://fd6-photos.leclercdrive.fr/image.ashx?id=2873033&use=l&cat=p&typeid=i","cat":319823},{"id":4014,"n":"Gratin choux fleurs Côté Table 450g","p":3.72,"u":"8,27 €/KG","img":"https://fd6-photos.leclercdrive.fr/image.ashx?id=1977356&use=l&cat=p&typeid=i","cat":319802},{"id":4024,"n":"Sauce crudité Rustica Nature - 50cl","p":0.88,"u":"1,76 €/L","img":"https://fd6-photos.leclercdrive.fr/image.ashx?id=1972910&use=l&cat=p&typeid=i","cat":284456},{"id":4025,"n":"Pois chiches Notre Jardin 530g","p":1.19,"u":"2,25 €/KG","img":"https://fd6-photos.leclercdrive.fr/image.ashx?id=2988006&use=l&cat=p&typeid=i","cat":312609},{"id":4026,"n":"Cuisses poulet rôti Le gaulois x2 - 350g","p":4.3,"u":"12,29 €/KG","img":"https://fd6-photos.leclercdrive.fr/image.ashx?id=2277122&use=l&cat=p&typeid=i","cat":284336},{"id":4028,"n":"Filets poulet rôti Le gaulois 230g","p":4.73,"u":"20,57 €/KG","img":"https://fd6-photos.leclercdrive.fr/image.ashx?id=2686879&use=l&cat=p&typeid=i","cat":284336},{"id":4063,"n":"Cidre bouché Les Goelleries Normand doux 2%vol. - 75cl","p":1.79,"u":"2,39 €/L","img":"https://fd6-photos.leclercdrive.fr/image.ashx?id=2842202&use=l&cat=p&typeid=i","cat":334880},{"id":4101,"n":"Pâtes coquillettes Panzani 1kg","p":1.74,"u":"1,74 €/KG","img":"https://fd6-photos.leclercdrive.fr/image.ashx?id=2873823&use=l&cat=p&typeid=i","cat":284427},{"id":4103,"n":"Compotes Andros Pomme Fraise - 8x100g","p":2.81,"u":"3,51 €/KG","img":"https://fd6-photos.leclercdrive.fr/image.ashx?id=2883940&use=l&cat=p&typeid=i","cat":284416},{"id":4120,"n":"Bouchées chocolatées Mon Chéri Liqueur cerise x16 - 168g","p":5.67,"u":"33,75 €/KG","img":"https://fd6-photos.leclercdrive.fr/image.ashx?id=2964018&use=l&cat=p&typeid=i","cat":327601},{"id":4141,"n":"Infusion Tiséa réglisse menthe x25","p":0.9,"u":"22,50 €/KG","img":"https://fd6-photos.leclercdrive.fr/image.ashx?id=2553908&use=l&cat=p&typeid=i","cat":293234},{"id":4249,"n":"Crème glacée Eskiss Chocolat noir - 494g","p":2.35,"u":"4,76 €/KG","img":"https://fd6-photos.leclercdrive.fr/image.ashx?id=2698162&use=l&cat=p&typeid=i","cat":284263},{"id":4250,"n":"Crème glacée Eskiss Café - 494g","p":2.14,"u":"4,33 €/KG","img":"https://fd6-photos.leclercdrive.fr/image.ashx?id=3002545&use=l&cat=p&typeid=i","cat":284263},{"id":4255,"n":"Crème glacée Eskiss Rhum raisin - 494g","p":2.45,"u":"4,96 €/KG","img":"https://fd6-photos.leclercdrive.fr/image.ashx?id=2982589&use=l&cat=p&typeid=i","cat":284263},{"id":4257,"n":"Flammekueche d'Alsace surgelé NRT - 2x250g","p":4.99,"u":"9,98 €/KG","img":"https://fd6-photos.leclercdrive.fr/image.ashx?id=2779301&use=l&cat=p&typeid=i","cat":284257},{"id":4259,"n":"Pâtes spaghetti Panzani 1kg","p":1.72,"u":"1,72 €/KG","img":"https://fd6-photos.leclercdrive.fr/image.ashx?id=2869555&use=l&cat=p&typeid=i","cat":284427},{"id":4260,"n":"Biscuits sablés P'tit Déli Chocolat au lait - 200g","p":1.19,"u":"5,95 €/KG","img":"https://fd6-photos.leclercdrive.fr/image.ashx?id=2768457&use=l&cat=p&typeid=i","cat":284488},{"id":4262,"n":"Thon en tranche  Pêche Océan Naturel - 140g","p":2.05,"u":"14,64 €/KG","img":"https://fd6-photos.leclercdrive.fr/image.ashx?id=2941390&use=l&cat=p&typeid=i","cat":303867},{"id":4288,"n":"Boisson apéritif Voltano Base de vin Bianco 14.4%vol 1L","p":4.99,"u":"4,99 €/L","img":"https://fd6-photos.leclercdrive.fr/image.ashx?id=2843782&use=l&cat=p&typeid=i","cat":284913},{"id":4289,"n":"Boisson apéritif Voltano Base de vin rosso 14.4%vol 1L","p":4.75,"u":"4,75 €/L","img":"https://fd6-photos.leclercdrive.fr/image.ashx?id=2843785&use=l&cat=p&typeid=i","cat":284913},{"id":4290,"n":"Marrons entiers Notre Jardin - 510g","p":5.19,"u":"10,18 €/KG","img":"https://fd6-photos.leclercdrive.fr/image.ashx?id=2263143&use=l&cat=p&typeid=i","cat":312612},{"id":4346,"n":"Crêpes Côté Table Fromage x6 - 300g","p":1.69,"u":"5,63 €/KG","img":"https://fd6-photos.leclercdrive.fr/image.ashx?id=2932399&use=l&cat=p&typeid=i","cat":319776},{"id":4357,"n":"Glace à l'eau Yéti 5 parfums x24 - 1.160kg","p":3.58,"u":"3,09 €/KG","img":"https://fd6-photos.leclercdrive.fr/image.ashx?id=2733796&use=l&cat=p&typeid=i","cat":285250},{"id":4367,"n":"Papier toilette Uni Vert Compact écologique - x4","p":3.29,"u":"0,82 €/P","img":"https://fd6-photos.leclercdrive.fr/image.ashx?id=1957072&use=l&cat=p&typeid=i","cat":284634},{"id":4369,"n":"Gel wc menthe pin Uni Vert 750ml","p":1.62,"u":"2,16 €/L","img":"https://fd6-photos.leclercdrive.fr/image.ashx?id=2965446&use=l&cat=p&typeid=i","cat":284662},{"id":4381,"n":"Safran poudre Rustica 3 doses de 0,1g","p":2.96,"img":"https://fd6-photos.leclercdrive.fr/image.ashx?id=1209710&use=l&cat=p&typeid=i","cat":298297},{"id":4412,"n":"Boisson énergisante Red Bull 250ml","p":1.1,"u":"4,40 €/L","img":"https://fd6-photos.leclercdrive.fr/image.ashx?id=2340300&use=l&cat=p&typeid=i","cat":284533},{"id":4431,"n":"Plumeaux Clair jetables Avec poignée x5","p":3.03,"img":"https://fd6-photos.leclercdrive.fr/image.ashx?id=2832924&use=l&cat=p&typeid=i","cat":325364},{"id":4458,"n":"Pâtes cheveux d'anges Panzani 500g","p":1.2,"u":"2,40 €/KG","img":"https://fd6-photos.leclercdrive.fr/image.ashx?id=2896069&use=l&cat=p&typeid=i","cat":284427},{"id":4468,"n":"Boisson énergisante Red Bull 4x250ml","p":4.36,"u":"4,36 €/L","img":"https://fd6-photos.leclercdrive.fr/image.ashx?id=3011977&use=l&cat=p&typeid=i","cat":284533},{"id":4497,"n":"Gomme Esquisse Caoutchouc","p":0.5,"img":"https://fd6-photos.leclercdrive.fr/image.ashx?id=2943211&use=l&cat=p&typeid=i","cat":334133},{"id":4511,"n":"Pochettes perforées Eco+ 21x29.7cm - x100","p":1.27,"u":"0,01 €/P","img":"https://fd6-photos.leclercdrive.fr/image.ashx?id=2943124&use=l&cat=p&typeid=i","cat":284745},{"id":4512,"n":"Pur jus orange Jafaden Sans pulpe - 1L","p":2.42,"u":"2,42 €/L","img":"https://fd6-photos.leclercdrive.fr/image.ashx?id=2916668&use=l&cat=p&typeid=i","cat":285435},{"id":4515,"n":"Pansements Primoplast Pré-découpés x100","p":2.97,"img":"https://fd6-photos.leclercdrive.fr/image.ashx?id=2856459&use=l&cat=p&typeid=i","cat":284630},{"id":4518,"n":"Pomme de terre de consommation N.Jardin entières, épluch. 500g","p":1.35,"u":"2,70 €/KG","img":"https://fd6-photos.leclercdrive.fr/image.ashx?id=2670326&use=l&cat=p&typeid=i","cat":284352},{"id":4519,"n":"Bande à découper Primoplast Multi-usages - 10x6cm","p":0.79,"img":"https://fd6-photos.leclercdrive.fr/image.ashx?id=2856414&use=l&cat=p&typeid=i","cat":284630},{"id":4524,"n":"Filtre café Eco+ N°4 - x100","p":1.02,"u":"0,01 €/P","img":"https://fd6-photos.leclercdrive.fr/image.ashx?id=2905195&use=l&cat=p&typeid=i","cat":284751},{"id":4539,"n":"Eau de toilette Brut original 100ml","p":6.62,"u":"66,20 €/L","img":"https://fd6-photos.leclercdrive.fr/image.ashx?id=2061774&use=l&cat=p&typeid=i","cat":287740},{"id":4543,"n":"Gel Lubrifiant Intime Durex Sensitive base Eau 50ml","p":4.65,"u":"93,00 €/L","img":"https://fd6-photos.leclercdrive.fr/image.ashx?id=2961200&use=l&cat=p&typeid=i","cat":285160},{"id":4583,"n":"Sucre vanillé Vahiné Madagascar - 5x7,5g","p":1.74,"u":"45,79 €/KG","img":"https://fd6-photos.leclercdrive.fr/image.ashx?id=2489190&use=l&cat=p&typeid=i","cat":294686},{"id":4594,"n":"Baguette de campagne 250g","p":0.95,"u":"3,80 €/KG","img":"https://fd6-photos.leclercdrive.fr/image.ashx?id=2062915&use=l&cat=p&typeid=i","cat":284359},{"id":4621,"n":"Epis de maïs précuits Lunor 400g","p":2.14,"u":"5,35 €/KG","img":"https://fd6-photos.leclercdrive.fr/image.ashx?id=1876658&use=l&cat=p&typeid=i","cat":284352},{"id":4622,"n":"Betterave Notre Jardin En cubes - 500g","p":0.99,"u":"1,98 €/KG","img":"https://fd6-photos.leclercdrive.fr/image.ashx?id=2551621&use=l&cat=p&typeid=i","cat":284352},{"id":4625,"n":"Arachides coques Couleurs Vives Grillées - 500g","p":2.8,"u":"5,60 €/KG","img":"https://fd6-photos.leclercdrive.fr/image.ashx?id=2886439&use=l&cat=p&typeid=i","cat":284448},{"id":4626,"n":"Vinaigrette Rustica Nature - 50cl","p":0.88,"u":"1,76 €/L","img":"https://fd6-photos.leclercdrive.fr/image.ashx?id=1972898&use=l&cat=p&typeid=i","cat":284456},{"id":4628,"n":"Moutarde de Dijon Rustica  Fine et forte - 440g","p":1.13,"u":"2,57 €/KG","img":"https://fd6-photos.leclercdrive.fr/image.ashx?id=2954340&use=l&cat=p&typeid=i","cat":288850},{"id":4629,"n":"Moutarde à l'ancienne Rustica Vinaigre - 350g","p":1.12,"u":"3,20 €/KG","img":"https://fd6-photos.leclercdrive.fr/image.ashx?id=2954343&use=l&cat=p&typeid=i","cat":288850},{"id":4630,"n":"Pâté piment d'Espelette NRT Label Rouge - 180g","p":2.39,"u":"13,28 €/KG","img":"https://fd6-photos.leclercdrive.fr/image.ashx?id=2991485&use=l&cat=p&typeid=i","cat":305149},{"id":4640,"n":"Petits pois carottes Notre Jard Extra fins - 420g","p":1.35,"u":"3,21 €/KG","img":"https://fd6-photos.leclercdrive.fr/image.ashx?id=2987943&use=l&cat=p&typeid=i","cat":312607},{"id":4641,"n":"Croquettes chaton Purina One Junior - Poulet/Céréales - 450g","p":2.59,"u":"5,76 €/KG","img":"https://fd6-photos.leclercdrive.fr/image.ashx?id=2499883&use=l&cat=p&typeid=i","cat":284680},{"id":4667,"n":"Yaourts Mamie Nova Ananas passion - 2x150g","p":1.41,"u":"4,70 €/KG","img":"https://fd6-photos.leclercdrive.fr/image.ashx?id=2886960&use=l&cat=p&typeid=i","cat":284410},{"id":4679,"n":"Gel WC nettoyant Syphon Javel eucalyptus - 750ml","p":0.87,"u":"1,16 €/L","img":"https://fd6-photos.leclercdrive.fr/image.ashx?id=2663359&use=l&cat=p&typeid=i","cat":284662},{"id":4682,"n":"Petits pois Notre Jardin A l'étuvée - Extra fins - 445g","p":1.28,"u":"2,88 €/KG","img":"https://fd6-photos.leclercdrive.fr/image.ashx?id=2987940&use=l&cat=p&typeid=i","cat":312607},{"id":4688,"n":"Pâtes Blé complet Barilla Penne Rigate Integrale - 500g","p":1.2,"u":"2,40 €/KG","img":"https://fd6-photos.leclercdrive.fr/image.ashx?id=2986954&use=l&cat=p&typeid=i","cat":284427},{"id":4727,"n":"Chocolat au lait Tablette d'Or Raisins secs & Noisettes - 200g","p":2.19,"u":"10,95 €/KG","img":"https://fd6-photos.leclercdrive.fr/image.ashx?id=2578629&use=l&cat=p&typeid=i","cat":284497},{"id":4850,"n":"Pomme de terre de consommation Frites et purée  2.5kg","p":3.59,"u":"1,44 €/KG","img":"https://fd6-photos.leclercdrive.fr/image.ashx?id=1633046&use=l&cat=p&typeid=i","cat":284352},{"id":4863,"n":"Tampons Doulys Digitaux Normal - x24","p":1.24,"u":"0,05 €/P","img":"https://fd6-photos.leclercdrive.fr/image.ashx?id=2965401&use=l&cat=p&typeid=i","cat":284626},{"id":4876,"n":"Petits pots bébé NATURNES Carottes 4M+ - 2x130g","p":1.03,"u":"3,96 €/KG","img":"https://fd6-photos.leclercdrive.fr/image.ashx?id=2522398&use=l&cat=p&typeid=i","cat":312234},{"id":4877,"n":"Petits pots bébé NATURNES Haricots Verts 4M+ - 2x130g","p":1.03,"u":"3,96 €/KG","img":"https://fd6-photos.leclercdrive.fr/image.ashx?id=2522401&use=l&cat=p&typeid=i","cat":312234},{"id":4878,"n":"Petits pots bébé NATURNES Petits Pois 4M+ - 2x130g","p":1.03,"u":"3,96 €/KG","img":"https://fd6-photos.leclercdrive.fr/image.ashx?id=2536182&use=l&cat=p&typeid=i","cat":312234},{"id":4879,"n":"Petits pots bébé NATURNES Courgettes 4M+ - 2x130g","p":1.03,"u":"3,96 €/KG","img":"https://fd6-photos.leclercdrive.fr/image.ashx?id=2532249&use=l&cat=p&typeid=i","cat":312234},{"id":4880,"n":"Petits pots bébé NATURNES Epinards 4M+ - 2x130g","p":1.04,"u":"4,00 €/KG","img":"https://fd6-photos.leclercdrive.fr/image.ashx?id=2736973&use=l&cat=p&typeid=i","cat":312234},{"id":4881,"n":"Petits pots bébé NATURNES Potiron 4M+ - 2x130g","p":1.04,"u":"4,00 €/KG","img":"https://fd6-photos.leclercdrive.fr/image.ashx?id=2532252&use=l&cat=p&typeid=i","cat":312234},{"id":4902,"n":"Purée de fruit NATURNES Pomme coing 4M+ - 4x130g","p":2.24,"u":"4,31 €/KG","img":"https://fd6-photos.leclercdrive.fr/image.ashx?id=2478375&use=l&cat=p&typeid=i","cat":312387},{"id":4903,"n":"Purée de fruit NATURNES Pommes Pruneaux 4M+ - 4x130g","p":2.22,"u":"4,27 €/KG","img":"https://fd6-photos.leclercdrive.fr/image.ashx?id=2571770&use=l&cat=p&typeid=i","cat":312387},{"id":4905,"n":"Purée de fruit NATURNES Pomme banane 4M+ - 4x130g","p":2.18,"u":"4,19 €/KG","img":"https://fd6-photos.leclercdrive.fr/image.ashx?id=2599937&use=l&cat=p&typeid=i","cat":312387},{"id":4906,"n":"Purée de fruit NATURNES Pommes Poires 4M+ - 4x130g","p":2.25,"u":"4,33 €/KG","img":"https://fd6-photos.leclercdrive.fr/image.ashx?id=2672551&use=l&cat=p&typeid=i","cat":312387},{"id":4909,"n":"Purée de fruit NATURNES Fruits du soleil 8M+ - 4x130g","p":2.35,"u":"4,52 €/KG","img":"https://fd6-photos.leclercdrive.fr/image.ashx?id=2629647&use=l&cat=p&typeid=i","cat":312388},{"id":4910,"n":"Purée de fruit NATURNES 6M+ Pomme Fraise Myrtilles - 4x130g","p":2.5,"u":"4,81 €/KG","img":"https://fd6-photos.leclercdrive.fr/image.ashx?id=2478399&use=l&cat=p&typeid=i","cat":312388},{"id":4971,"n":"Fromage Spécialité Port Salut - 320g","p":2.8,"u":"8,75 €/KG","img":"https://fd6-photos.leclercdrive.fr/image.ashx?id=2143762&use=l&cat=p&typeid=i","cat":329184},{"id":4988,"n":"Beurre Moulé Paysan Breton Doux - 82%MG - 500g","p":6.34,"u":"12,68 €/KG","img":"https://fd6-photos.leclercdrive.fr/image.ashx?id=2774496&use=l&cat=p&typeid=i","cat":284379},{"id":4996,"n":"Cordon bleu Le Gaulois Dinde - 200g","p":1.96,"u":"9,80 €/KG","img":"https://fd6-photos.leclercdrive.fr/image.ashx?id=2860220&use=l&cat=p&typeid=i","cat":333683},{"id":4997,"n":"Gésiers de volaille Le Gaulois 300g","p":3.35,"u":"11,17 €/KG","img":"https://fd6-photos.leclercdrive.fr/image.ashx?id=2732722&use=l&cat=p&typeid=i","cat":284715},{"id":5015,"n":"Yaourts Les Zaros Délisse Fruits panachés - 16x125g","p":2.48,"u":"1,24 €/KG","img":"https://fd6-photos.leclercdrive.fr/image.ashx?id=2970444&use=l&cat=p&typeid=i","cat":284414},{"id":5016,"n":"Yaourts nature Déli'light 0% MG - 12x125g","p":1.91,"u":"1,27 €/KG","img":"https://fd6-photos.leclercdrive.fr/image.ashx?id=2922482&use=l&cat=p&typeid=i","cat":315000},{"id":5017,"n":"Betterave rouge Notre Jardin Entière cuite sous vide - 500g","p":0.72,"u":"1,44 €/KG","img":"https://fd6-photos.leclercdrive.fr/image.ashx?id=2885116&use=l&cat=p&typeid=i","cat":284352},{"id":5018,"n":"Yaourts Délisse Nature - 4x125g","p":0.65,"u":"1,30 €/KG","img":"https://fd6-photos.leclercdrive.fr/image.ashx?id=3003052&use=l&cat=p&typeid=i","cat":284409},{"id":5021,"n":"Crottin de chèvre Les Croisés 23%mg - 2x60g","p":1.78,"u":"14,83 €/KG","img":"https://fd6-photos.leclercdrive.fr/image.ashx?id=2891878&use=l&cat=p&typeid=i","cat":314031},{"id":5022,"n":"Graisse à frire Rustica végétale - 1kg","p":5.45,"u":"5,45 €/KG","img":"https://fd6-photos.leclercdrive.fr/image.ashx?id=2903941&use=l&cat=p&typeid=i","cat":315229},{"id":5023,"n":"Salade composée Notre Jardin Mélée gourmande - 200g","p":0.99,"u":"4,95 €/KG","img":"https://fd6-photos.leclercdrive.fr/image.ashx?id=2680827&use=l&cat=p&typeid=i","cat":284353},{"id":5024,"n":"Viande des grisons Saint Azay 10 tranches - 80g","p":4.09,"u":"51,13 €/KG","img":"https://fd6-photos.leclercdrive.fr/image.ashx?id=2848490&use=l&cat=p&typeid=i","cat":316007},{"id":5025,"n":"Salade Notre Jardin Jeunes pousses - 125g","p":1.49,"u":"11,92 €/KG","img":"https://fd6-photos.leclercdrive.fr/image.ashx?id=2720154&use=l&cat=p&typeid=i","cat":284353},{"id":5026,"n":"Ravioli Turini Boeuf aux oignons - 300g","p":1.54,"u":"5,13 €/KG","img":"https://fd6-photos.leclercdrive.fr/image.ashx?id=2778036&use=l&cat=p&typeid=i","cat":333682},{"id":5028,"n":"Piémontaise Menu Fraîcheur Au jambon - 500g","p":2.2,"u":"4,40 €/KG","img":"https://fd6-photos.leclercdrive.fr/image.ashx?id=2901428&use=l&cat=p&typeid=i","cat":333657},{"id":5029,"n":"Museau de porc Menu Fraîcheur A la lyonnaise - 300g","p":1.99,"u":"6,63 €/KG","img":"https://fd6-photos.leclercdrive.fr/image.ashx?id=2552415&use=l&cat=p&typeid=i","cat":333657},{"id":5032,"n":"Pizza Turini Chorizo - 450g","p":2.69,"u":"5,98 €/KG","img":"https://fd6-photos.leclercdrive.fr/image.ashx?id=2989649&use=l&cat=p&typeid=i","cat":333679},{"id":5033,"n":"Galette au blé noir Côté Table Jambon  emmental 195g","p":1.49,"u":"7,64 €/KG","img":"https://fd6-photos.leclercdrive.fr/image.ashx?id=2837729&use=l&cat=p&typeid=i","cat":333672},{"id":5034,"n":"Galette au blé noir Côté Table Lardons chèvre - 195g","p":1.75,"u":"8,97 €/KG","img":"https://fd6-photos.leclercdrive.fr/image.ashx?id=2835014&use=l&cat=p&typeid=i","cat":333672},{"id":5037,"n":"Gésiers de volaille Volandrie 300g","p":2.49,"u":"8,30 €/KG","img":"https://fd6-photos.leclercdrive.fr/image.ashx?id=2814860&use=l&cat=p&typeid=i","cat":284715},{"id":5039,"n":"Crème caramel Délisse 8x100g","p":2.98,"u":"3,73 €/KG","img":"https://fd6-photos.leclercdrive.fr/image.ashx?id=2466069&use=l&cat=p&typeid=i","cat":284419},{"id":5040,"n":"Yaourts aromatisés 0% Délisse 4 saveurs - 12x125g","p":2.64,"u":"1,76 €/KG","img":"https://fd6-photos.leclercdrive.fr/image.ashx?id=2898829&use=l&cat=p&typeid=i","cat":315000},{"id":5041,"n":"Fromage blanc Déli'light Nature 0% MG - 1kg","p":1.79,"u":"1,79 €/KG","img":"https://fd6-photos.leclercdrive.fr/image.ashx?id=2834238&use=l&cat=p&typeid=i","cat":315000},{"id":5042,"n":"Fromage raclette Les Croisés 3 variétés - 26%mg - 700g","p":9.29,"u":"13,27 €/KG","img":"https://fd6-photos.leclercdrive.fr/image.ashx?id=2791755&use=l&cat=p&typeid=i","cat":314037},{"id":5044,"n":"Fromage à tartiner Les Croisés  Ail et fines herbes 25%mg 150g","p":1.29,"u":"8,60 €/KG","img":"https://fd6-photos.leclercdrive.fr/image.ashx?id=2476122&use=l&cat=p&typeid=i","cat":314029},{"id":5045,"n":"Riz au lait Délisse Vanille - 8x115g","p":2.08,"u":"2,26 €/KG","img":"https://fd6-photos.leclercdrive.fr/image.ashx?id=2489116&use=l&cat=p&typeid=i","cat":284418},{"id":5047,"n":"Gratte éponge Spontex Sans rinçage x3","p":1.34,"u":"0,45 €/P","img":"https://fd6-photos.leclercdrive.fr/image.ashx?id=2975783&use=l&cat=p&typeid=i","cat":284667},{"id":5049,"n":"Whisky Sir Edward's 40%vol - 1L","p":16.88,"u":"16,88 €/L","img":"https://fd6-photos.leclercdrive.fr/image.ashx?id=2510747&use=l&cat=p&typeid=i","cat":284547},{"id":5050,"n":"Sucre de canne Canadou 70cl","p":2.6,"u":"3,71 €/L","img":"https://fd6-photos.leclercdrive.fr/image.ashx?id=2534587&use=l&cat=p&typeid=i","cat":284551},{"id":5054,"n":"Olives Vertes Dénoyautées  100g","p":1.06,"u":"10,60 €/KG","img":"https://fd6-photos.leclercdrive.fr/image.ashx?id=2923432&use=l&cat=p&typeid=i","cat":284450},{"id":5070,"n":"Whisky Jack Daniel's Old N°7 70cL","p":20.49,"u":"29,27 €/L","img":"https://fd6-photos.leclercdrive.fr/image.ashx?id=2789763&use=l&cat=p&typeid=i","cat":284547},{"id":5073,"n":"Muscat Olympio Samos 75cl","p":4.6,"u":"6,13 €/L","img":"https://fd6-photos.leclercdrive.fr/image.ashx?id=2504077&use=l&cat=p&typeid=i","cat":284913},{"id":5078,"n":"Sucres morceaux Béghin Say n°4 1kg","p":1.85,"u":"1,85 €/KG","img":"https://fd6-photos.leclercdrive.fr/image.ashx?id=2860172&use=l&cat=p&typeid=i","cat":284502},{"id":5079,"n":"Sucre cristal Béghin Say 1kg","p":1.85,"u":"1,85 €/KG","img":"https://fd6-photos.leclercdrive.fr/image.ashx?id=2866343&use=l&cat=p&typeid=i","cat":284502},{"id":5080,"n":"Sucre poudre Béghin Say Etui 1kg","p":1.77,"u":"1,77 €/KG","img":"https://fd6-photos.leclercdrive.fr/image.ashx?id=2866346&use=l&cat=p&typeid=i","cat":284502},{"id":5081,"n":"Sucre poudre Béghin Say 1kg","p":1.75,"u":"1,75 €/KG","img":"https://fd6-photos.leclercdrive.fr/image.ashx?id=2866349&use=l&cat=p&typeid=i","cat":284502},{"id":5082,"n":"Sucre blanc Beghin Say Spécial confiture - 1kg","p":3.05,"u":"3,05 €/KG","img":"https://fd6-photos.leclercdrive.fr/image.ashx?id=2666761&use=l&cat=p&typeid=i","cat":284502},{"id":5090,"n":"Pepites de chocolat noir Vahiné - 100g","p":1.93,"u":"19,30 €/KG","img":"https://fd6-photos.leclercdrive.fr/image.ashx?id=2529282&use=l&cat=p&typeid=i","cat":284504},{"id":5098,"n":"Colle Super Glue 3 Loctite Power gel - 3g","p":3.19,"img":"https://fd6-photos.leclercdrive.fr/image.ashx?id=2020278&use=l&cat=p&typeid=i","cat":300576},{"id":5099,"n":"Huile touche d'olive Isio 4 1L","p":5.31,"u":"5,31 €/L","img":"https://fd6-photos.leclercdrive.fr/image.ashx?id=2918724&use=l&cat=p&typeid=i","cat":284453},{"id":5102,"n":"Cacahuètes Maître Prunille Chouchou sucrées - 500g","p":5.4,"u":"10,80 €/KG","img":"https://fd6-photos.leclercdrive.fr/image.ashx?id=2234018&use=l&cat=p&typeid=i","cat":284357},{"id":5103,"n":"Biscuits Maître Prunille Japonais - 250g","p":4.39,"u":"17,56 €/KG","img":"https://fd6-photos.leclercdrive.fr/image.ashx?id=2234021&use=l&cat=p&typeid=i","cat":316002},{"id":5110,"n":"Pâtes Coquillettes Turini  1kg","p":1.32,"u":"1,32 €/KG","img":"https://fd6-photos.leclercdrive.fr/image.ashx?id=2980441&use=l&cat=p&typeid=i","cat":284427},{"id":5111,"n":"Couscous Comptoir du grain Grain fin - 500g","p":1.26,"u":"2,52 €/KG","img":"https://fd6-photos.leclercdrive.fr/image.ashx?id=3012806&use=l&cat=p&typeid=i","cat":284429},{"id":5112,"n":"Chocolat blanc Tablette d'Or Blanc - 2x100g","p":2.23,"u":"11,15 €/KG","img":"https://fd6-photos.leclercdrive.fr/image.ashx?id=2790880&use=l&cat=p&typeid=i","cat":284957},{"id":5115,"n":"Biscuits Croustillants Tokapi Bacon-  85g","p":0.99,"u":"11,65 €/KG","img":"https://fd6-photos.leclercdrive.fr/image.ashx?id=2632837&use=l&cat=p&typeid=i","cat":297000},{"id":5117,"n":"Café soluble Plantation Qualité filtre - 200g","p":4.4,"u":"22,00 €/KG","img":"https://fd6-photos.leclercdrive.fr/image.ashx?id=2834269&use=l&cat=p&typeid=i","cat":284843},{"id":5121,"n":"Café moulu Plantation Ethiopie - 250g","p":3.79,"u":"15,16 €/KG","img":"https://fd6-photos.leclercdrive.fr/image.ashx?id=2607434&use=l&cat=p&typeid=i","cat":284750},{"id":5122,"n":"Saucisse sèche Saint Azay Label rouge - 250g","p":3.7,"u":"14,80 €/KG","img":"https://fd6-photos.leclercdrive.fr/image.ashx?id=2837015&use=l&cat=p&typeid=i","cat":316006},{"id":5125,"n":"Farine de blé bio T65 Bio Village - 1kg","p":0.99,"u":"0,99 €/KG","img":"https://fd6-photos.leclercdrive.fr/image.ashx?id=2448418&use=l&cat=p&typeid=i","cat":284503},{"id":5126,"n":"Riz long Comptoir du Grain Cuisson rapide 10min - 1kg","p":1.69,"u":"1,69 €/KG","img":"https://fd6-photos.leclercdrive.fr/image.ashx?id=2764137&use=l&cat=p&typeid=i","cat":284428},{"id":5128,"n":"Chips Pom'lisse Bolognaise - 135g","p":1.29,"u":"9,56 €/KG","img":"https://fd6-photos.leclercdrive.fr/image.ashx?id=2919604&use=l&cat=p&typeid=i","cat":284447},{"id":5132,"n":"Croûtons Epi d'Or Nature - 2x90g","p":0.99,"u":"5,50 €/KG","img":"https://fd6-photos.leclercdrive.fr/image.ashx?id=2606037&use=l&cat=p&typeid=i","cat":284464},{"id":5143,"n":"Chemises carton Esquisse A4 - lot de 3","p":1.65,"img":"https://fd6-photos.leclercdrive.fr/image.ashx?id=2943154&use=l&cat=p&typeid=i","cat":284745},{"id":5155,"n":"Mini Gomme Esquisse Plastique x2","p":0.59,"u":"0,30 €/P","img":"https://fd6-photos.leclercdrive.fr/image.ashx?id=2943220&use=l&cat=p&typeid=i","cat":334133},{"id":5158,"n":"Déodorant Bille Femme Nivea Dry Confort 72H - 50ml","p":2.31,"u":"46,20 €/L","img":"https://fd6-photos.leclercdrive.fr/image.ashx?id=2871058&use=l&cat=p&typeid=i","cat":284595},{"id":5160,"n":"Pur jus de fruits Tropicana Réveil fruité - 1,5L","p":3.58,"u":"2,39 €/L","img":"https://fd6-photos.leclercdrive.fr/image.ashx?id=2606400&use=l&cat=p&typeid=i","cat":284521},{"id":5166,"n":"Sucettes Chupa Chups The Best x16 192g","p":1.81,"u":"9,43 €/KG","img":"https://fd6-photos.leclercdrive.fr/image.ashx?id=2647654&use=l&cat=p&typeid=i","cat":304250},{"id":5227,"n":"Pâtes Lustucru coquillettes Oeufs frais - 250g","p":0.97,"u":"3,88 €/KG","img":"https://fd6-photos.leclercdrive.fr/image.ashx?id=2519474&use=l&cat=p&typeid=i","cat":284427},{"id":5228,"n":"Pâtes Lustucru spaghetti courts Oeufs frais - 250g","p":0.97,"u":"3,88 €/KG","img":"https://fd6-photos.leclercdrive.fr/image.ashx?id=2519477&use=l&cat=p&typeid=i","cat":284427},{"id":5248,"n":"Yaourts aux fruits Délisse Panaché de fruits - 12x125g","p":3.37,"u":"2,25 €/KG","img":"https://fd6-photos.leclercdrive.fr/image.ashx?id=2658575&use=l&cat=p&typeid=i","cat":284410},{"id":5250,"n":"Crème glacée Eskiss Pistache avec éclats - 494g","p":2.43,"u":"4,92 €/KG","img":"https://fd6-photos.leclercdrive.fr/image.ashx?id=2982586&use=l&cat=p&typeid=i","cat":284263},{"id":5252,"n":"Pansements Primoplast Spécial articulations 10 bandes","p":1.99,"img":"https://fd6-photos.leclercdrive.fr/image.ashx?id=2897766&use=l&cat=p&typeid=i","cat":284630},{"id":5253,"n":"Pansements Primoplast Spécial Articulations x30","p":1.59,"img":"https://fd6-photos.leclercdrive.fr/image.ashx?id=2832912&use=l&cat=p&typeid=i","cat":284630},{"id":5254,"n":"Croc's jambon Côté Croc Dinde x2 - 100g","p":1.72,"u":"8,60 €/KG","img":"https://fd6-photos.leclercdrive.fr/image.ashx?id=2449760&use=l&cat=p&typeid=i","cat":333683},{"id":5255,"n":"Croc Côté Croc Poulet Fromage x2 - 200g","p":1.54,"u":"7,70 €/KG","img":"https://fd6-photos.leclercdrive.fr/image.ashx?id=2967549&use=l&cat=p&typeid=i","cat":333683},{"id":5261,"n":"Fromage blanc Délisse Nature 7.8% MG - 8x100g","p":2.89,"u":"3,61 €/KG","img":"https://fd6-photos.leclercdrive.fr/image.ashx?id=3012812&use=l&cat=p&typeid=i","cat":284409},{"id":5263,"n":"Yaourts Pulpe de fruits Délisse Panaché de fruits - 16x100g","p":3.54,"u":"2,21 €/KG","img":"https://fd6-photos.leclercdrive.fr/image.ashx?id=2595534&use=l&cat=p&typeid=i","cat":284414},{"id":5265,"n":"Piémontaise Menu Fraîcheur  Au jambon - 300g","p":1.59,"u":"5,30 €/KG","img":"https://fd6-photos.leclercdrive.fr/image.ashx?id=2901425&use=l&cat=p&typeid=i","cat":333657},{"id":5271,"n":"Betteraves Menu Fraîcheur  Rouge en dés - 300g","p":1.19,"u":"3,97 €/KG","img":"https://fd6-photos.leclercdrive.fr/image.ashx?id=2552418&use=l&cat=p&typeid=i","cat":333657},{"id":5273,"n":"Pilons de poulet Côté Croc à l'Indienne - 250g","p":2.49,"u":"9,96 €/KG","img":"https://fd6-photos.leclercdrive.fr/image.ashx?id=2560473&use=l&cat=p&typeid=i","cat":333685},{"id":5275,"n":"Taboulé Menu Fraîcheur Aux crevettes - 300g","p":1.95,"u":"6,50 €/KG","img":"https://fd6-photos.leclercdrive.fr/image.ashx?id=2645888&use=l&cat=p&typeid=i","cat":333657},{"id":5276,"n":"Pizza Turini Lardons Chèvre - 200g","p":1.53,"u":"7,65 €/KG","img":"https://fd6-photos.leclercdrive.fr/image.ashx?id=2989652&use=l&cat=p&typeid=i","cat":333679},{"id":5277,"n":"Yaourts Pâtissiers Délisse Spécialités gourmandes-12x125g","p":3.17,"u":"2,11 €/KG","img":"https://fd6-photos.leclercdrive.fr/image.ashx?id=2501667&use=l&cat=p&typeid=i","cat":314999},{"id":5279,"n":"Actifidus Delisse Nature - 4x125g","p":0.85,"u":"1,70 €/KG","img":"https://fd6-photos.leclercdrive.fr/image.ashx?id=2431107&use=l&cat=p&typeid=i","cat":315000},{"id":5281,"n":"Yaourts Petits Délis Chocolat - 6x100g","p":1.91,"u":"3,18 €/KG","img":"https://fd6-photos.leclercdrive.fr/image.ashx?id=2865188&use=l&cat=p&typeid=i","cat":284414},{"id":5284,"n":"Foies de volaille Volandrie confits - 300g","p":2.7,"u":"9,00 €/KG","img":"https://fd6-photos.leclercdrive.fr/image.ashx?id=2814857&use=l&cat=p&typeid=i","cat":284715},{"id":5285,"n":"Escalope Normande Côté Croc x2 - 200g","p":1.78,"u":"8,90 €/KG","img":"https://fd6-photos.leclercdrive.fr/image.ashx?id=2488353&use=l&cat=p&typeid=i","cat":333683},{"id":5288,"n":"Crème dessert Petits Délis Chocolat et lait - 6x70g","p":1.3,"u":"3,10 €/KG","img":"https://fd6-photos.leclercdrive.fr/image.ashx?id=2572061&use=l&cat=p&typeid=i","cat":285041},{"id":5289,"n":"Torti au surimi Menu Fraîcheur 300g","p":1.75,"u":"5,83 €/KG","img":"https://fd6-photos.leclercdrive.fr/image.ashx?id=2965443&use=l&cat=p&typeid=i","cat":333657},{"id":5291,"n":"Cordon bleu Côté Croc Dinde - 400g","p":3.67,"u":"9,18 €/KG","img":"https://fd6-photos.leclercdrive.fr/image.ashx?id=2915116&use=l&cat=p&typeid=i","cat":333683},{"id":5293,"n":"Biscuits apéritifs Tokapi 3 saveurs - 100g","p":0.97,"u":"9,70 €/KG","img":"https://fd6-photos.leclercdrive.fr/image.ashx?id=2588926&use=l&cat=p&typeid=i","cat":284449},{"id":5294,"n":"Yaourts brassés Délisse Nature - 4x125g","p":1.05,"u":"2,10 €/KG","img":"https://fd6-photos.leclercdrive.fr/image.ashx?id=2282162&use=l&cat=p&typeid=i","cat":284409},{"id":5296,"n":"Crème dessert Délisse Chocolat blanc - 4x125g","p":1.36,"u":"2,72 €/KG","img":"https://fd6-photos.leclercdrive.fr/image.ashx?id=2753475&use=l&cat=p&typeid=i","cat":285041},{"id":5308,"n":"Biscuits Mini Rollos Pépito Chocolat au lait - 225g","p":1.86,"u":"8,27 €/KG","img":"https://fd6-photos.leclercdrive.fr/image.ashx?id=3014407&use=l&cat=p&typeid=i","cat":284488},{"id":5310,"n":"Petits pois d'aucy  Extra-fins - 560g","p":1.68,"u":"3,00 €/KG","img":"https://fd6-photos.leclercdrive.fr/image.ashx?id=2426361&use=l&cat=p&typeid=i","cat":312607},{"id":5311,"n":"Petits pois carottes d'Aucy A l'étuvée - Extra fins - 530g","p":1.66,"u":"3,13 €/KG","img":"https://fd6-photos.leclercdrive.fr/image.ashx?id=2426364&use=l&cat=p&typeid=i","cat":312607},{"id":5317,"n":"Lentilles cuisinées Raynal Et Roquelaure - 410g","p":1.25,"u":"3,05 €/KG","img":"https://fd6-photos.leclercdrive.fr/image.ashx?id=2928396&use=l&cat=p&typeid=i","cat":312609},{"id":5318,"n":"Biscuits galettes St Michel 130g","p":0.92,"u":"7,08 €/KG","img":"https://fd6-photos.leclercdrive.fr/image.ashx?id=2986149&use=l&cat=p&typeid=i","cat":284487},{"id":5321,"n":"Chocolat poudre Benco 400g","p":2.33,"u":"5,83 €/KG","img":"https://fd6-photos.leclercdrive.fr/image.ashx?id=2871805&use=l&cat=p&typeid=i","cat":293235},{"id":5322,"n":"Quenelles veau  Petit Jean - 400g","p":2.23,"u":"5,58 €/KG","img":"https://fd6-photos.leclercdrive.fr/image.ashx?id=2677231&use=l&cat=p&typeid=i","cat":284441},{"id":5325,"n":"Confiture Bonne Maman Fraise - 370g","p":1.72,"u":"4,65 €/KG","img":"https://fd6-photos.leclercdrive.fr/image.ashx?id=2474984&use=l&cat=p&typeid=i","cat":284480},{"id":5329,"n":"Saucisses aux lentilles William Saurin - 420g","p":2.15,"u":"5,12 €/KG","img":"https://fd6-photos.leclercdrive.fr/image.ashx?id=2890067&use=l&cat=p&typeid=i","cat":284441},{"id":5342,"n":"Soda Canada Dry Ginger Ale 1,5L","p":2.03,"u":"1,35 €/L","img":"https://fd6-photos.leclercdrive.fr/image.ashx?id=2654674&use=l&cat=p&typeid=i","cat":284531},{"id":5360,"n":"Dentifrice Sanogyl Blancheur et soin 75ml","p":2.46,"u":"32,80 €/L","img":"https://fd6-photos.leclercdrive.fr/image.ashx?id=2734015&use=l&cat=p&typeid=i","cat":284612},{"id":5361,"n":"Bière blonde extra forte  Brauperle - 8%vol. - 50cl","p":1.17,"u":"2,34 €/L","img":"https://fd6-photos.leclercdrive.fr/image.ashx?id=1651801&use=l&cat=p&typeid=i","cat":334853},{"id":5362,"n":"Vin mousseux Charles Volner Brut - 12%vol. - 75cl","p":4.15,"u":"5,53 €/L","img":"https://fd6-photos.leclercdrive.fr/image.ashx?id=1592052&use=l&cat=p&typeid=i","cat":284544},{"id":5363,"n":"Salsifis Notre Jardin 250g","p":1.35,"u":"5,40 €/KG","img":"https://fd6-photos.leclercdrive.fr/image.ashx?id=2468804&use=l&cat=p&typeid=i","cat":312612},{"id":5364,"n":"Fromage blanc Délisse Nature 7% MG - 1kg","p":2.39,"u":"2,39 €/KG","img":"https://fd6-photos.leclercdrive.fr/image.ashx?id=2834999&use=l&cat=p&typeid=i","cat":284409},{"id":5366,"n":"Cire Dépilatoire Siliss Méthode orientale - 250ml","p":3.89,"u":"15,56 €/L","img":"https://fd6-photos.leclercdrive.fr/image.ashx?id=2699396&use=l&cat=p&typeid=i","cat":325351},{"id":5367,"n":"Biscuits tuiles P'tit Déli 100g","p":1.15,"u":"11,50 €/KG","img":"https://fd6-photos.leclercdrive.fr/image.ashx?id=1898889&use=l&cat=p&typeid=i","cat":284487},{"id":5368,"n":"Biscuits Croustillants Tokapi Gouda - 85g","p":0.99,"u":"11,65 €/KG","img":"https://fd6-photos.leclercdrive.fr/image.ashx?id=2507685&use=l&cat=p&typeid=i","cat":297000},{"id":5369,"n":"Légumes couscous Notre Jardin 800g","p":1.49,"u":"1,86 €/KG","img":"https://fd6-photos.leclercdrive.fr/image.ashx?id=2854213&use=l&cat=p&typeid=i","cat":312612},{"id":5381,"n":"Dentifrice Dentamyl Haleine fraîche 75ml","p":1.39,"u":"18,53 €/L","img":"https://fd6-photos.leclercdrive.fr/image.ashx?id=2613828&use=l&cat=p&typeid=i","cat":284612},{"id":5385,"n":"Lait coco Tables du Monde 200ml","p":0.87,"u":"4,35 €/L","img":"https://fd6-photos.leclercdrive.fr/image.ashx?id=2920172&use=l&cat=p&typeid=i","cat":288992},{"id":5386,"n":"Biscuit Petit beurre P'tit Déli Tablette chocolat lait - 150g","p":1.29,"u":"8,60 €/KG","img":"https://fd6-photos.leclercdrive.fr/image.ashx?id=2949176&use=l&cat=p&typeid=i","cat":284488},{"id":5387,"n":"Boisson soja Calcium Végé 1L Végé - 200g","p":0.9,"u":"0,90 €/L","img":"https://fd6-photos.leclercdrive.fr/image.ashx?id=2859155&use=l&cat=p&typeid=i","cat":316067},{"id":5390,"n":"Crème anglaise Délisse 50cl","p":1.28,"u":"2,56 €/L","img":"https://fd6-photos.leclercdrive.fr/image.ashx?id=3002569&use=l&cat=p&typeid=i","cat":284382},{"id":5391,"n":"Yaourts à boire Délisse 3 parfums - 6x180g","p":2.39,"u":"2,21 €/KG","img":"https://fd6-photos.leclercdrive.fr/image.ashx?id=2757924&use=l&cat=p&typeid=i","cat":284415},{"id":5393,"n":"Fromage blanc Délisse Framboise 5.5% MG - 500g","p":2.39,"u":"4,78 €/KG","img":"https://fd6-photos.leclercdrive.fr/image.ashx?id=3012821&use=l&cat=p&typeid=i","cat":284409},{"id":5396,"n":"Bain de bouche Dentamyl Multi Protection - 500ml","p":1.89,"u":"3,78 €/L","img":"https://fd6-photos.leclercdrive.fr/image.ashx?id=2500806&use=l&cat=p&typeid=i","cat":284613},{"id":5399,"n":"Pur jus d'orange Bio Village Bio sans pulpe - 1L","p":2.45,"u":"2,45 €/L","img":"https://fd6-photos.leclercdrive.fr/image.ashx?id=2901521&use=l&cat=p&typeid=i","cat":284521},{"id":5405,"n":"Saucisse sèche d'Auvergne  NRT - 300g","p":5.56,"u":"18,53 €/KG","img":"https://fd6-photos.leclercdrive.fr/image.ashx?id=2991473&use=l&cat=p&typeid=i","cat":316006},{"id":5406,"n":"Saucisson sec d'Auvergne IGP Nos Régions ont du Talent 300g","p":5.51,"u":"18,37 €/KG","img":"https://fd6-photos.leclercdrive.fr/image.ashx?id=2991476&use=l&cat=p&typeid=i","cat":316006},{"id":5449,"n":"Boîte chat Whiskas Terrine du marché - 4x400g","p":4.73,"u":"2,96 €/KG","img":"https://fd6-photos.leclercdrive.fr/image.ashx?id=2759619&use=l&cat=p&typeid=i","cat":285601},{"id":5465,"n":"Eau de source de Montagne 6x50cl","p":1.67,"u":"0,56 €/L","img":"https://fd6-photos.leclercdrive.fr/image.ashx?id=2727614&use=l&cat=p&typeid=i","cat":284535},{"id":5472,"n":"Biscuits barquettes P'tit Déli Fraise - 2x120g","p":1.66,"u":"6,92 €/KG","img":"https://fd6-photos.leclercdrive.fr/image.ashx?id=2691168&use=l&cat=p&typeid=i","cat":284489},{"id":5480,"n":"Biscuits Dejeuner REM 3x255g","p":3.2,"u":"4,18 €/KG","img":"https://fd6-photos.leclercdrive.fr/image.ashx?id=3002201&use=l&cat=p&typeid=i","cat":284491},{"id":5498,"n":"Comté des terroirs Entremont 200g","p":3.68,"u":"18,40 €/KG","img":"https://fd6-photos.leclercdrive.fr/image.ashx?id=2474245&use=l&cat=p&typeid=i","cat":314034},{"id":5501,"n":"Sel La Baleine  Fin iodé 125g","p":0.35,"u":"2,80 €/KG","img":"https://fd6-photos.leclercdrive.fr/image.ashx?id=2019879&use=l&cat=p&typeid=i","cat":284457},{"id":5509,"n":"Pâtes Torsades Turini 1kg","p":1.29,"u":"1,29 €/KG","img":"https://fd6-photos.leclercdrive.fr/image.ashx?id=2980767&use=l&cat=p&typeid=i","cat":284427},{"id":5511,"n":"Sparadrap Primoplast Peaux délicates 5mx2.5cm","p":1.48,"img":"https://fd6-photos.leclercdrive.fr/image.ashx?id=2856426&use=l&cat=p&typeid=i","cat":284630},{"id":5512,"n":"Sparadrap Primoplast résistant 5mx2.5cm","p":1.49,"img":"https://fd6-photos.leclercdrive.fr/image.ashx?id=2856435&use=l&cat=p&typeid=i","cat":284630},{"id":5513,"n":"Miel Nid d'Abeille Crémeux - 1 kg","p":6.39,"u":"6,39 €/KG","img":"https://fd6-photos.leclercdrive.fr/image.ashx?id=2550369&use=l&cat=p&typeid=i","cat":287643},{"id":5514,"n":"Bande strapping Primoplast Adhésive 2.5mx6cm","p":3.39,"img":"https://fd6-photos.leclercdrive.fr/image.ashx?id=2856441&use=l&cat=p&typeid=i","cat":284630},{"id":5515,"n":"Vin mousseux d'Union Européenne  brut  -75cl","p":2.99,"u":"3,99 €/L","img":"https://fd6-photos.leclercdrive.fr/image.ashx?id=2807279&use=l&cat=p&typeid=i","cat":284544},{"id":5517,"n":"Canapés toasts Epi d'Or Nature - 280g","p":1.12,"u":"4,00 €/KG","img":"https://fd6-photos.leclercdrive.fr/image.ashx?id=1859140&use=l&cat=p&typeid=i","cat":285454},{"id":5526,"n":"Fromage Bleu d'Auvergne NRT  AOP - 125g","p":1.39,"u":"11,12 €/KG","img":"https://fd6-photos.leclercdrive.fr/image.ashx?id=2771040&use=l&cat=p&typeid=i","cat":314032},{"id":5529,"n":"Croquettes petits chiens Ultima  Poulet - Yorkshire - 800g","p":3.13,"u":"3,91 €/KG","img":"https://fd6-photos.leclercdrive.fr/image.ashx?id=2922224&use=l&cat=p&typeid=i","cat":294526},{"id":5534,"n":"Copies doubles Esquisse Perforées  21x29.7cm- 300 pages","p":2.49,"img":"https://fd6-photos.leclercdrive.fr/image.ashx?id=2943202&use=l&cat=p&typeid=i","cat":284697},{"id":5536,"n":"Biscuits Pockitos Pépito Chocolat au lait - 295g","p":3.41,"u":"11,56 €/KG","img":"https://fd6-photos.leclercdrive.fr/image.ashx?id=3001955&use=l&cat=p&typeid=i","cat":284488},{"id":5545,"n":"Garniture Bouchées à la reine Petit Jean - 400g","p":2.17,"u":"5,43 €/KG","img":"https://fd6-photos.leclercdrive.fr/image.ashx?id=2677240&use=l&cat=p&typeid=i","cat":284441},{"id":5563,"n":"Biscuits P'tit Déli Délimousse 175g","p":1.51,"u":"8,63 €/KG","img":"https://fd6-photos.leclercdrive.fr/image.ashx?id=2540936&use=l&cat=p&typeid=i","cat":284495},{"id":5564,"n":"Lingettes nettoyantes Clair Vitres 3en1 x20","p":0.87,"u":"0,04 €/P","img":"https://fd6-photos.leclercdrive.fr/image.ashx?id=2968619&use=l&cat=p&typeid=i","cat":325363},{"id":5573,"n":"Quenelles Côté Table volaille Sauce champignons 400g","p":1.88,"u":"4,70 €/KG","img":"https://fd6-photos.leclercdrive.fr/image.ashx?id=2977135&use=l&cat=p&typeid=i","cat":284441},{"id":5574,"n":"Quenelles Côté Table saumon Sauce crevette 400g","p":1.87,"u":"4,68 €/KG","img":"https://fd6-photos.leclercdrive.fr/image.ashx?id=2977138&use=l&cat=p&typeid=i","cat":284441},{"id":5575,"n":"Compote Douceur du Verger Gourdes Pomme - 12x90g","p":2.7,"u":"2,50 €/KG","img":"https://fd6-photos.leclercdrive.fr/image.ashx?id=2837030&use=l&cat=p&typeid=i","cat":284508},{"id":5576,"n":"Biscuits choco barre P'tit Déli Chocolat lait 295g","p":2.64,"u":"8,95 €/KG","img":"https://fd6-photos.leclercdrive.fr/image.ashx?id=2618229&use=l&cat=p&typeid=i","cat":284488},{"id":5578,"n":"Cuillers à pâtisserie  P'tit Déli 300g","p":2.49,"u":"8,30 €/KG","img":"https://fd6-photos.leclercdrive.fr/image.ashx?id=2046352&use=l&cat=p&typeid=i","cat":284487},{"id":5581,"n":"Chewing-gum sans sucre Freedent Menthe verte 5x10 dragées 70g","p":2.16,"img":"https://fd6-photos.leclercdrive.fr/image.ashx?id=2325482&use=l&cat=p&typeid=i","cat":304251},{"id":5582,"n":"Chewing-gum Freedent white Fruits sans sucre x50 - 70g","p":2.11,"u":"30,14 €/KG","img":"https://fd6-photos.leclercdrive.fr/image.ashx?id=2237283&use=l&cat=p&typeid=i","cat":304251},{"id":5600,"n":"Pâté Hénaff 78g","p":1.23,"u":"15,77 €/KG","img":"https://fd6-photos.leclercdrive.fr/image.ashx?id=2280516&use=l&cat=p&typeid=i","cat":305149},{"id":5612,"n":"Eau de source Cristaline 6x1,5L","p":1.12,"u":"0,12 €/L","img":"https://fd6-photos.leclercdrive.fr/image.ashx?id=2389449&use=l&cat=p&typeid=i","cat":284535},{"id":5619,"n":"Oeufs de lompe Ronde des Mers Rouge - MSC - 100g","p":2.6,"u":"26,00 €/KG","img":"https://fd6-photos.leclercdrive.fr/image.ashx?id=2822720&use=l&cat=p&typeid=i","cat":285191},{"id":5621,"n":"Chips crevette Tokapi 50g","p":0.65,"u":"13,00 €/KG","img":"https://fd6-photos.leclercdrive.fr/image.ashx?id=3013573&use=l&cat=p&typeid=i","cat":288992},{"id":5622,"n":"Croquettes chiens Lydog Spécial Forme - Volaille - 4kg","p":4.99,"u":"1,25 €/KG","img":"https://fd6-photos.leclercdrive.fr/image.ashx?id=2191117&use=l&cat=p&typeid=i","cat":284672},{"id":5624,"n":"Croquettes chiens Lydog Junior - Volaille - 4kg","p":7.98,"u":"2,00 €/KG","img":"https://fd6-photos.leclercdrive.fr/image.ashx?id=1937477&use=l&cat=p&typeid=i","cat":284672},{"id":5626,"n":"Bonbons Copains Copines Frites acides - 275 g","p":1.71,"u":"6,22 €/KG","img":"https://fd6-photos.leclercdrive.fr/image.ashx?id=2934655&use=l&cat=p&typeid=i","cat":304250},{"id":5627,"n":"Lasagnes bolognaise Côté Table 1kg","p":4.14,"u":"4,14 €/KG","img":"https://fd6-photos.leclercdrive.fr/image.ashx?id=2570915&use=l&cat=p&typeid=i","cat":333666},{"id":5630,"n":"Papier toilette blanc Mimosa Ultra doux maxi rouleau - x12","p":5.4,"u":"0,45 €/P","img":"https://fd6-photos.leclercdrive.fr/image.ashx?id=2777848&use=l&cat=p&typeid=i","cat":284634},{"id":5633,"n":"Soufflés Grignot' Tokapi Cacahuète - 90g","p":0.7,"u":"7,78 €/KG","img":"https://fd6-photos.leclercdrive.fr/image.ashx?id=2049223&use=l&cat=p&typeid=i","cat":284449},{"id":5634,"n":"Flammekueche d'Alsace NRT 375g","p":2.93,"u":"7,81 €/KG","img":"https://fd6-photos.leclercdrive.fr/image.ashx?id=2743855&use=l&cat=p&typeid=i","cat":333680},{"id":5635,"n":"Rosette de Lyon NRT 400g","p":5.72,"u":"14,30 €/KG","img":"https://fd6-photos.leclercdrive.fr/image.ashx?id=2991491&use=l&cat=p&typeid=i","cat":316006},{"id":5718,"n":"Tampons Doulys avec applicateur Super - x24","p":2.47,"u":"0,10 €/P","img":"https://fd6-photos.leclercdrive.fr/image.ashx?id=2965458&use=l&cat=p&typeid=i","cat":284626},{"id":5736,"n":"Sel adoucisseur Axal Pastilles - 10kg","p":4.41,"u":"0,44 €/KG","img":"https://fd6-photos.leclercdrive.fr/image.ashx?id=2504482&use=l&cat=p&typeid=i","cat":335918},{"id":5772,"n":"Biscuits tartelette Bonne Maman Citron 125g","p":1.41,"u":"11,28 €/KG","img":"https://fd6-photos.leclercdrive.fr/image.ashx?id=2962296&use=l&cat=p&typeid=i","cat":284489},{"id":5802,"n":"Lait entier Vitamine D Lactel UHT Bouteille - 6x1l","p":10.45,"u":"1,74 €/L","img":"https://fd6-photos.leclercdrive.fr/image.ashx?id=2889427&use=l&cat=p&typeid=i","cat":285610},{"id":5816,"n":"Rillettes de thon Cap Océan MSC 150g","p":1.88,"u":"12,53 €/KG","img":"https://fd6-photos.leclercdrive.fr/image.ashx?id=2668440&use=l&cat=p&typeid=i","cat":285191},{"id":5817,"n":"Rillettes de saumon Cap ocean 150g","p":1.88,"u":"12,53 €/KG","img":"https://fd6-photos.leclercdrive.fr/image.ashx?id=2985147&use=l&cat=p&typeid=i","cat":285191},{"id":5823,"n":"Lait demi-écrémé Lactel Vitamine D Bouteille - 6x50cl","p":5.76,"u":"1,92 €/L","img":"https://fd6-photos.leclercdrive.fr/image.ashx?id=2993403&use=l&cat=p&typeid=i","cat":284377},{"id":5831,"n":"Ketchup Rustica Epicé - 560g","p":1.59,"u":"2,84 €/KG","img":"https://fd6-photos.leclercdrive.fr/image.ashx?id=2327491&use=l&cat=p&typeid=i","cat":284455},{"id":5833,"n":"Biscuits Cuillers P'tit Déli Dégustation x20 - 200g","p":2.49,"u":"12,45 €/KG","img":"https://fd6-photos.leclercdrive.fr/image.ashx?id=1856164&use=l&cat=p&typeid=i","cat":284487},{"id":5838,"n":"Petit salé Côté Table lentilles A l'auvergnate 420g","p":2.27,"u":"5,40 €/KG","img":"https://fd6-photos.leclercdrive.fr/image.ashx?id=2977123&use=l&cat=p&typeid=i","cat":284441},{"id":5850,"n":"Couscous Côté Table Poulet merguez 450g","p":2.7,"u":"6,00 €/KG","img":"https://fd6-photos.leclercdrive.fr/image.ashx?id=1936608&use=l&cat=p&typeid=i","cat":333665},{"id":5855,"n":"Lasagnes bolognaise Côté Table 350g","p":2.85,"u":"8,14 €/KG","img":"https://fd6-photos.leclercdrive.fr/image.ashx?id=2911802&use=l&cat=p&typeid=i","cat":333665},{"id":5856,"n":"Préparation pour crème brûlée Délisse 4x100g","p":2.49,"u":"6,23 €/KG","img":"https://fd6-photos.leclercdrive.fr/image.ashx?id=2842465&use=l&cat=p&typeid=i","cat":284419},{"id":5857,"n":"Hachis parmentier Côté Table 300g","p":2.19,"u":"7,30 €/KG","img":"https://fd6-photos.leclercdrive.fr/image.ashx?id=2616733&use=l&cat=p&typeid=i","cat":333665},{"id":5859,"n":"Guacamole Tables du Monde 200g","p":2.29,"u":"13,09 €/KG","img":"https://fd6-photos.leclercdrive.fr/image.ashx?id=2872252&use=l&cat=p&typeid=i","cat":315999},{"id":5860,"n":"Petit pot de crème Délisse Pistache - 4x100g","p":1.85,"u":"4,63 €/KG","img":"https://fd6-photos.leclercdrive.fr/image.ashx?id=2550378&use=l&cat=p&typeid=i","cat":285041},{"id":5861,"n":"Tagliatelle Côté Table Carbonara 330g","p":2.35,"u":"7,12 €/KG","img":"https://fd6-photos.leclercdrive.fr/image.ashx?id=2797775&use=l&cat=p&typeid=i","cat":333665},{"id":5865,"n":"Actifidus Délisse Noix de coco - 4x125g","p":1.38,"u":"2,76 €/KG","img":"https://fd6-photos.leclercdrive.fr/image.ashx?id=2421039&use=l&cat=p&typeid=i","cat":315000},{"id":5866,"n":"Actifidus Délisse Vanille - 12x125g","p":2.58,"u":"1,72 €/KG","img":"https://fd6-photos.leclercdrive.fr/image.ashx?id=2751877&use=l&cat=p&typeid=i","cat":315000},{"id":5869,"n":"Spécialité au soja Nat & Vie Chocolat - 4x100g","p":1.34,"u":"3,35 €/KG","img":"https://fd6-photos.leclercdrive.fr/image.ashx?id=2901437&use=l&cat=p&typeid=i","cat":316071},{"id":5870,"n":"Boisson soja nature Végé 1L Végé - 200g","p":0.85,"u":"0,85 €/L","img":"https://fd6-photos.leclercdrive.fr/image.ashx?id=2861413&use=l&cat=p&typeid=i","cat":316067},{"id":5871,"n":"Yaourts à boire DéliUp' Délisse Fraise - 10x100g","p":2.76,"u":"2,76 €/KG","img":"https://fd6-photos.leclercdrive.fr/image.ashx?id=1871092&use=l&cat=p&typeid=i","cat":284415},{"id":5873,"n":"Beignets crevettes Tables du Monde x6 140g","p":2.06,"u":"14,71 €/KG","img":"https://fd6-photos.leclercdrive.fr/image.ashx?id=2865053&use=l&cat=p&typeid=i","cat":333673},{"id":5877,"n":"Petit pot de crème Délisse Chocolat - 8x100g","p":3.57,"u":"4,46 €/KG","img":"https://fd6-photos.leclercdrive.fr/image.ashx?id=2544970&use=l&cat=p&typeid=i","cat":285041},{"id":5878,"n":"Jus 3 agrumes Jafaden 1L","p":2.75,"u":"2,75 €/L","img":"https://fd6-photos.leclercdrive.fr/image.ashx?id=2916665&use=l&cat=p&typeid=i","cat":285435},{"id":5880,"n":"Yaourts mousse Petits Délis Fruits - 6x74g","p":1.77,"u":"3,99 €/KG","img":"https://fd6-photos.leclercdrive.fr/image.ashx?id=2907057&use=l&cat=p&typeid=i","cat":284414},{"id":5884,"n":"Gratin dauphinois Côté Table 280g","p":2.99,"u":"10,68 €/KG","img":"https://fd6-photos.leclercdrive.fr/image.ashx?id=2807285&use=l&cat=p&typeid=i","cat":333665},{"id":5891,"n":"Tzatziki Tables du Monde 200g","p":1.59,"u":"7,95 €/KG","img":"https://fd6-photos.leclercdrive.fr/image.ashx?id=2872255&use=l&cat=p&typeid=i","cat":315999},{"id":5895,"n":"Tripes mode de caen NRT 600g","p":3.99,"u":"6,65 €/KG","img":"https://fd6-photos.leclercdrive.fr/image.ashx?id=2723198&use=l&cat=p&typeid=i","cat":284441},{"id":5901,"n":"Filtre à café Melitta 1x4 Original - x40","p":0.98,"u":"0,02 €/P","img":"https://fd6-photos.leclercdrive.fr/image.ashx?id=2882053&use=l&cat=p&typeid=i","cat":284751},{"id":5907,"n":"Haricots beurre d'aucy Extra-fins - 440g","p":2.08,"u":"4,73 €/KG","img":"https://fd6-photos.leclercdrive.fr/image.ashx?id=2431536&use=l&cat=p&typeid=i","cat":312606},{"id":5909,"n":"Mini gâches briochettes NRT Pur beurre x8 - 360g","p":2.07,"u":"5,75 €/KG","img":"https://fd6-photos.leclercdrive.fr/image.ashx?id=2670416&use=l&cat=p&typeid=i","cat":284478},{"id":5911,"n":"Sel fin Cérébos 250g","p":0.85,"u":"3,40 €/KG","img":"https://fd6-photos.leclercdrive.fr/image.ashx?id=2904173&use=l&cat=p&typeid=i","cat":284457},{"id":5912,"n":"Sel fin iodé Cérébos 500g","p":0.53,"u":"1,06 €/KG","img":"https://fd6-photos.leclercdrive.fr/image.ashx?id=2522095&use=l&cat=p&typeid=i","cat":284457},{"id":5917,"n":"Boule de pain tranchée 400g","p":1.4,"u":"3,50 €/KG","img":"https://fd6-photos.leclercdrive.fr/image.ashx?id=2062891&use=l&cat=p&typeid=i","cat":284359},{"id":5951,"n":"Ravioli bolognaise   Panzani - 800g","p":3.75,"u":"4,69 €/KG","img":"https://fd6-photos.leclercdrive.fr/image.ashx?id=2876062&use=l&cat=p&typeid=i","cat":284442},{"id":5952,"n":"Couscous Grain Moyen Ferrero - 1kg","p":2.31,"u":"2,31 €/KG","img":"https://fd6-photos.leclercdrive.fr/image.ashx?id=2744740&use=l&cat=p&typeid=i","cat":284429},{"id":5954,"n":"Café moulu San Marco Arabica - 2x250g","p":10.49,"u":"20,98 €/KG","img":"https://fd6-photos.leclercdrive.fr/image.ashx?id=2645510&use=l&cat=p&typeid=i","cat":284750},{"id":6048,"n":"Sauce tomate Jardin Bio' Bio Basilic - 200g","p":1.53,"u":"7,65 €/KG","img":"https://fd6-photos.leclercdrive.fr/image.ashx?id=2967848&use=l&cat=p&typeid=i","cat":287599},{"id":6049,"n":"Ravioli Jardin Bio Bio légumes - 675g","p":3.18,"u":"4,71 €/KG","img":"https://fd6-photos.leclercdrive.fr/image.ashx?id=2534878&use=l&cat=p&typeid=i","cat":284442},{"id":6067,"n":"Huile d'olive Bio Village Bio Vierge extra - 75cl","p":7.64,"u":"10,19 €/L","img":"https://fd6-photos.leclercdrive.fr/image.ashx?id=3005697&use=l&cat=p&typeid=i","cat":284453},{"id":6068,"n":"Spaghetti Bio Village Bio - 500g","p":0.83,"u":"1,66 €/KG","img":"https://fd6-photos.leclercdrive.fr/image.ashx?id=2503284&use=l&cat=p&typeid=i","cat":284427},{"id":6069,"n":"Pâtes Coquillettes Bio Village Bio - 500g","p":0.84,"u":"1,68 €/KG","img":"https://fd6-photos.leclercdrive.fr/image.ashx?id=2625364&use=l&cat=p&typeid=i","cat":284427},{"id":6073,"n":"Crème fraîche bio Bio village Epaisse - 30% MG - 20cl","p":1.15,"u":"5,75 €/L","img":"https://fd6-photos.leclercdrive.fr/image.ashx?id=1975047&use=l&cat=p&typeid=i","cat":284381},{"id":6075,"n":"Quinoa Bio Village Bio - 500g","p":3.29,"u":"6,58 €/KG","img":"https://fd6-photos.leclercdrive.fr/image.ashx?id=2245755&use=l&cat=p&typeid=i","cat":284429},{"id":6076,"n":"Cookies chocolat Bio Village Bio 200g","p":2.67,"u":"13,35 €/KG","img":"https://fd6-photos.leclercdrive.fr/image.ashx?id=2400523&use=l&cat=p&typeid=i","cat":325066},{"id":6089,"n":"Pâtes Blé complet Barilla Spaghetti Integrale - 500g","p":1.26,"u":"2,52 €/KG","img":"https://fd6-photos.leclercdrive.fr/image.ashx?id=2986951&use=l&cat=p&typeid=i","cat":284427},{"id":6105,"n":"Biscuits apéritif Lay's 3D's Goût Nature Sel - 85g","p":0.79,"u":"9,29 €/KG","img":"https://fd6-photos.leclercdrive.fr/image.ashx?id=2917417&use=l&cat=p&typeid=i","cat":284449},{"id":6106,"n":"Biscuits apéritif Lay's 3D's Goût Fromage - 85g","p":0.8,"u":"9,41 €/KG","img":"https://fd6-photos.leclercdrive.fr/image.ashx?id=2923672&use=l&cat=p&typeid=i","cat":284449},{"id":6145,"n":"Biscuits Goûters REM Chocolat - 3x125g","p":2.66,"u":"7,09 €/KG","img":"https://fd6-photos.leclercdrive.fr/image.ashx?id=2841193&use=l&cat=p&typeid=i","cat":284488},{"id":6147,"n":"Biscuits barres Pockitos Pépito Chocolat au lait - 162g","p":1.9,"u":"11,73 €/KG","img":"https://fd6-photos.leclercdrive.fr/image.ashx?id=3001964&use=l&cat=p&typeid=i","cat":284488},{"id":6151,"n":"Pâtes Coudes rayés Panzani 500g","p":1.17,"u":"2,34 €/KG","img":"https://fd6-photos.leclercdrive.fr/image.ashx?id=2876008&use=l&cat=p&typeid=i","cat":284427},{"id":6152,"n":"Pâtes gansettes Panzani 500g","p":1.18,"u":"2,36 €/KG","img":"https://fd6-photos.leclercdrive.fr/image.ashx?id=2876017&use=l&cat=p&typeid=i","cat":284427},{"id":6153,"n":"Pâtes Macaroni Panzani 1kg","p":1.82,"u":"1,82 €/KG","img":"https://fd6-photos.leclercdrive.fr/image.ashx?id=2876026&use=l&cat=p&typeid=i","cat":284427},{"id":6154,"n":"Pâtes farfalle Panzani 500g","p":1.04,"u":"2,08 €/KG","img":"https://fd6-photos.leclercdrive.fr/image.ashx?id=2884300&use=l&cat=p&typeid=i","cat":284427},{"id":6155,"n":"Pâtes Torti Panzani 3 Minutes - 500G","p":1.2,"u":"2,40 €/KG","img":"https://fd6-photos.leclercdrive.fr/image.ashx?id=2896084&use=l&cat=p&typeid=i","cat":284427},{"id":6169,"n":"Fromage apéritif Apéricube Nature 24 cubes","p":2.11,"u":"16,88 €/KG","img":"https://fd6-photos.leclercdrive.fr/image.ashx?id=2883447&use=l&cat=p&typeid=i","cat":314027},{"id":6185,"n":"Sucre glace Béghin Say 500g","p":1.91,"u":"3,82 €/KG","img":"https://fd6-photos.leclercdrive.fr/image.ashx?id=2593608&use=l&cat=p&typeid=i","cat":284502},{"id":6188,"n":"Boisson lactée Candy'UP Fraise - 6x20cl","p":2.77,"u":"2,31 €/L","img":"https://fd6-photos.leclercdrive.fr/image.ashx?id=2485629&use=l&cat=p&typeid=i","cat":295246},{"id":6196,"n":"AOP Côtes du Rhône rouge Prestige Cellier Dauphins 75cl","p":3.38,"u":"4,51 €/L","img":"https://fd6-photos.leclercdrive.fr/image.ashx?id=2490533&use=l&cat=p&typeid=i","cat":289556},{"id":6199,"n":"Beurre Moulé Paysan Breton Demi-sel - 80%MG - 250g","p":3.26,"u":"13,04 €/KG","img":"https://fd6-photos.leclercdrive.fr/image.ashx?id=2947844&use=l&cat=p&typeid=i","cat":284379},{"id":6223,"n":"Fromage Maroilles AOP  Nos Régions ont du Talent 200g","p":2.69,"u":"13,45 €/KG","img":"https://fd6-photos.leclercdrive.fr/image.ashx?id=2411892&use=l&cat=p&typeid=i","cat":329558},{"id":6242,"n":"Café soluble Plantation Qualité filtre - 100g","p":2.83,"u":"28,30 €/KG","img":"https://fd6-photos.leclercdrive.fr/image.ashx?id=2834272&use=l&cat=p&typeid=i","cat":284843},{"id":6249,"n":"Céleri Menu Fraîcheur  Rémoulade - 500g","p":1.58,"u":"3,16 €/KG","img":"https://fd6-photos.leclercdrive.fr/image.ashx?id=2820107&use=l&cat=p&typeid=i","cat":333657},{"id":6254,"n":"Salade Coleslaw Menu Fraîcheur  300g","p":1.19,"u":"3,97 €/KG","img":"https://fd6-photos.leclercdrive.fr/image.ashx?id=2645891&use=l&cat=p&typeid=i","cat":333657},{"id":6256,"n":"Pizza Turini Jambon champignons - 450g","p":2.74,"u":"6,09 €/KG","img":"https://fd6-photos.leclercdrive.fr/image.ashx?id=2709734&use=l&cat=p&typeid=i","cat":333679},{"id":6291,"n":"Semoule fine Panzani 500g","p":1.23,"u":"2,46 €/KG","img":"https://fd6-photos.leclercdrive.fr/image.ashx?id=2745559&use=l&cat=p&typeid=i","cat":284429},{"id":6314,"n":"Pansements Primoplast Peaux sensibles x30","p":0.74,"img":"https://fd6-photos.leclercdrive.fr/image.ashx?id=2832918&use=l&cat=p&typeid=i","cat":284630},{"id":6316,"n":"Escalope de poulet Côté Croc À la Bolognaise x2 - 200g","p":2.09,"u":"10,45 €/KG","img":"https://fd6-photos.leclercdrive.fr/image.ashx?id=2814420&use=l&cat=p&typeid=i","cat":333683},{"id":6344,"n":"Boules soufflées Tokapi  Fromage - 50g","p":0.58,"u":"11,60 €/KG","img":"https://fd6-photos.leclercdrive.fr/image.ashx?id=2885762&use=l&cat=p&typeid=i","cat":284449},{"id":6345,"n":"Couscous Comptoir du Monde Grain moyen - 500g","p":0.84,"u":"1,68 €/KG","img":"https://fd6-photos.leclercdrive.fr/image.ashx?id=3012800&use=l&cat=p&typeid=i","cat":284429},{"id":6346,"n":"Madeleines longues P'tit Déli  Pur beurre 250g","p":1.57,"u":"6,28 €/KG","img":"https://fd6-photos.leclercdrive.fr/image.ashx?id=2825293&use=l&cat=p&typeid=i","cat":284492},{"id":6349,"n":"Filets anchois Ronde des Mers Câpres huile d'olive - 50g","p":1.4,"u":"28,00 €/KG","img":"https://fd6-photos.leclercdrive.fr/image.ashx?id=2992501&use=l&cat=p&typeid=i","cat":285190},{"id":6350,"n":"Eponges Mamison couleur Super absorbantes x3","p":1.22,"u":"0,41 €/P","img":"https://fd6-photos.leclercdrive.fr/image.ashx?id=2458049&use=l&cat=p&typeid=i","cat":284667},{"id":6354,"n":"Miel Nid d'Abeille Crémeux - 500 g","p":3.92,"u":"7,84 €/KG","img":"https://fd6-photos.leclercdrive.fr/image.ashx?id=2676534&use=l&cat=p&typeid=i","cat":287643},{"id":6355,"n":"AOC Clairette de Die doux Rives et Terrasses - 75cl","p":5.29,"u":"7,05 €/L","img":"https://fd6-photos.leclercdrive.fr/image.ashx?id=2753369&use=l&cat=p&typeid=i","cat":284544},{"id":6357,"n":"Chorizo doux Saint Azay 30 tranches - 150g","p":2.09,"u":"13,93 €/KG","img":"https://fd6-photos.leclercdrive.fr/image.ashx?id=1873710&use=l&cat=p&typeid=i","cat":316007},{"id":6358,"n":"Gel nettoyant wc javel Syphon Agrumes 750ml","p":0.89,"u":"1,19 €/L","img":"https://fd6-photos.leclercdrive.fr/image.ashx?id=2669696&use=l&cat=p&typeid=i","cat":284662},{"id":6359,"n":"Croûtons Epi d'Or Fromage - 90g","p":0.99,"u":"11,00 €/KG","img":"https://fd6-photos.leclercdrive.fr/image.ashx?id=2651783&use=l&cat=p&typeid=i","cat":284464},{"id":6360,"n":"Croûtons Epi d'Or  Oignon - 90g","p":0.99,"u":"11,00 €/KG","img":"https://fd6-photos.leclercdrive.fr/image.ashx?id=2640986&use=l&cat=p&typeid=i","cat":284464},{"id":6361,"n":"Crème Dépilatoire Siliss Tous types de peaux - 200ml","p":1.79,"u":"8,95 €/L","img":"https://fd6-photos.leclercdrive.fr/image.ashx?id=2699678&use=l&cat=p&typeid=i","cat":325351},{"id":6362,"n":"Mélange Gourmand Tokapi  Graines et raisins - 120g","p":1.29,"u":"10,75 €/KG","img":"https://fd6-photos.leclercdrive.fr/image.ashx?id=2795547&use=l&cat=p&typeid=i","cat":284448},{"id":6364,"n":"Fromage Reblochon de Savoie NRT AOP - 450g","p":6.25,"u":"13,89 €/KG","img":"https://fd6-photos.leclercdrive.fr/image.ashx?id=2663809&use=l&cat=p&typeid=i","cat":314037},{"id":6365,"n":"Galettes sarrasin NRT de Bretagne 230g","p":1.79,"u":"7,78 €/KG","img":"https://fd6-photos.leclercdrive.fr/image.ashx?id=2770259&use=l&cat=p&typeid=i","cat":333672},{"id":6366,"n":"Crêpes de froment NRT de Bretagne 180g","p":1.99,"u":"11,06 €/KG","img":"https://fd6-photos.leclercdrive.fr/image.ashx?id=2771058&use=l&cat=p&typeid=i","cat":333672},{"id":6388,"n":"Confiture Bonne Maman Mirabelle 370g","p":1.92,"u":"5,19 €/KG","img":"https://fd6-photos.leclercdrive.fr/image.ashx?id=2991891&use=l&cat=p&typeid=i","cat":284480},{"id":6390,"n":"Compotes Andros Pomme banane 750g","p":1.7,"u":"2,27 €/KG","img":"https://fd6-photos.leclercdrive.fr/image.ashx?id=2396114&use=l&cat=p&typeid=i","cat":284508},{"id":6391,"n":"Compotes Andros Pomme poire 750g","p":1.8,"u":"2,40 €/KG","img":"https://fd6-photos.leclercdrive.fr/image.ashx?id=2396117&use=l&cat=p&typeid=i","cat":284508},{"id":6392,"n":"Compotes Andros Pomme vanille 750g","p":1.82,"u":"2,43 €/KG","img":"https://fd6-photos.leclercdrive.fr/image.ashx?id=2396120&use=l&cat=p&typeid=i","cat":284508},{"id":6434,"n":"Eau gazeuse Cristaline 6x1,5L","p":1.74,"u":"0,19 €/L","img":"https://fd6-photos.leclercdrive.fr/image.ashx?id=2694602&use=l&cat=p&typeid=i","cat":284536},{"id":6437,"n":"Fromage P'tit Louis  Filet 8 Portions - 160g","p":2.75,"u":"17,19 €/KG","img":"https://fd6-photos.leclercdrive.fr/image.ashx?id=2845994&use=l&cat=p&typeid=i","cat":314030},{"id":6445,"n":"Bonbons Mentos  Menthe 4 rouleaux - 152g","p":1.82,"u":"11,97 €/KG","img":"https://fd6-photos.leclercdrive.fr/image.ashx?id=2659819&use=l&cat=p&typeid=i","cat":304256},{"id":6447,"n":"Bonbons Mentos  Fruits 4 rouleaux - 152g","p":1.8,"u":"11,84 €/KG","img":"https://fd6-photos.leclercdrive.fr/image.ashx?id=2659561&use=l&cat=p&typeid=i","cat":304256},{"id":6448,"n":"Petits pois carottes Très fins  Notre Jardin -A l'étuvée - 265g","p":0.95,"u":"3,58 €/KG","img":"https://fd6-photos.leclercdrive.fr/image.ashx?id=2987973&use=l&cat=p&typeid=i","cat":312607},{"id":6451,"n":"Pavé au poivre Saint Azay 8 tranches - 150g","p":2.84,"u":"18,93 €/KG","img":"https://fd6-photos.leclercdrive.fr/image.ashx?id=2078479&use=l&cat=p&typeid=i","cat":316007},{"id":6452,"n":"Flan Délisse Vanille Caramel - 12x100g","p":1.89,"u":"1,58 €/KG","img":"https://fd6-photos.leclercdrive.fr/image.ashx?id=2851637&use=l&cat=p&typeid=i","cat":284420},{"id":6455,"n":"Soufflés Snacks Tokapi Bacon - 60g","p":0.48,"u":"8,00 €/KG","img":"https://fd6-photos.leclercdrive.fr/image.ashx?id=2625062&use=l&cat=p&typeid=i","cat":284449},{"id":6458,"n":"Haricots verts D'aucy  Extra-fins - 3x110g","p":2.27,"u":"6,88 €/KG","img":"https://fd6-photos.leclercdrive.fr/image.ashx?id=2503428&use=l&cat=p&typeid=i","cat":312606},{"id":6459,"n":"Rillettes Hénaff Porc cuisson lente - 3x78g","p":3.96,"u":"16,92 €/KG","img":"https://fd6-photos.leclercdrive.fr/image.ashx?id=2660601&use=l&cat=p&typeid=i","cat":305149},{"id":6467,"n":"Pâtes Macaroni Turini 1kg","p":1.35,"u":"1,35 €/KG","img":"https://fd6-photos.leclercdrive.fr/image.ashx?id=2980435&use=l&cat=p&typeid=i","cat":284427},{"id":6484,"n":"Alcool modifié Mercurochrome 70° - 200ml","p":1.81,"u":"9,05 €/L","img":"https://fd6-photos.leclercdrive.fr/image.ashx?id=2663974&use=l&cat=p&typeid=i","cat":284630},{"id":6486,"n":"Biscuits apéritif Lay's 3D's Goût Bacon - 85g","p":0.78,"u":"9,18 €/KG","img":"https://fd6-photos.leclercdrive.fr/image.ashx?id=2917414&use=l&cat=p&typeid=i","cat":284449},{"id":6496,"n":"Sauce au Beurre Blan KNORR Échalote - Brique 30cl","p":1.31,"u":"4,37 €/L","img":"https://fd6-photos.leclercdrive.fr/image.ashx?id=2915991&use=l&cat=p&typeid=i","cat":288381},{"id":6511,"n":"Pâtes Spaghetti Turini 1kg","p":1.32,"u":"1,32 €/KG","img":"https://fd6-photos.leclercdrive.fr/image.ashx?id=2980450&use=l&cat=p&typeid=i","cat":284427},{"id":6512,"n":"Riz long Comptoir du Grain Sachet cuisson rapide x4 - 500g","p":1.25,"u":"2,50 €/KG","img":"https://fd6-photos.leclercdrive.fr/image.ashx?id=2118454&use=l&cat=p&typeid=i","cat":284428},{"id":6513,"n":"Vinaigre de vin Rustica Aromatisé à l'échalote - 75cl","p":1.35,"u":"1,80 €/L","img":"https://fd6-photos.leclercdrive.fr/image.ashx?id=1659936&use=l&cat=p&typeid=i","cat":298543},{"id":6514,"n":"Margarine Nat & vie Idéal cuisson - 500g","p":1.29,"u":"2,58 €/KG","img":"https://fd6-photos.leclercdrive.fr/image.ashx?id=2903932&use=l&cat=p&typeid=i","cat":315229},{"id":6516,"n":"Gâteaux P'tit Déli Pépites au chocolat 5x30g","p":1.04,"u":"6,93 €/KG","img":"https://fd6-photos.leclercdrive.fr/image.ashx?id=1986647&use=l&cat=p&typeid=i","cat":284495},{"id":6519,"n":"Soufflés Frites Tokapi Salé - 80g","p":0.63,"u":"7,88 €/KG","img":"https://fd6-photos.leclercdrive.fr/image.ashx?id=2486074&use=l&cat=p&typeid=i","cat":284449},{"id":6521,"n":"Pâtes chinoises Tables du Monde 250g","p":1.19,"u":"4,76 €/KG","img":"https://fd6-photos.leclercdrive.fr/image.ashx?id=2572058&use=l&cat=p&typeid=i","cat":288992},{"id":6523,"n":"Champignons Paris Notre Jardin Emincés - 2x115g","p":1.71,"u":"7,43 €/KG","img":"https://fd6-photos.leclercdrive.fr/image.ashx?id=2991124&use=l&cat=p&typeid=i","cat":312610},{"id":6524,"n":"Dessert fruitier pomme Douceur du Verger 8x100g","p":1.69,"u":"2,11 €/KG","img":"https://fd6-photos.leclercdrive.fr/image.ashx?id=3009773&use=l&cat=p&typeid=i","cat":284416},{"id":6525,"n":"Serviette hygiénique Doulys Ultra - Super+ - x12","p":1.1,"u":"0,09 €/P","img":"https://fd6-photos.leclercdrive.fr/image.ashx?id=2838918&use=l&cat=p&typeid=i","cat":284624},{"id":6526,"n":"Serviette hygiénique Doulys Ultra - Spécial nuit - x10","p":1.29,"u":"0,13 €/P","img":"https://fd6-photos.leclercdrive.fr/image.ashx?id=2838921&use=l&cat=p&typeid=i","cat":284624},{"id":6579,"n":"Vinaigre d'alcool coloré Eco+ 1L","p":0.35,"u":"0,35 €/L","img":"https://fd6-photos.leclercdrive.fr/image.ashx?id=2831553&use=l&cat=p&typeid=i","cat":298543},{"id":6580,"n":"Fromage de chévre Les Croisés 150g","p":1.42,"u":"9,47 €/KG","img":"https://fd6-photos.leclercdrive.fr/image.ashx?id=2978510&use=l&cat=p&typeid=i","cat":314031},{"id":6581,"n":"Fromage : Le carrou Les croisés Authentique - 27% mg - 220g","p":2.43,"u":"11,05 €/KG","img":"https://fd6-photos.leclercdrive.fr/image.ashx?id=2856272&use=l&cat=p&typeid=i","cat":314033},{"id":6584,"n":"Fromage blanc Délisse Mirabelle 5.5% MG - 500g","p":2.55,"u":"5,10 €/KG","img":"https://fd6-photos.leclercdrive.fr/image.ashx?id=3012824&use=l&cat=p&typeid=i","cat":284409},{"id":6589,"n":"Fromage Chaource NRT AOP  250g","p":3.55,"u":"14,20 €/KG","img":"https://fd6-photos.leclercdrive.fr/image.ashx?id=2874768&use=l&cat=p&typeid=i","cat":329558},{"id":6630,"n":"Pâtes torsettes Turini Les 3 min - 500g","p":0.82,"u":"1,64 €/KG","img":"https://fd6-photos.leclercdrive.fr/image.ashx?id=2607467&use=l&cat=p&typeid=i","cat":284427},{"id":6648,"n":"Boîte chocolats Ferrero Rocher x28 pralines - 350g","p":11.94,"u":"34,11 €/KG","img":"https://fd6-photos.leclercdrive.fr/image.ashx?id=2952884&use=l&cat=p&typeid=i","cat":327600},{"id":6712,"n":"Spray nettoyant vitres Clair 750ml","p":1.29,"u":"1,72 €/L","img":"https://fd6-photos.leclercdrive.fr/image.ashx?id=2943623&use=l&cat=p&typeid=i","cat":325363},{"id":6714,"n":"Fromage raclette Entremont Saveur d'Antan 350g","p":4.66,"u":"13,31 €/KG","img":"https://fd6-photos.leclercdrive.fr/image.ashx?id=2984985&use=l&cat=p&typeid=i","cat":314037},{"id":6715,"n":"Assiette charcuterie Saint Azay 200g","p":3.11,"u":"15,55 €/KG","img":"https://fd6-photos.leclercdrive.fr/image.ashx?id=2417734&use=l&cat=p&typeid=i","cat":316007},{"id":6780,"n":"Ail semoule Ducros 60g","p":1.72,"u":"28,67 €/KG","img":"https://fd6-photos.leclercdrive.fr/image.ashx?id=2498672&use=l&cat=p&typeid=i","cat":298297},{"id":6782,"n":"Cannelle en bâton Ducros 10g","p":2.0,"u":"200,00 €/KG","img":"https://fd6-photos.leclercdrive.fr/image.ashx?id=1748573&use=l&cat=p&typeid=i","cat":298297},{"id":6797,"n":"Herbes de Provence Ducros 120g","p":3.06,"u":"25,50 €/KG","img":"https://fd6-photos.leclercdrive.fr/image.ashx?id=2383571&use=l&cat=p&typeid=i","cat":298297},{"id":6804,"n":"Décor pour gateaux Vahiné Vermicelles Arc-en-ciel - 65g","p":1.38,"u":"21,23 €/KG","img":"https://fd6-photos.leclercdrive.fr/image.ashx?id=2524311&use=l&cat=p&typeid=i","cat":284504},{"id":6809,"n":"Arôme naturel de vanille Vahiné Liquide 50ml","p":3.85,"u":"77,00 €/L","img":"https://fd6-photos.leclercdrive.fr/image.ashx?id=2541193&use=l&cat=p&typeid=i","cat":284504},{"id":6829,"n":"Sucre Daddy n°4 Morceaux - 1kg","p":1.78,"u":"1,78 €/KG","img":"https://fd6-photos.leclercdrive.fr/image.ashx?id=2936056&use=l&cat=p&typeid=i","cat":284502},{"id":6847,"n":"Canapés toasts Epi d'Or Briochés - 250g","p":1.12,"u":"4,48 €/KG","img":"https://fd6-photos.leclercdrive.fr/image.ashx?id=2610190&use=l&cat=p&typeid=i","cat":285454},{"id":6879,"n":"Fromage Gouda Les Croisés En tranche - 200g","p":1.97,"u":"9,85 €/KG","img":"https://fd6-photos.leclercdrive.fr/image.ashx?id=2028173&use=l&cat=p&typeid=i","cat":314028},{"id":6880,"n":"Fromage Mimolette Les Croisés En tranche x8 - 200g","p":1.85,"u":"9,25 €/KG","img":"https://fd6-photos.leclercdrive.fr/image.ashx?id=2028176&use=l&cat=p&typeid=i","cat":314028},{"id":6881,"n":"Fromage Maasdam Les Croisés En tranche x8 - 200g","p":1.91,"u":"9,55 €/KG","img":"https://fd6-photos.leclercdrive.fr/image.ashx?id=1990673&use=l&cat=p&typeid=i","cat":314028},{"id":6892,"n":"Pâtes Piccolini Barilla Mini Pipe Rigate- 500g","p":1.3,"u":"2,60 €/KG","img":"https://fd6-photos.leclercdrive.fr/image.ashx?id=2964108&use=l&cat=p&typeid=i","cat":284427},{"id":6916,"n":"Bloc bureau Esquisse - 80 pages 10.5x14.8cm","p":0.99,"img":"https://fd6-photos.leclercdrive.fr/image.ashx?id=1928749&use=l&cat=p&typeid=i","cat":284697},{"id":6928,"n":"Préparation pour fondue Les Croisés 18%mg 400g","p":3.42,"u":"8,55 €/KG","img":"https://fd6-photos.leclercdrive.fr/image.ashx?id=2791761&use=l&cat=p&typeid=i","cat":314037},{"id":6979,"n":"AOC Crémant Gratien & Meyer Blanc - Brut - 75cl","p":5.9,"u":"7,87 €/L","img":"https://fd6-photos.leclercdrive.fr/image.ashx?id=2104357&use=l&cat=p&typeid=i","cat":284545},{"id":7025,"n":"Pizza Cuite sur pierre Turini Jambon fromage - 400g","p":2.85,"u":"7,13 €/KG","img":"https://fd6-photos.leclercdrive.fr/image.ashx?id=2815223&use=l&cat=p&typeid=i","cat":284256},{"id":7029,"n":"Velouté de carotte Régal A la Crème fraîche - 1L","p":1.41,"u":"1,41 €/L","img":"https://fd6-photos.leclercdrive.fr/image.ashx?id=2905889&use=l&cat=p&typeid=i","cat":284462},{"id":7030,"n":"Sauce Tomate cuisinée Turini Aux petits légumes - 180g","p":0.84,"u":"4,67 €/KG","img":"https://fd6-photos.leclercdrive.fr/image.ashx?id=2490034&use=l&cat=p&typeid=i","cat":288384},{"id":7057,"n":"Rouille méditerranéenne NRT 90g","p":2.05,"u":"22,78 €/KG","img":"https://fd6-photos.leclercdrive.fr/image.ashx?id=2991157&use=l&cat=p&typeid=i","cat":285192},{"id":7085,"n":"Vin mousseux d'Union Européenne  Demi-sec -75cl","p":2.89,"u":"3,85 €/L","img":"https://fd6-photos.leclercdrive.fr/image.ashx?id=1951019&use=l&cat=p&typeid=i","cat":284544},{"id":7126,"n":"Riz cantonais  Traditions d'Asie - 400g","p":3.19,"u":"7,98 €/KG","img":"https://fd6-photos.leclercdrive.fr/image.ashx?id=2505043&use=l&cat=p&typeid=i","cat":333673},{"id":7128,"n":"Porc au caramel Tables du Monde Riz thaï 300g","p":3.05,"u":"10,17 €/KG","img":"https://fd6-photos.leclercdrive.fr/image.ashx?id=2700957&use=l&cat=p&typeid=i","cat":333665},{"id":7190,"n":"Lait coco Kara - Brique 500ml","p":2.49,"u":"4,98 €/KG","img":"https://fd6-photos.leclercdrive.fr/image.ashx?id=2906898&use=l&cat=p&typeid=i","cat":288992},{"id":7191,"n":"Nouilles chinoises Tanoshi blé tendre - 250g","p":1.66,"u":"6,64 €/KG","img":"https://fd6-photos.leclercdrive.fr/image.ashx?id=2850892&use=l&cat=p&typeid=i","cat":288992},{"id":7199,"n":"Crème noix coco Kara - brique de 200ml","p":1.58,"u":"7,90 €/KG","img":"https://fd6-photos.leclercdrive.fr/image.ashx?id=2906892&use=l&cat=p&typeid=i","cat":288992},{"id":7264,"n":"Secret de mousse La laitière Café - 4x59g","p":1.43,"u":"6,06 €/KG","img":"https://fd6-photos.leclercdrive.fr/image.ashx?id=2651378&use=l&cat=p&typeid=i","cat":284417},{"id":7282,"n":"Compote Douceur du Verger  Pomme Poire - 4x100g","p":1.09,"u":"2,73 €/KG","img":"https://fd6-photos.leclercdrive.fr/image.ashx?id=1910598&use=l&cat=p&typeid=i","cat":284416},{"id":7283,"n":"Compote Douceur du Verger Pomme banane - 4x100g","p":1.25,"u":"3,13 €/KG","img":"https://fd6-photos.leclercdrive.fr/image.ashx?id=1944099&use=l&cat=p&typeid=i","cat":284416},{"id":7284,"n":"Compote Douceur du Verger Pomme Fraise - 4x100g","p":1.09,"u":"2,73 €/KG","img":"https://fd6-photos.leclercdrive.fr/image.ashx?id=3009779&use=l&cat=p&typeid=i","cat":284416},{"id":7289,"n":"Crème Dépilatoire Siliss Peaux sensibles - 200ml","p":1.79,"u":"8,95 €/L","img":"https://fd6-photos.leclercdrive.fr/image.ashx?id=2699675&use=l&cat=p&typeid=i","cat":325351},{"id":7293,"n":"Râpé 3 fromages Les Croisés 200g","p":1.79,"u":"8,95 €/KG","img":"https://fd6-photos.leclercdrive.fr/image.ashx?id=2860067&use=l&cat=p&typeid=i","cat":314035},{"id":7294,"n":"Huile de tournesol Bio Village Bio - 75cl","p":3.59,"u":"4,79 €/L","img":"https://fd6-photos.leclercdrive.fr/image.ashx?id=2894746&use=l&cat=p&typeid=i","cat":284453},{"id":7315,"n":"Concentré de tomates Eco+ 2x140g","p":1.29,"u":"4,61 €/KG","img":"https://fd6-photos.leclercdrive.fr/image.ashx?id=2683511&use=l&cat=p&typeid=i","cat":288384},{"id":7316,"n":"Concentré de tomates Eco+ 3x70g","p":1.75,"u":"8,33 €/KG","img":"https://fd6-photos.leclercdrive.fr/image.ashx?id=2681571&use=l&cat=p&typeid=i","cat":288384},{"id":7343,"n":"Pâtes Panzani Penne rigate - 500g","p":1.06,"u":"2,12 €/KG","img":"https://fd6-photos.leclercdrive.fr/image.ashx?id=2876011&use=l&cat=p&typeid=i","cat":284427},{"id":7344,"n":"Pâtes petits paniers Panzani 500g","p":1.16,"u":"2,32 €/KG","img":"https://fd6-photos.leclercdrive.fr/image.ashx?id=2876014&use=l&cat=p&typeid=i","cat":284427},{"id":7345,"n":"Pâtes serpentini Panzani 500g","p":1.07,"u":"2,14 €/KG","img":"https://fd6-photos.leclercdrive.fr/image.ashx?id=2876044&use=l&cat=p&typeid=i","cat":284427},{"id":7349,"n":"Croquettes chat One Purina Stérilisé - Boeuf/Blé - 450g","p":2.47,"u":"5,49 €/KG","img":"https://fd6-photos.leclercdrive.fr/image.ashx?id=2681044&use=l&cat=p&typeid=i","cat":284680},{"id":7359,"n":"Gorgonzola AOP Les Croisés -150g","p":2.45,"u":"16,33 €/KG","img":"https://fd6-photos.leclercdrive.fr/image.ashx?id=2796037&use=l&cat=p&typeid=i","cat":314032},{"id":7360,"n":"Mortadelle Italienne Saint Azay 12 tranches 150g","p":2.14,"u":"14,27 €/KG","img":"https://fd6-photos.leclercdrive.fr/image.ashx?id=2704481&use=l&cat=p&typeid=i","cat":316009},{"id":7361,"n":"Fromage Edam Les Croisés En tranche x8 - 200g","p":1.95,"u":"9,75 €/KG","img":"https://fd6-photos.leclercdrive.fr/image.ashx?id=2041351&use=l&cat=p&typeid=i","cat":314028},{"id":7362,"n":"Riz Basmati Comptoir du Grain Express 2 min - 250g","p":0.99,"u":"3,96 €/KG","img":"https://fd6-photos.leclercdrive.fr/image.ashx?id=2441192&use=l&cat=p&typeid=i","cat":287600},{"id":7363,"n":"Riz Express Comptoir du Grain A la méditerranéenne - 250g","p":1.2,"u":"4,80 €/KG","img":"https://fd6-photos.leclercdrive.fr/image.ashx?id=2856474&use=l&cat=p&typeid=i","cat":287600},{"id":7364,"n":"Sauce au poivre vert Rustica 30g","p":0.6,"u":"20,00 €/KG","img":"https://fd6-photos.leclercdrive.fr/image.ashx?id=2965422&use=l&cat=p&typeid=i","cat":288381},{"id":7366,"n":"Sauce Champignons Rustica 27g","p":0.55,"u":"20,37 €/KG","img":"https://fd6-photos.leclercdrive.fr/image.ashx?id=2188829&use=l&cat=p&typeid=i","cat":288381},{"id":7369,"n":"Chiffonades de rosette Saint Azay - 100g","p":2.0,"u":"20,00 €/KG","img":"https://fd6-photos.leclercdrive.fr/image.ashx?id=2401891&use=l&cat=p&typeid=i","cat":316007},{"id":7378,"n":"Jambon d'Auvergne IGP NRT x4 - 100g","p":3.39,"u":"33,90 €/KG","img":"https://fd6-photos.leclercdrive.fr/image.ashx?id=2670419&use=l&cat=p&typeid=i","cat":316007},{"id":7379,"n":"Jambon de Savoie NRT x6 - 90g","p":2.66,"u":"29,56 €/KG","img":"https://fd6-photos.leclercdrive.fr/image.ashx?id=2670422&use=l&cat=p&typeid=i","cat":316007},{"id":7381,"n":"Sachet repas chats Gourmet 4 variétés poissons - 4x85g","p":1.79,"u":"5,26 €/KG","img":"https://fd6-photos.leclercdrive.fr/image.ashx?id=2867788&use=l&cat=p&typeid=i","cat":285286},{"id":7424,"n":"Bouillon Cubes bouquet garni Knorr - thym persil laurier -x9","p":1.37,"u":"13,84 €/KG","img":"https://fd6-photos.leclercdrive.fr/image.ashx?id=2915667&use=l&cat=p&typeid=i","cat":288379},{"id":7427,"n":"Huile d'olive Puget Vierge extra - 50cl","p":7.57,"u":"15,14 €/L","img":"https://fd6-photos.leclercdrive.fr/image.ashx?id=2915877&use=l&cat=p&typeid=i","cat":284453},{"id":7432,"n":"Huile de friture Frial Lesieur 2L","p":6.52,"u":"3,26 €/L","img":"https://fd6-photos.leclercdrive.fr/image.ashx?id=2916857&use=l&cat=p&typeid=i","cat":284453},{"id":7433,"n":"Vinaigrette Rustica Fines herbes - 50cl","p":1.19,"u":"2,38 €/L","img":"https://fd6-photos.leclercdrive.fr/image.ashx?id=1964912&use=l&cat=p&typeid=i","cat":284456},{"id":7434,"n":"Quatre-quart P'tit Déli De Bretagne 500g","p":2.79,"u":"5,58 €/KG","img":"https://fd6-photos.leclercdrive.fr/image.ashx?id=2891875&use=l&cat=p&typeid=i","cat":294776},{"id":7436,"n":"Assortiment biscuits P'tit Déli Biscuits fins - 750g","p":7.8,"u":"10,40 €/KG","img":"https://fd6-photos.leclercdrive.fr/image.ashx?id=2535643&use=l&cat=p&typeid=i","cat":284490},{"id":7437,"n":"Pâte brisée Tablier Blanc Au beurre - 230g","p":1.17,"u":"5,09 €/KG","img":"https://fd6-photos.leclercdrive.fr/image.ashx?id=2635892&use=l&cat=p&typeid=i","cat":333681},{"id":7439,"n":"Vinaigrette Rustica Nature - 1L","p":1.76,"u":"1,76 €/L","img":"https://fd6-photos.leclercdrive.fr/image.ashx?id=1972904&use=l&cat=p&typeid=i","cat":284456},{"id":7441,"n":"Huile de friture Rustica 1L","p":2.7,"u":"2,70 €/L","img":"https://fd6-photos.leclercdrive.fr/image.ashx?id=2900331&use=l&cat=p&typeid=i","cat":284453},{"id":7443,"n":"Dessert fruitier pomme poire Douceur du Verger s/sucre 4x97g","p":1.25,"u":"3,22 €/KG","img":"https://fd6-photos.leclercdrive.fr/image.ashx?id=3009782&use=l&cat=p&typeid=i","cat":284416},{"id":7444,"n":"Dessert fruitier pomme Douceur du Verger s/sucre 4x97g","p":1.05,"u":"2,71 €/KG","img":"https://fd6-photos.leclercdrive.fr/image.ashx?id=2979340&use=l&cat=p&typeid=i","cat":284416},{"id":7448,"n":"Compote Douceur du Verger Coupelle pomme pruneau - 4x100g","p":1.39,"u":"3,48 €/KG","img":"https://fd6-photos.leclercdrive.fr/image.ashx?id=2878705&use=l&cat=p&typeid=i","cat":284508},{"id":7450,"n":"Gâteaux fourrés P'tit Déli Fraise x7 - 196g","p":2.8,"u":"14,29 €/KG","img":"https://fd6-photos.leclercdrive.fr/image.ashx?id=2659777&use=l&cat=p&typeid=i","cat":284495},{"id":7451,"n":"Biscuits P'tit Déli Goûters Fourrés au chocolat 2x300g","p":2.3,"u":"3,83 €/KG","img":"https://fd6-photos.leclercdrive.fr/image.ashx?id=2116182&use=l&cat=p&typeid=i","cat":284488},{"id":7452,"n":"Tubes Fromage blanc Délisse 3 parfums - 12 x40g","p":2.38,"u":"4,96 €/KG","img":"https://fd6-photos.leclercdrive.fr/image.ashx?id=2884231&use=l&cat=p&typeid=i","cat":284415},{"id":7459,"n":"Pâtes Barilla Spaghetti n°5 - 500g","p":0.93,"u":"1,86 €/KG","img":"https://fd6-photos.leclercdrive.fr/image.ashx?id=2392200&use=l&cat=p&typeid=i","cat":284427},{"id":7465,"n":"Actifidus Délisse Citron - 4x125g","p":1.36,"u":"2,72 €/KG","img":"https://fd6-photos.leclercdrive.fr/image.ashx?id=2501673&use=l&cat=p&typeid=i","cat":315000},{"id":7466,"n":"Pain grillé Epi d'or Brioché x26 - 300g","p":2.15,"u":"7,17 €/KG","img":"https://fd6-photos.leclercdrive.fr/image.ashx?id=2532835&use=l&cat=p&typeid=i","cat":284479},{"id":7529,"n":"Fromage Comté Entremont 200g","p":3.05,"u":"15,25 €/KG","img":"https://fd6-photos.leclercdrive.fr/image.ashx?id=2983144&use=l&cat=p&typeid=i","cat":314034},{"id":7530,"n":"Crème fraîche épaisse Bridélice 15%mg 20cl","p":0.8,"u":"4,00 €/L","img":"https://fd6-photos.leclercdrive.fr/image.ashx?id=2970873&use=l&cat=p&typeid=i","cat":284381},{"id":7531,"n":"Faisselle Rians 6%mg - 500g","p":1.97,"u":"3,94 €/KG","img":"https://fd6-photos.leclercdrive.fr/image.ashx?id=2542324&use=l&cat=p&typeid=i","cat":284409},{"id":7540,"n":"Barquette chiens Lydog Au Poulet et Rognons - 300g","p":1.35,"u":"4,50 €/KG","img":"https://fd6-photos.leclercdrive.fr/image.ashx?id=2042427&use=l&cat=p&typeid=i","cat":284673},{"id":7541,"n":"Barquette chiens Lydog Au Boeuf et Coeur - 300g","p":1.5,"u":"5,00 €/KG","img":"https://fd6-photos.leclercdrive.fr/image.ashx?id=2042430&use=l&cat=p&typeid=i","cat":284673},{"id":7542,"n":"Barquette chien Lydog au Foie et Volailles - 300g","p":1.45,"u":"4,83 €/KG","img":"https://fd6-photos.leclercdrive.fr/image.ashx?id=2042436&use=l&cat=p&typeid=i","cat":284673},{"id":7548,"n":"Ail Rustica 100g","p":1.69,"u":"16,90 €/KG","img":"https://fd6-photos.leclercdrive.fr/image.ashx?id=2365451&use=l&cat=p&typeid=i","cat":319804},{"id":7560,"n":"Barquettes chats Tous mes amis Mousselines 4 variétés - 4x85g","p":1.75,"u":"5,15 €/KG","img":"https://fd6-photos.leclercdrive.fr/image.ashx?id=2815749&use=l&cat=p&typeid=i","cat":285286},{"id":7563,"n":"Coulis de tomate bio Jardin Bio 500g","p":1.77,"u":"3,54 €/KG","img":"https://fd6-photos.leclercdrive.fr/image.ashx?id=2918841&use=l&cat=p&typeid=i","cat":288384},{"id":7585,"n":"Echalote Rustica 100g","p":1.69,"u":"16,90 €/KG","img":"https://fd6-photos.leclercdrive.fr/image.ashx?id=2365457&use=l&cat=p&typeid=i","cat":319804},{"id":7586,"n":"Fond de veau Rustica 110g","p":2.09,"u":"19,00 €/KG","img":"https://fd6-photos.leclercdrive.fr/image.ashx?id=2188679&use=l&cat=p&typeid=i","cat":288379},{"id":7589,"n":"Biscuits Mikado LU Chocolat au lait - 3x39g","p":2.12,"u":"18,12 €/KG","img":"https://fd6-photos.leclercdrive.fr/image.ashx?id=3001970&use=l&cat=p&typeid=i","cat":284488},{"id":7610,"n":"Préparation crêpes Francine 380g","p":1.83,"u":"4,82 €/KG","img":"https://fd6-photos.leclercdrive.fr/image.ashx?id=2989120&use=l&cat=p&typeid=i","cat":284505},{"id":7652,"n":"Compotes Pomme Pruneau Andros 4x100g","p":1.51,"u":"3,78 €/KG","img":"https://fd6-photos.leclercdrive.fr/image.ashx?id=2935789&use=l&cat=p&typeid=i","cat":284416},{"id":7654,"n":"Compote Andros Pomme rhubarbe 4x100g","p":1.47,"u":"14,70 €/KG","img":"https://fd6-photos.leclercdrive.fr/image.ashx?id=2883934&use=l&cat=p&typeid=i","cat":284416},{"id":7655,"n":"Compote Andros Pomme framboise - 4x100g","p":1.75,"u":"4,38 €/KG","img":"https://fd6-photos.leclercdrive.fr/image.ashx?id=2907875&use=l&cat=p&typeid=i","cat":284416},{"id":7656,"n":"Compotes Andros Pomme - 4x100g","p":1.72,"u":"4,30 €/KG","img":"https://fd6-photos.leclercdrive.fr/image.ashx?id=2875337&use=l&cat=p&typeid=i","cat":284416},{"id":7666,"n":"Camembert Lepetit  250g","p":2.43,"u":"9,72 €/KG","img":"https://fd6-photos.leclercdrive.fr/image.ashx?id=2504350&use=l&cat=p&typeid=i","cat":314033},{"id":7672,"n":"Cordon Bleu Le Gaulois Poulet - 200g","p":1.92,"u":"9,60 €/KG","img":"https://fd6-photos.leclercdrive.fr/image.ashx?id=2860223&use=l&cat=p&typeid=i","cat":333683},{"id":7694,"n":"Magret de canard Sud Ouest NRT Fumé - 90g","p":3.79,"u":"42,11 €/KG","img":"https://fd6-photos.leclercdrive.fr/image.ashx?id=2753499&use=l&cat=p&typeid=i","cat":316007},{"id":7696,"n":"Camembert Bons Mayennais Lait pasteurisé 22%mg - 250g","p":2.14,"pp":1.5,"u":"6,00 €/KG","img":"https://fd6-photos.leclercdrive.fr/image.ashx?id=2966689&use=l&cat=p&typeid=i","cat":314033},{"id":7706,"n":"Engrais Jardipouss Rosiers et arbustes fleurs -1kg","p":4.5,"u":"4,50 €/KG","img":"https://fd6-photos.leclercdrive.fr/image.ashx?id=2162297&use=l&cat=p&typeid=i","cat":335919},{"id":7713,"n":"Dessert fruitier pomme pruneaux Douceur du Verger s/sucre4x100g","p":1.54,"u":"3,85 €/KG","img":"https://fd6-photos.leclercdrive.fr/image.ashx?id=1962960&use=l&cat=p&typeid=i","cat":284416},{"id":7716,"n":"Papier toilette Mimosa Décoré - Ultra Confort - x6","p":3.06,"u":"0,51 €/P","img":"https://fd6-photos.leclercdrive.fr/image.ashx?id=2778752&use=l&cat=p&typeid=i","cat":284634},{"id":7744,"n":"Galette Céréal Bio   Bio quinoa Tomate x2 200G","p":2.1,"u":"10,50 €/KG","img":"https://fd6-photos.leclercdrive.fr/image.ashx?id=2968181&use=l&cat=p&typeid=i","cat":284953},{"id":7761,"n":"Galette Croq'Soja Céréal Bio  Bio provençale x2 200g","p":2.25,"u":"11,25 €/KG","img":"https://fd6-photos.leclercdrive.fr/image.ashx?id=2574296&use=l&cat=p&typeid=i","cat":284953},{"id":7772,"n":"Galette bio Céréal Bio  Millet champignons x2 - 200g","p":2.29,"u":"11,45 €/KG","img":"https://fd6-photos.leclercdrive.fr/image.ashx?id=2573543&use=l&cat=p&typeid=i","cat":284953},{"id":7857,"n":"Croquettes chiens Fido Au boeuf 1kg","p":2.89,"u":"2,89 €/KG","img":"https://fd6-photos.leclercdrive.fr/image.ashx?id=2972964&use=l&cat=p&typeid=i","cat":294526},{"id":7862,"n":"Petit pot de crème Délisse Café - 4x100g","p":1.8,"u":"4,50 €/KG","img":"https://fd6-photos.leclercdrive.fr/image.ashx?id=2550372&use=l&cat=p&typeid=i","cat":285041},{"id":7864,"n":"Yaourts sucrés Délisse Nature  - 4x125g","p":0.99,"u":"1,98 €/KG","img":"https://fd6-photos.leclercdrive.fr/image.ashx?id=2590415&use=l&cat=p&typeid=i","cat":284409},{"id":7866,"n":"Beurre Tendre Les Croisés Demi-sel - 80% MG - 250g","p":2.51,"u":"10,04 €/KG","img":"https://fd6-photos.leclercdrive.fr/image.ashx?id=2956221&use=l&cat=p&typeid=i","cat":284379},{"id":7868,"n":"Sardines Pêche Océan Huile de tournesol - 135g","p":0.95,"u":"7,04 €/KG","img":"https://fd6-photos.leclercdrive.fr/image.ashx?id=1986246&use=l&cat=p&typeid=i","cat":305146},{"id":7869,"n":"Yaourts aromatisés Délisse Citron - 4x125g","p":1.45,"u":"2,90 €/KG","img":"https://fd6-photos.leclercdrive.fr/image.ashx?id=2771121&use=l&cat=p&typeid=i","cat":286006},{"id":7881,"n":"Camembert Les Croisés 8 portions - 22% mg - 8x30g","p":2.19,"u":"9,13 €/KG","img":"https://fd6-photos.leclercdrive.fr/image.ashx?id=2974798&use=l&cat=p&typeid=i","cat":314033},{"id":7882,"n":"Actifidus Délisse Coco Citron Vanille - 12x125g","p":3.5,"u":"2,33 €/KG","img":"https://fd6-photos.leclercdrive.fr/image.ashx?id=2441842&use=l&cat=p&typeid=i","cat":315000},{"id":7889,"n":"Fromage Reblochon NRT AOP 240g","p":3.7,"u":"15,42 €/KG","img":"https://fd6-photos.leclercdrive.fr/image.ashx?id=2933337&use=l&cat=p&typeid=i","cat":314037},{"id":7895,"n":"Gâteau de riz La Laitiere 500g","p":2.14,"u":"4,28 €/KG","img":"https://fd6-photos.leclercdrive.fr/image.ashx?id=3010972&use=l&cat=p&typeid=i","cat":284418},{"id":7965,"n":"Matière grasse Bridelight à tartiner 15% MG - 250g","p":2.08,"u":"8,32 €/KG","img":"https://fd6-photos.leclercdrive.fr/image.ashx?id=2643884&use=l&cat=p&typeid=i","cat":284379},{"id":7972,"n":"Beurre Moulé Paysan Breton Doux - 82%MG - 250g","p":3.16,"u":"12,64 €/KG","img":"https://fd6-photos.leclercdrive.fr/image.ashx?id=2946943&use=l&cat=p&typeid=i","cat":284379},{"id":7973,"n":"Faisselle Rians 6%mg - 4x100g","p":2.25,"u":"5,63 €/KG","img":"https://fd6-photos.leclercdrive.fr/image.ashx?id=2762088&use=l&cat=p&typeid=i","cat":284409},{"id":7985,"n":"Saucisse à cuire JL Amiotte Fumée 4x110g","p":5.42,"u":"12,32 €/KG","img":"https://fd6-photos.leclercdrive.fr/image.ashx?id=2753991&use=l&cat=p&typeid=i","cat":316012},{"id":7993,"n":"Beurre d'escargot Rustica Ail et persil - 250g","p":3.49,"u":"13,96 €/KG","img":"https://fd6-photos.leclercdrive.fr/image.ashx?id=1915569&use=l&cat=p&typeid=i","cat":319775},{"id":7996,"n":"Poireaux Notre Jardin En rondelles 1kg","p":1.28,"u":"1,28 €/KG","img":"https://fd6-photos.leclercdrive.fr/image.ashx?id=2873126&use=l&cat=p&typeid=i","cat":319805},{"id":7997,"n":"Mascarpone Galbani 250g","p":2.62,"u":"10,48 €/KG","img":"https://fd6-photos.leclercdrive.fr/image.ashx?id=3009173&use=l&cat=p&typeid=i","cat":314026},{"id":8003,"n":"Fromage Enfant Kiri Goûter 5 portions barquettes - 175g","p":2.27,"u":"12,97 €/KG","img":"https://fd6-photos.leclercdrive.fr/image.ashx?id=2972883&use=l&cat=p&typeid=i","cat":314030},{"id":8012,"n":"Friandises pour chien Lydog Biscuits fourrés Viande - 500g","p":1.29,"u":"2,58 €/KG","img":"https://fd6-photos.leclercdrive.fr/image.ashx?id=2191114&use=l&cat=p&typeid=i","cat":294527},{"id":8013,"n":"Friandises pour chien Lydog Biscuits croquants - 500g","p":1.29,"u":"2,58 €/KG","img":"https://fd6-photos.leclercdrive.fr/image.ashx?id=1954353&use=l&cat=p&typeid=i","cat":294527},{"id":8017,"n":"Pâtes Penne Regate Turini 500g","p":0.6,"u":"1,20 €/KG","img":"https://fd6-photos.leclercdrive.fr/image.ashx?id=2980776&use=l&cat=p&typeid=i","cat":284427},{"id":8023,"n":"Paëla Royale Côté Table 400g","p":2.89,"u":"7,23 €/KG","img":"https://fd6-photos.leclercdrive.fr/image.ashx?id=2499355&use=l&cat=p&typeid=i","cat":333665},{"id":8025,"n":"Barquette chiens Lydog 3 saveurs - 3x300g","p":3.79,"u":"4,21 €/KG","img":"https://fd6-photos.leclercdrive.fr/image.ashx?id=2050642&use=l&cat=p&typeid=i","cat":284673},{"id":8029,"n":"Barquettes chats Tous mes amis Menus saveurs - 4x100g","p":2.29,"u":"5,73 €/KG","img":"https://fd6-photos.leclercdrive.fr/image.ashx?id=2042445&use=l&cat=p&typeid=i","cat":285286},{"id":8060,"n":"Coloration Belle Color n°03 Blond doré","p":6.54,"img":"https://fd6-photos.leclercdrive.fr/image.ashx?id=2884357&use=l&cat=p&typeid=i","cat":288899},{"id":8063,"n":"Coloration Belle Color n°06 Blond très clair","p":6.13,"img":"https://fd6-photos.leclercdrive.fr/image.ashx?id=2513532&use=l&cat=p&typeid=i","cat":288899},{"id":8073,"n":"Coloration Belle Color n°80 Noir","p":5.57,"img":"https://fd6-photos.leclercdrive.fr/image.ashx?id=2884378&use=l&cat=p&typeid=i","cat":288899},{"id":8094,"n":"Oeufs frais Matines En Cage - Gros - x6","p":1.61,"u":"0,27 €/P","img":"https://fd6-photos.leclercdrive.fr/image.ashx?id=2796246&use=l&cat=p&typeid=i","cat":284378},{"id":8129,"n":"Soupe Mouliné Régal Soupe 10 légumes variés - 2x30cl","p":1.45,"u":"2,42 €/L","img":"https://fd6-photos.leclercdrive.fr/image.ashx?id=2607476&use=l&cat=p&typeid=i","cat":284462},{"id":8136,"n":"Biscuits raisin GERBLE  - 4x5, 360g","p":1.6,"u":"4,44 €/KG","img":"https://fd6-photos.leclercdrive.fr/image.ashx?id=2578726&use=l&cat=p&typeid=i","cat":318651},{"id":8178,"n":"Infusion Tisea Douce soirée 25 sachets","p":0.99,"u":"28,29 €/KG","img":"https://fd6-photos.leclercdrive.fr/image.ashx?id=2553902&use=l&cat=p&typeid=i","cat":293234},{"id":8191,"n":"Colin d'Alaska Pêche Océan À la Florentine - MSC - 400g","p":3.49,"u":"8,73 €/KG","img":"https://fd6-photos.leclercdrive.fr/image.ashx?id=2930108&use=l&cat=p&typeid=i","cat":319786},{"id":8217,"n":"Filet de Merlu Pêche Océan 4 à 5 pièces 450g","p":6.52,"u":"14,49 €/KG","img":"https://fd6-photos.leclercdrive.fr/image.ashx?id=2553905&use=l&cat=p&typeid=i","cat":319788},{"id":8324,"n":"Tomates séchées Florelli 270g","p":3.22,"u":"11,93 €/KG","img":"https://fd6-photos.leclercdrive.fr/image.ashx?id=2633094&use=l&cat=p&typeid=i","cat":289010},{"id":8329,"n":"Crème de vinaigre de Modène Toscoro - 250ml","p":3.56,"u":"14,24 €/L","img":"https://fd6-photos.leclercdrive.fr/image.ashx?id=2767401&use=l&cat=p&typeid=i","cat":289010},{"id":8335,"n":"Sauce pâtes artichaut Florelli Tomate mascarpone - 190g","p":2.32,"u":"12,21 €/KG","img":"https://fd6-photos.leclercdrive.fr/image.ashx?id=3011668&use=l&cat=p&typeid=i","cat":289010},{"id":8375,"n":"Sauce Déshydratée KNORR Aux Trois Poivres - 32g","p":0.81,"u":"28,93 €/KG","img":"https://fd6-photos.leclercdrive.fr/image.ashx?id=2875933&use=l&cat=p&typeid=i","cat":288381},{"id":8381,"n":"Soupe instantanée Royco  Bouillon à la Chinoise 3x200ml","p":1.7,"u":"36,17 €/KG","img":"https://fd6-photos.leclercdrive.fr/image.ashx?id=2650976&use=l&cat=p&typeid=i","cat":288992},{"id":8382,"n":"Pâtes spaghetti plat Panzani 500g","p":1.06,"u":"2,12 €/KG","img":"https://fd6-photos.leclercdrive.fr/image.ashx?id=2876041&use=l&cat=p&typeid=i","cat":284427},{"id":8383,"n":"Pâtes Coquillettes Panzani 3 Minutes - 500G","p":1.21,"u":"2,42 €/KG","img":"https://fd6-photos.leclercdrive.fr/image.ashx?id=2867945&use=l&cat=p&typeid=i","cat":284427},{"id":8394,"n":"Saucisse de Toulouse Marie Purée a l'Ancienne - 290g","p":3.82,"u":"13,17 €/KG","img":"https://fd6-photos.leclercdrive.fr/image.ashx?id=2317414&use=l&cat=p&typeid=i","cat":333665},{"id":8397,"n":"Madeleine Bonne Maman Pur beurre tradition 300g","p":2.69,"u":"8,97 €/KG","img":"https://fd6-photos.leclercdrive.fr/image.ashx?id=2936137&use=l&cat=p&typeid=i","cat":284492},{"id":8413,"n":"Biscuits Crackers Tokapi  Nature - 3x100g","p":1.35,"u":"4,50 €/KG","img":"https://fd6-photos.leclercdrive.fr/image.ashx?id=2660550&use=l&cat=p&typeid=i","cat":297000},{"id":8414,"n":"Chocolat au lait Equador Doux et fondant - 100g","p":1.65,"u":"16,50 €/KG","img":"https://fd6-photos.leclercdrive.fr/image.ashx?id=2758344&use=l&cat=p&typeid=i","cat":284497},{"id":8415,"n":"Pâtes coquillettes Turini Les 3 min - 500g","p":0.72,"u":"1,44 €/KG","img":"https://fd6-photos.leclercdrive.fr/image.ashx?id=2607461&use=l&cat=p&typeid=i","cat":284427},{"id":8416,"n":"Parmentier poisson Côté Table 300g","p":2.35,"u":"7,83 €/KG","img":"https://fd6-photos.leclercdrive.fr/image.ashx?id=2055654&use=l&cat=p&typeid=i","cat":333665},{"id":8419,"n":"Biscuits Crackers Tokapi Emmental - 100g","p":0.69,"u":"6,90 €/KG","img":"https://fd6-photos.leclercdrive.fr/image.ashx?id=2351226&use=l&cat=p&typeid=i","cat":297000},{"id":8420,"n":"Chocolat blanc Tablette D'Or Noix de coco - 200g","p":2.69,"u":"13,45 €/KG","img":"https://fd6-photos.leclercdrive.fr/image.ashx?id=2753472&use=l&cat=p&typeid=i","cat":284957},{"id":8424,"n":"Biscottes Heudebert  Fibres plus - 280g","p":2.06,"u":"7,36 €/KG","img":"https://fd6-photos.leclercdrive.fr/image.ashx?id=2679503&use=l&cat=p&typeid=i","cat":284479},{"id":8428,"n":"Biscuits sablés Granola Chocolat au lait - 225g","p":1.63,"u":"7,24 €/KG","img":"https://fd6-photos.leclercdrive.fr/image.ashx?id=2346675&use=l&cat=p&typeid=i","cat":284488},{"id":8432,"n":"Biscuit Roudor St Michel 2x150g","p":3.0,"u":"10,00 €/KG","img":"https://fd6-photos.leclercdrive.fr/image.ashx?id=2935690&use=l&cat=p&typeid=i","cat":284487},{"id":8433,"n":"Pâtes Coquillettes Panzani Prêt en 3 min - 1kg","p":2.19,"u":"2,19 €/KG","img":"https://fd6-photos.leclercdrive.fr/image.ashx?id=2896093&use=l&cat=p&typeid=i","cat":284427},{"id":8447,"n":"Pommes Pink Lady Barquette x6","p":2.99,"u":"0,50 €/P","img":"https://fd6-photos.leclercdrive.fr/image.ashx?id=2121671&use=l&cat=p&typeid=i","cat":284356},{"id":8474,"n":"Terrines Tous Mes Amis Les délices de la mer - 3x400g","p":3.69,"u":"3,08 €/KG","img":"https://fd6-photos.leclercdrive.fr/image.ashx?id=2832921&use=l&cat=p&typeid=i","cat":285601},{"id":8475,"n":"Serviette hygiénique Doulys Maxi confort - Normal - x18","p":0.99,"u":"0,06 €/P","img":"https://fd6-photos.leclercdrive.fr/image.ashx?id=2838909&use=l&cat=p&typeid=i","cat":284624},{"id":8484,"n":"AOC Côtes de Bourg vin rouge Chantet Blanet - BIB 3L","p":12.49,"u":"4,16 €/L","img":"https://fd6-photos.leclercdrive.fr/image.ashx?id=2748046&use=l&cat=p&typeid=i","cat":289560},{"id":8494,"n":"Biscuits déli matin P'tit Déli Chocolat/pépites - 600g","p":3.17,"u":"5,28 €/KG","img":"https://fd6-photos.leclercdrive.fr/image.ashx?id=2999496&use=l&cat=p&typeid=i","cat":284491},{"id":8504,"n":"Biscottes bio Bio Village Complètes x36 - 300g","p":2.2,"u":"7,33 €/KG","img":"https://fd6-photos.leclercdrive.fr/image.ashx?id=2590460&use=l&cat=p&typeid=i","cat":284479},{"id":8515,"n":"Bâtonnets Dentastix Pedigree Moyen chien x28 - 720g","p":7.07,"u":"9,82 €/KG","img":"https://fd6-photos.leclercdrive.fr/image.ashx?id=2980094&use=l&cat=p&typeid=i","cat":294527},{"id":8528,"n":"Sel fin La Baleine Iodé et fluoré - 750g","p":0.72,"u":"0,96 €/KG","img":"https://fd6-photos.leclercdrive.fr/image.ashx?id=2790612&use=l&cat=p&typeid=i","cat":284457},{"id":8533,"n":"Flageolets verts Notre Jardin Extra Fins - 420g","p":1.69,"u":"4,02 €/KG","img":"https://fd6-photos.leclercdrive.fr/image.ashx?id=2371536&use=l&cat=p&typeid=i","cat":312606},{"id":8535,"n":"Olives noires Rustica Entières - 225g","p":0.99,"u":"4,40 €/KG","img":"https://fd6-photos.leclercdrive.fr/image.ashx?id=2499076&use=l&cat=p&typeid=i","cat":284458},{"id":8536,"n":"Savon mains en crème Manava Perles d'oranger - 300ml","p":1.25,"u":"4,17 €/L","img":"https://fd6-photos.leclercdrive.fr/image.ashx?id=2935480&use=l&cat=p&typeid=i","cat":284597},{"id":8538,"n":"100% Pur jus d'orange Jafaden  Avec pulpe - 1L","p":1.99,"u":"1,99 €/L","img":"https://fd6-photos.leclercdrive.fr/image.ashx?id=2796043&use=l&cat=p&typeid=i","cat":284521},{"id":8539,"n":"Nectar Jafaden Pêche - 1L","p":1.99,"u":"1,99 €/L","img":"https://fd6-photos.leclercdrive.fr/image.ashx?id=2919607&use=l&cat=p&typeid=i","cat":284915},{"id":8540,"n":"Nectar Jafaden Fraise - 1L","p":2.63,"u":"2,63 €/L","img":"https://fd6-photos.leclercdrive.fr/image.ashx?id=2895768&use=l&cat=p&typeid=i","cat":284915},{"id":8541,"n":"Nectar Jafaden Mangue - 1L","p":2.15,"u":"2,15 €/L","img":"https://fd6-photos.leclercdrive.fr/image.ashx?id=2955710&use=l&cat=p&typeid=i","cat":284916},{"id":8544,"n":"Spray Cheveux L'Oréal Paris Fixation Ultra Forte - 300ml","p":4.78,"u":"15,93 €/L","img":"https://fd6-photos.leclercdrive.fr/image.ashx?id=2445331&use=l&cat=p&typeid=i","cat":284609},{"id":8553,"n":"Sauce Barbecue AMORA 490g","p":2.1,"u":"4,29 €/KG","img":"https://fd6-photos.leclercdrive.fr/image.ashx?id=2877298&use=l&cat=p&typeid=i","cat":318431},{"id":8559,"n":"Biscuits Bjorg Fourrés Chocolat noir bio 225g","p":2.85,"u":"12,67 €/KG","img":"https://fd6-photos.leclercdrive.fr/image.ashx?id=2970912&use=l&cat=p&typeid=i","cat":284488},{"id":8564,"n":"Pâtes Barilla  Linguine - 500g","p":1.09,"u":"2,18 €/KG","img":"https://fd6-photos.leclercdrive.fr/image.ashx?id=3004444&use=l&cat=p&typeid=i","cat":284427},{"id":8566,"n":"Chocolat noir Bio Village Bio -Dégustation 74% cacao 100g","p":1.59,"u":"15,90 €/KG","img":"https://fd6-photos.leclercdrive.fr/image.ashx?id=2045623&use=l&cat=p&typeid=i","cat":284956},{"id":8572,"n":"Tablette chocolat Côte d'Or Chocolat au lait - 200g","p":2.78,"u":"13,90 €/KG","img":"https://fd6-photos.leclercdrive.fr/image.ashx?id=2944362&use=l&cat=p&typeid=i","cat":284497},{"id":8576,"n":"Pâtes Barilla Torsades - 500g","p":0.97,"u":"1,94 €/KG","img":"https://fd6-photos.leclercdrive.fr/image.ashx?id=2392224&use=l&cat=p&typeid=i","cat":284427},{"id":8603,"n":"Cocktail Punch Old Nick Planteur 16%vol - 70cl","p":5.38,"u":"7,69 €/L","img":"https://fd6-photos.leclercdrive.fr/image.ashx?id=2999207&use=l&cat=p&typeid=i","cat":284551},{"id":8605,"n":"Liqueur Cointreau 40%vol. - 70cl","p":18.8,"u":"26,86 €/L","img":"https://fd6-photos.leclercdrive.fr/image.ashx?id=2998904&use=l&cat=p&typeid=i","cat":286032},{"id":8642,"n":"Dentifrice Dentamyl Anti-tartre 75ml","p":0.74,"u":"9,87 €/L","img":"https://fd6-photos.leclercdrive.fr/image.ashx?id=2489098&use=l&cat=p&typeid=i","cat":284612},{"id":8643,"n":"Amandes en poudre Tablier Blanc 125g","p":1.56,"u":"12,48 €/KG","img":"https://fd6-photos.leclercdrive.fr/image.ashx?id=2460577&use=l&cat=p&typeid=i","cat":284504},{"id":8645,"n":"Pepites de chocolat Tablier Blanc - 100g","p":1.43,"u":"14,30 €/KG","img":"https://fd6-photos.leclercdrive.fr/image.ashx?id=2723138&use=l&cat=p&typeid=i","cat":284504},{"id":8646,"n":"Noix de Coco Râpée  Tablier Blanc - 125g","p":1.34,"u":"10,72 €/KG","img":"https://fd6-photos.leclercdrive.fr/image.ashx?id=2460583&use=l&cat=p&typeid=i","cat":284504},{"id":8647,"n":"Gélatine alimentaire Tablier 9 feuilles - 17g","p":1.07,"u":"62,94 €/KG","img":"https://fd6-photos.leclercdrive.fr/image.ashx?id=2487446&use=l&cat=p&typeid=i","cat":284504},{"id":8648,"n":"Amandes effilées Tablier Blanc 125g","p":1.9,"u":"15,20 €/KG","img":"https://fd6-photos.leclercdrive.fr/image.ashx?id=2460586&use=l&cat=p&typeid=i","cat":284504},{"id":8649,"n":"Raisins Secs Tablier Blanc 250g","p":1.98,"u":"7,92 €/KG","img":"https://fd6-photos.leclercdrive.fr/image.ashx?id=2460589&use=l&cat=p&typeid=i","cat":284504},{"id":8650,"n":"Arôme fleur d'Oranger Tablier Blanc - 200ml","p":1.24,"u":"6,20 €/L","img":"https://fd6-photos.leclercdrive.fr/image.ashx?id=2487449&use=l&cat=p&typeid=i","cat":284504},{"id":8651,"n":"Arôme naturel de vanille Tablier Blanc 20ml","p":1.15,"u":"57,50 €/L","img":"https://fd6-photos.leclercdrive.fr/image.ashx?id=2487452&use=l&cat=p&typeid=i","cat":284504},{"id":8672,"n":"Nappage Tablier Blanc Caramel - 210g","p":1.25,"u":"5,95 €/KG","img":"https://fd6-photos.leclercdrive.fr/image.ashx?id=2487455&use=l&cat=p&typeid=i","cat":284504},{"id":8674,"n":"Sucre Tablier Blanc Spécial confiture - 1kg","p":1.92,"u":"1,92 €/KG","img":"https://fd6-photos.leclercdrive.fr/image.ashx?id=3010416&use=l&cat=p&typeid=i","cat":284502},{"id":8675,"n":"Sucre Tablier Blanc 100 dosettes - 500g","p":2.34,"u":"4,68 €/KG","img":"https://fd6-photos.leclercdrive.fr/image.ashx?id=3010419&use=l&cat=p&typeid=i","cat":284502},{"id":8678,"n":"Muscat NRT Baume De Venise-15,5%vol - 75cl","p":9.99,"u":"13,32 €/L","img":"https://fd6-photos.leclercdrive.fr/image.ashx?id=2920942&use=l&cat=p&typeid=i","cat":284913},{"id":8679,"n":"Truite fumée d'Aquitaine NRT x4 - 120g","p":5.2,"u":"43,33 €/KG","img":"https://fd6-photos.leclercdrive.fr/image.ashx?id=2663836&use=l&cat=p&typeid=i","cat":285188},{"id":8683,"n":"Saucisson sec d'Ardèche IGP NRT - 280g","p":5.0,"u":"17,86 €/KG","img":"https://fd6-photos.leclercdrive.fr/image.ashx?id=2753502&use=l&cat=p&typeid=i","cat":316006},{"id":8734,"n":"AOC Champagne brut blanc  Premier cru Pol Carson - 75cl","p":22.99,"u":"30,65 €/L","img":"https://fd6-photos.leclercdrive.fr/image.ashx?id=2984649&use=l&cat=p&typeid=i","cat":284542},{"id":8741,"n":"Merguez Poulet Volandrie 300g","p":3.49,"u":"11,63 €/KG","img":"https://fd6-photos.leclercdrive.fr/image.ashx?id=2707558&use=l&cat=p&typeid=i","cat":284716},{"id":8742,"n":"Saucisse de volaille Volandrie x6 - 300g","p":3.49,"u":"11,63 €/KG","img":"https://fd6-photos.leclercdrive.fr/image.ashx?id=2120155&use=l&cat=p&typeid=i","cat":284716},{"id":8745,"n":"Lait demi-écrémé Grandlait Bouteille - 6x1L","p":7.28,"u":"1,21 €/L","img":"https://fd6-photos.leclercdrive.fr/image.ashx?id=2914612&use=l&cat=p&typeid=i","cat":284377},{"id":8748,"n":"Lait vitaminé Viva Candia  1% MG - 6x50cl","p":5.85,"u":"1,95 €/L","img":"https://fd6-photos.leclercdrive.fr/image.ashx?id=2891508&use=l&cat=p&typeid=i","cat":317169},{"id":8749,"n":"Flask Whisky Label 5 40%vol - 20cl","p":4.12,"u":"20,60 €/L","img":"https://fd6-photos.leclercdrive.fr/image.ashx?id=2519720&use=l&cat=p&typeid=i","cat":284547},{"id":8754,"n":"Sacs congélation Elembal Moyen Zip 20 Sacs","p":1.49,"u":"0,07 €/P","img":"https://fd6-photos.leclercdrive.fr/image.ashx?id=2751886&use=l&cat=p&typeid=i","cat":334134},{"id":8784,"n":"Plat bébé Blédina 8 mois  Riz carotte jambon - 2x200g","p":2.66,"u":"6,65 €/KG","img":"https://fd6-photos.leclercdrive.fr/image.ashx?id=2975065&use=l&cat=p&typeid=i","cat":312236},{"id":8795,"n":"Eau minérale Wattwiller 6x1.5L","p":3.45,"u":"0,38 €/L","img":"https://fd6-photos.leclercdrive.fr/image.ashx?id=2582846&use=l&cat=p&typeid=i","cat":284535},{"id":8796,"n":"Saucisse fine de Lyon NRT 120g","p":1.85,"u":"15,42 €/KG","img":"https://fd6-photos.leclercdrive.fr/image.ashx?id=2743870&use=l&cat=p&typeid=i","cat":316012},{"id":8798,"n":"Fromage St Félicien NRT 180g","p":4.12,"u":"22,89 €/KG","img":"https://fd6-photos.leclercdrive.fr/image.ashx?id=1907399&use=l&cat=p&typeid=i","cat":329558},{"id":8804,"n":"Brownie P'tit Déli Chocolat pépites 285g","p":1.85,"u":"6,49 €/KG","img":"https://fd6-photos.leclercdrive.fr/image.ashx?id=2663365&use=l&cat=p&typeid=i","cat":294776},{"id":8813,"n":"Fromage frais Malo  Nature - 4x100g","p":1.65,"u":"4,13 €/KG","img":"https://fd6-photos.leclercdrive.fr/image.ashx?id=2462592&use=l&cat=p&typeid=i","cat":284409},{"id":8825,"n":"Barres de céréales Coco Pops Kellogg's - 6x20g","p":1.85,"u":"15,42 €/KG","img":"https://fd6-photos.leclercdrive.fr/image.ashx?id=2677291&use=l&cat=p&typeid=i","cat":285869},{"id":8842,"n":"Couscous poulet bœuf Garbit - 980g","p":4.61,"u":"4,70 €/KG","img":"https://fd6-photos.leclercdrive.fr/image.ashx?id=2677930&use=l&cat=p&typeid=i","cat":325094},{"id":8855,"n":"Sauce Champignons Turini 420g","p":1.15,"u":"2,74 €/KG","img":"https://fd6-photos.leclercdrive.fr/image.ashx?id=2494189&use=l&cat=p&typeid=i","cat":287599},{"id":8857,"n":"Café soluble Plantation Qualité filtre - x25 - 50g","p":2.09,"u":"41,80 €/KG","img":"https://fd6-photos.leclercdrive.fr/image.ashx?id=2834278&use=l&cat=p&typeid=i","cat":284843},{"id":8861,"n":"Café soluble Plantation Expresso - x25 - 45g","p":2.25,"u":"50,00 €/KG","img":"https://fd6-photos.leclercdrive.fr/image.ashx?id=2779338&use=l&cat=p&typeid=i","cat":284843},{"id":8864,"n":"Pain de Mie Epi d'or - Nature Longue Conservation - 280g","p":0.74,"u":"2,64 €/KG","img":"https://fd6-photos.leclercdrive.fr/image.ashx?id=1913643&use=l&cat=p&typeid=i","cat":284477},{"id":8865,"n":"Toasts Brioches Epi D'Or x13 - 125g","p":0.94,"u":"7,52 €/KG","img":"https://fd6-photos.leclercdrive.fr/image.ashx?id=1759541&use=l&cat=p&typeid=i","cat":284479},{"id":8869,"n":"Riz complet Comptoir du Grain 10min - 500g","p":1.49,"u":"2,98 €/KG","img":"https://fd6-photos.leclercdrive.fr/image.ashx?id=2909386&use=l&cat=p&typeid=i","cat":284428},{"id":8870,"n":"Dés fromage Herbes de Provence Poivrons Les Croisés - 300g","p":2.1,"u":"7,00 €/KG","img":"https://fd6-photos.leclercdrive.fr/image.ashx?id=2758300&use=l&cat=p&typeid=i","cat":314027},{"id":8891,"n":"Soda Jean's Cola Bouteille - 6x1,5L","p":6.79,"u":"0,75 €/L","img":"https://fd6-photos.leclercdrive.fr/image.ashx?id=2637862&use=l&cat=p&typeid=i","cat":284530},{"id":8908,"n":"Crépes Fourrées P'tit Déli Céréales et chocolat x8 - 256g","p":1.81,"u":"7,07 €/KG","img":"https://fd6-photos.leclercdrive.fr/image.ashx?id=2656338&use=l&cat=p&typeid=i","cat":284494},{"id":8914,"n":"IGP Pays d'Oc Viognier Blanc Vieux Carion 13% vol - 75cl","p":2.99,"u":"3,99 €/L","img":"https://fd6-photos.leclercdrive.fr/image.ashx?id=2866244&use=l&cat=p&typeid=i","cat":289557},{"id":8926,"n":"Fromage Emmental Paysan Berton Râpé lait pasteurisé 150g","p":1.75,"u":"11,67 €/KG","img":"https://fd6-photos.leclercdrive.fr/image.ashx?id=2975296&use=l&cat=p&typeid=i","cat":314035},{"id":8931,"n":"Fromage Emmental Paysan Breton Portion - 220g","p":2.57,"u":"11,68 €/KG","img":"https://fd6-photos.leclercdrive.fr/image.ashx?id=2945559&use=l&cat=p&typeid=i","cat":314034},{"id":8932,"n":"Gin Gibson's 37.5%vol - 1L","p":16.13,"u":"16,13 €/L","img":"https://fd6-photos.leclercdrive.fr/image.ashx?id=2766244&use=l&cat=p&typeid=i","cat":284550},{"id":8951,"n":"Eau minérale Source Amanda Naturelle 6x1,5L","p":2.46,"u":"0,27 €/L","img":"https://fd6-photos.leclercdrive.fr/image.ashx?id=2727629&use=l&cat=p&typeid=i","cat":284535},{"id":8963,"n":"Fromage à tartiner Madame Loïk Fouetté Ech. Ciboulette - 150g","p":1.78,"u":"11,87 €/KG","img":"https://fd6-photos.leclercdrive.fr/image.ashx?id=2986356&use=l&cat=p&typeid=i","cat":314029},{"id":8966,"n":"Biscuits chien Pedigree Biscrok - 500g","p":1.56,"u":"3,12 €/KG","img":"https://fd6-photos.leclercdrive.fr/image.ashx?id=2983456&use=l&cat=p&typeid=i","cat":294527},{"id":8968,"n":"Chocolat poudre Banania 400g","p":2.73,"u":"6,83 €/KG","img":"https://fd6-photos.leclercdrive.fr/image.ashx?id=2225276&use=l&cat=p&typeid=i","cat":293235},{"id":8970,"n":"Riz long blanc de Camargue NRT 500g","p":1.59,"u":"3,18 €/KG","img":"https://fd6-photos.leclercdrive.fr/image.ashx?id=2663803&use=l&cat=p&typeid=i","cat":284428},{"id":8972,"n":"Levure boulangère Tablier Blanc x6 - 30g","p":0.69,"u":"23,00 €/KG","img":"https://fd6-photos.leclercdrive.fr/image.ashx?id=2867904&use=l&cat=p&typeid=i","cat":294686},{"id":8974,"n":"Lait vitaminé Viva Candia  1% MG - 6x1L","p":8.32,"u":"1,39 €/L","img":"https://fd6-photos.leclercdrive.fr/image.ashx?id=2891502&use=l&cat=p&typeid=i","cat":317169},{"id":8977,"n":"Cacahuètes  Benenuts Grillées à sec - 200g","p":1.72,"u":"8,60 €/KG","img":"https://fd6-photos.leclercdrive.fr/image.ashx?id=2389616&use=l&cat=p&typeid=i","cat":284448},{"id":9033,"n":"Fromage Entremont Dégustation 45%mg - 250g","p":2.82,"u":"11,28 €/KG","img":"https://fd6-photos.leclercdrive.fr/image.ashx?id=2983168&use=l&cat=p&typeid=i","cat":314034},{"id":9065,"n":"Fromage tartiflette Ermitage 27%mg - 500g","p":5.48,"u":"10,96 €/KG","img":"https://fd6-photos.leclercdrive.fr/image.ashx?id=2966011&use=l&cat=p&typeid=i","cat":314037},{"id":9080,"n":"Fromage à Tartiner St Môret  Nature 9 Portions - 180g","p":2.01,"u":"11,17 €/KG","img":"https://fd6-photos.leclercdrive.fr/image.ashx?id=2763319&use=l&cat=p&typeid=i","cat":314029},{"id":9091,"n":"Sandwich XXL Daunat Poulet rôti - 230g","p":2.24,"u":"9,74 €/KG","img":"https://fd6-photos.leclercdrive.fr/image.ashx?id=2894260&use=l&cat=p&typeid=i","cat":333658},{"id":9098,"n":"Filet de poulet  Volailles Champenoises - 720g","p":8.55,"u":"11,88 €/KG","img":"https://fd6-photos.leclercdrive.fr/image.ashx?id=2758975&use=l&cat=p&typeid=i","cat":284336},{"id":9105,"n":"Pate Brisée Eco+ A dérouler - 230g","p":0.53,"u":"2,30 €/KG","img":"https://fd6-photos.leclercdrive.fr/image.ashx?id=2744347&use=l&cat=p&typeid=i","cat":333681},{"id":9110,"n":"Bûche de chèvre allégée Soignon Lait pasteurisé 29%mg - 180g","p":2.27,"u":"12,61 €/KG","img":"https://fd6-photos.leclercdrive.fr/image.ashx?id=2886987&use=l&cat=p&typeid=i","cat":314031},{"id":9124,"n":"Croquettes chiens Lydog Senior - 3kg","p":4.88,"u":"1,63 €/KG","img":"https://fd6-photos.leclercdrive.fr/image.ashx?id=2047025&use=l&cat=p&typeid=i","cat":284672},{"id":9130,"n":"Mouchoirs blancs 2 plis Caresse Boîte mouchoirs en papier -x110","p":1.32,"u":"0,01 €/P","img":"https://fd6-photos.leclercdrive.fr/image.ashx?id=2390416&use=l&cat=p&typeid=i","cat":284638},{"id":9131,"n":"Gel douche et shampooing Carré Homme Tonifiante - 250ml","p":1.27,"u":"5,08 €/L","img":"https://fd6-photos.leclercdrive.fr/image.ashx?id=1544661&use=l&cat=p&typeid=i","cat":284619},{"id":9139,"n":"Bouchées chiens Lydog Boeuf - 1.5kg","p":2.84,"u":"1,89 €/KG","img":"https://fd6-photos.leclercdrive.fr/image.ashx?id=1952886&use=l&cat=p&typeid=i","cat":284672},{"id":9155,"n":"Moussaka Boeuf Côté Table 300g","p":3.24,"u":"10,80 €/KG","img":"https://fd6-photos.leclercdrive.fr/image.ashx?id=2607906&use=l&cat=p&typeid=i","cat":333665},{"id":9159,"n":"Sandwich  Côté Snack  Polaire Jambon Cheddar 135g","p":1.44,"u":"10,67 €/KG","img":"https://fd6-photos.leclercdrive.fr/image.ashx?id=2619710&use=l&cat=p&typeid=i","cat":333658},{"id":9162,"n":"Croquettes chat Plénima Premium Chatons - 450g","p":2.24,"u":"4,98 €/KG","img":"https://fd6-photos.leclercdrive.fr/image.ashx?id=1943364&use=l&cat=p&typeid=i","cat":284680},{"id":9164,"n":"Crevettes natures Pêche Océan 125g","p":3.99,"u":"31,92 €/KG","img":"https://fd6-photos.leclercdrive.fr/image.ashx?id=3015242&use=l&cat=p&typeid=i","cat":284343},{"id":9167,"n":"Fromage Edam Mimolette Les Croisés dés 150g","p":1.85,"u":"12,33 €/KG","img":"https://fd6-photos.leclercdrive.fr/image.ashx?id=2365472&use=l&cat=p&typeid=i","cat":314027},{"id":9173,"n":"Ravioles Label Rouge NRT Dauphiné - 240g","p":2.99,"u":"12,46 €/KG","img":"https://fd6-photos.leclercdrive.fr/image.ashx?id=2704894&use=l&cat=p&typeid=i","cat":333682},{"id":9177,"n":"Flammekueche d'Alsace NRT 180g","p":2.09,"u":"11,61 €/KG","img":"https://fd6-photos.leclercdrive.fr/image.ashx?id=2743864&use=l&cat=p&typeid=i","cat":333680},{"id":9181,"n":"Chinois La Fournée Dorée Crème pâtissière - 600g","p":2.87,"u":"4,78 €/KG","img":"https://fd6-photos.leclercdrive.fr/image.ashx?id=2342090&use=l&cat=p&typeid=i","cat":293600},{"id":9183,"n":"Boules soufflées Tokapi Tomate - 42g","p":0.57,"u":"13,57 €/KG","img":"https://fd6-photos.leclercdrive.fr/image.ashx?id=2898832&use=l&cat=p&typeid=i","cat":284449},{"id":9246,"n":"Avocat Bio Bio Village En barquette x2","p":3.59,"u":"1,80 €/P","img":"https://fd6-photos.leclercdrive.fr/image.ashx?id=2551984&use=l&cat=p&typeid=i","cat":284352},{"id":9262,"n":"Matière grasse Rustica Tournesol -60%MG -Doux -500G","p":1.53,"u":"3,06 €/KG","img":"https://fd6-photos.leclercdrive.fr/image.ashx?id=2904553&use=l&cat=p&typeid=i","cat":315229},{"id":9265,"n":"Pêche poire ananas  Douceur du verger - 4x70g","p":2.59,"u":"9,25 €/KG","img":"https://fd6-photos.leclercdrive.fr/image.ashx?id=2349100&use=l&cat=p&typeid=i","cat":284507},{"id":9266,"n":"Ananas papaye mangue DDV Sirop léger - 4x70g","p":2.74,"u":"9,79 €/KG","img":"https://fd6-photos.leclercdrive.fr/image.ashx?id=2100775&use=l&cat=p&typeid=i","cat":284507},{"id":9276,"n":"Biscuits Sprits P'tit Déli Chocolat au lait - 150g","p":1.09,"u":"7,27 €/KG","img":"https://fd6-photos.leclercdrive.fr/image.ashx?id=2081053&use=l&cat=p&typeid=i","cat":284488},{"id":9322,"n":"Tartelette Choco Caramel St Michel Bonne Maman 135g","p":1.39,"u":"10,30 €/KG","img":"https://fd6-photos.leclercdrive.fr/image.ashx?id=2949931&use=l&cat=p&typeid=i","cat":284488},{"id":9435,"n":"AOP Champagne Mercier  Brut - 75cl","p":24.89,"u":"33,19 €/L","img":"https://fd6-photos.leclercdrive.fr/image.ashx?id=1867174&use=l&cat=p&typeid=i","cat":284542},{"id":9540,"n":"Papier grain Canson 24x32 180g/m2 - 24 feuilles","p":3.61,"img":"https://fd6-photos.leclercdrive.fr/image.ashx?id=2797458&use=l&cat=p&typeid=i","cat":284697},{"id":9587,"n":"Tube de peinture Esquisse Gouache - 5x10ml","p":1.5,"u":"30,00 €/L","img":"https://fd6-photos.leclercdrive.fr/image.ashx?id=2131185&use=l&cat=p&typeid=i","cat":334133},{"id":9593,"n":"AOP Côtes du Rhône vin rouge Combes Saint Sauveur 75cl","p":4.23,"u":"5,64 €/L","img":"https://fd6-photos.leclercdrive.fr/image.ashx?id=2755414&use=l&cat=p&typeid=i","cat":289556},{"id":9598,"n":"Nuggets Le Gaulois Extra croustillant x10 - 200g","p":2.14,"u":"10,70 €/KG","img":"https://fd6-photos.leclercdrive.fr/image.ashx?id=2645531&use=l&cat=p&typeid=i","cat":333684},{"id":9632,"n":"IGP Pays d'Oc rouge Les Ormes De Cambras 12.5% vol - 75cl","p":3.1,"u":"4,13 €/L","img":"https://fd6-photos.leclercdrive.fr/image.ashx?id=2445121&use=l&cat=p&typeid=i","cat":289556},{"id":9634,"n":"Scotch Whisky Baird's 40%vol - 1L","p":15.49,"u":"15,49 €/L","img":"https://fd6-photos.leclercdrive.fr/image.ashx?id=2907168&use=l&cat=p&typeid=i","cat":284547},{"id":9635,"n":"Rhum blanc Charrette 49%vol - 1L","p":14.86,"u":"14,86 €/L","img":"https://fd6-photos.leclercdrive.fr/image.ashx?id=1946417&use=l&cat=p&typeid=i","cat":284550},{"id":9636,"n":"Apéritif sans alcool Palermo Amarino - 1L","p":3.78,"u":"3,78 €/L","img":"https://fd6-photos.leclercdrive.fr/image.ashx?id=1866955&use=l&cat=p&typeid=i","cat":284549},{"id":9638,"n":"AOC Rhum agricole blanc Dillon Martinique 55%vol - 1L","p":18.99,"u":"18,99 €/L","img":"https://fd6-photos.leclercdrive.fr/image.ashx?id=2650946&use=l&cat=p&typeid=i","cat":284550},{"id":9641,"n":"Whisky Ballantine's Finest Blended Scotch 40% vol - 1L","p":20.95,"pp":19.45,"u":"19,45 €/L","img":"https://fd6-photos.leclercdrive.fr/image.ashx?id=2816964&use=l&cat=p&typeid=i","cat":284547},{"id":9689,"n":"Muffin complet Epi d'Or x4 - 250g","p":1.7,"u":"6,80 €/KG","img":"https://fd6-photos.leclercdrive.fr/image.ashx?id=2939058&use=l&cat=p&typeid=i","cat":284985},{"id":9690,"n":"Carré à Langer Mots d'Enfants Jetables x10","p":4.1,"u":"0,41 €/P","img":"https://fd6-photos.leclercdrive.fr/image.ashx?id=3014191&use=l&cat=p&typeid=i","cat":284737},{"id":9692,"n":"Chocolat au lait Equador Coeur Praliné - 150g","p":1.99,"u":"13,27 €/KG","img":"https://fd6-photos.leclercdrive.fr/image.ashx?id=2834293&use=l&cat=p&typeid=i","cat":284497},{"id":9700,"n":"Serviette incontinence Chorys Extra plus - x16","p":4.99,"u":"0,31 €/P","img":"https://fd6-photos.leclercdrive.fr/image.ashx?id=2691171&use=l&cat=p&typeid=i","cat":284628},{"id":9708,"n":"Crème aux oeufs Délisse Vanille - 4x100g","p":1.49,"u":"3,73 €/KG","img":"https://fd6-photos.leclercdrive.fr/image.ashx?id=1956631&use=l&cat=p&typeid=i","cat":284419},{"id":9709,"n":"Mini brownies P'tit Déli Chocolat pépites x8 - 240g","p":1.49,"u":"6,21 €/KG","img":"https://fd6-photos.leclercdrive.fr/image.ashx?id=2888938&use=l&cat=p&typeid=i","cat":294776},{"id":9898,"n":"Culotte absorbante Chorys Taille L - x10","p":6.99,"u":"0,70 €/P","img":"https://fd6-photos.leclercdrive.fr/image.ashx?id=2623004&use=l&cat=p&typeid=i","cat":284628},{"id":9899,"n":"Culotte absorbante Chorys Taille M - Plus - x12","p":7.99,"u":"0,67 €/P","img":"https://fd6-photos.leclercdrive.fr/image.ashx?id=2623001&use=l&cat=p&typeid=i","cat":284628},{"id":9915,"n":"Oignons émincés Notre Jardin 1kg","p":1.75,"u":"1,75 €/KG","img":"https://fd6-photos.leclercdrive.fr/image.ashx?id=2873117&use=l&cat=p&typeid=i","cat":319805},{"id":9916,"n":"Epinards Notre Jardin Feuilles à cuire - 600g","p":1.35,"u":"2,25 €/KG","img":"https://fd6-photos.leclercdrive.fr/image.ashx?id=2916677&use=l&cat=p&typeid=i","cat":319805},{"id":9917,"n":"Whisky J&B Rare 40%vol - 1L","p":22.33,"u":"22,33 €/L","img":"https://fd6-photos.leclercdrive.fr/image.ashx?id=2497638&use=l&cat=p&typeid=i","cat":284547},{"id":9920,"n":"Riz rond blanc de Camargue NRT 500g","p":1.79,"u":"3,58 €/KG","img":"https://fd6-photos.leclercdrive.fr/image.ashx?id=2663839&use=l&cat=p&typeid=i","cat":284428},{"id":9933,"n":"Mouchoirs blancs 4 plis Caresse Mouchoirs papier - 24 étuis","p":2.51,"u":"0,10 €/P","img":"https://fd6-photos.leclercdrive.fr/image.ashx?id=2870017&use=l&cat=p&typeid=i","cat":284638},{"id":9942,"n":"Chemises élastiques  3 rabats 21x29.7cm- x8+2offerts","p":5.62,"u":"0,56 €/P","img":"https://fd6-photos.leclercdrive.fr/image.ashx?id=1874249&use=l&cat=p&typeid=i","cat":284745},{"id":10063,"n":"Whisky Bourbon Four Roses 40%vol - 1L","p":26.5,"u":"26,50 €/L","img":"https://fd6-photos.leclercdrive.fr/image.ashx?id=2929476&use=l&cat=p&typeid=i","cat":284547},{"id":10069,"n":"Gâteaux moelleux Pépito  Pépites de chocolat - 150g","p":1.21,"u":"8,07 €/KG","img":"https://fd6-photos.leclercdrive.fr/image.ashx?id=2374396&use=l&cat=p&typeid=i","cat":284495},{"id":10073,"n":"Tablette chocolat Bio Village Bio Chocolat au lait - 100g","p":1.89,"u":"18,90 €/KG","img":"https://fd6-photos.leclercdrive.fr/image.ashx?id=2861899&use=l&cat=p&typeid=i","cat":284497},{"id":10074,"n":"Tablette de chocolat Equador Noir et menthe 100g","p":1.19,"u":"11,90 €/KG","img":"https://fd6-photos.leclercdrive.fr/image.ashx?id=2834296&use=l&cat=p&typeid=i","cat":284956},{"id":10076,"n":"Tablette chocolat Equador Noir framboise 100g","p":1.82,"u":"18,20 €/KG","img":"https://fd6-photos.leclercdrive.fr/image.ashx?id=2834290&use=l&cat=p&typeid=i","cat":284956},{"id":10091,"n":"Filets maquereaux Pêche Océan Tomate basilic - 169g","p":1.44,"u":"8,52 €/KG","img":"https://fd6-photos.leclercdrive.fr/image.ashx?id=2394657&use=l&cat=p&typeid=i","cat":303868},{"id":10092,"n":"Palets de légumes Notre Jardin Courgettes Carottes - x8 300g","p":1.74,"u":"5,80 €/KG","img":"https://fd6-photos.leclercdrive.fr/image.ashx?id=2878711&use=l&cat=p&typeid=i","cat":319802},{"id":10093,"n":"Palets légumes Notre Jardin Poireaux Carottes - x8 300g","p":1.99,"u":"6,63 €/KG","img":"https://fd6-photos.leclercdrive.fr/image.ashx?id=2878708&use=l&cat=p&typeid=i","cat":319802},{"id":10114,"n":"Essuie-tout Uni Vert Compact Ecologique - x2","p":2.7,"u":"1,35 €/P","img":"https://fd6-photos.leclercdrive.fr/image.ashx?id=2571929&use=l&cat=p&typeid=i","cat":284635},{"id":10122,"n":"Mini gratins Côté Table Aux 3 légumes - x4 480g","p":3.12,"u":"6,50 €/KG","img":"https://fd6-photos.leclercdrive.fr/image.ashx?id=2074419&use=l&cat=p&typeid=i","cat":319802},{"id":10125,"n":"Rösti Pom'Lisse 600g","p":1.39,"u":"2,32 €/KG","img":"https://fd6-photos.leclercdrive.fr/image.ashx?id=2704648&use=l&cat=p&typeid=i","cat":319792},{"id":10126,"n":"Pomme de terre Patato Rigolo Pom'Lisse 750g","p":1.94,"u":"2,59 €/KG","img":"https://fd6-photos.leclercdrive.fr/image.ashx?id=2958323&use=l&cat=p&typeid=i","cat":319792},{"id":10192,"n":"Olives Vertes Tramier  Dénoyautées 160g","p":1.85,"u":"11,56 €/KG","img":"https://fd6-photos.leclercdrive.fr/image.ashx?id=2363829&use=l&cat=p&typeid=i","cat":284458},{"id":10200,"n":"Pommes de terre lamelles Lunor De consommation cuites - 500g","p":1.6,"u":"3,20 €/KG","img":"https://fd6-photos.leclercdrive.fr/image.ashx?id=2167898&use=l&cat=p&typeid=i","cat":284352},{"id":10211,"n":"Pâtes Nouilles Turini 1kg","p":1.32,"u":"1,32 €/KG","img":"https://fd6-photos.leclercdrive.fr/image.ashx?id=2980761&use=l&cat=p&typeid=i","cat":284427},{"id":10212,"n":"Rubans anti-mouches Insectivor x4","p":0.85,"u":"0,21 €/P","img":"https://fd6-photos.leclercdrive.fr/image.ashx?id=2555077&use=l&cat=p&typeid=i","cat":298368},{"id":10214,"n":"Cappuccino soluble Plantation Saveur chocolat - 306g","p":2.3,"u":"7,52 €/KG","img":"https://fd6-photos.leclercdrive.fr/image.ashx?id=2819268&use=l&cat=p&typeid=i","cat":284843},{"id":10215,"n":"Sauce Basquaise Rustica Aux 2 poivrons - 400g","p":1.29,"u":"3,23 €/KG","img":"https://fd6-photos.leclercdrive.fr/image.ashx?id=2887398&use=l&cat=p&typeid=i","cat":287599},{"id":10216,"n":"Sauce Aigre Douce Rustica Légumes croquants - 400g","p":1.27,"u":"3,18 €/KG","img":"https://fd6-photos.leclercdrive.fr/image.ashx?id=2887401&use=l&cat=p&typeid=i","cat":287599},{"id":10217,"n":"Sauce Curry Rustica Légumes et lait de coco - 400g","p":1.31,"u":"3,28 €/KG","img":"https://fd6-photos.leclercdrive.fr/image.ashx?id=2887404&use=l&cat=p&typeid=i","cat":287599},{"id":10220,"n":"Tampons Doulys Compact Normal - x20","p":2.24,"u":"0,11 €/P","img":"https://fd6-photos.leclercdrive.fr/image.ashx?id=2965464&use=l&cat=p&typeid=i","cat":284626},{"id":10227,"n":"Mini gratins Côté Table Dauphinois - x4 480g","p":2.99,"u":"6,23 €/KG","img":"https://fd6-photos.leclercdrive.fr/image.ashx?id=2627640&use=l&cat=p&typeid=i","cat":319802},{"id":10231,"n":"Confiture Douceur du verger Framboises - Allégée - 340g","p":1.24,"u":"3,65 €/KG","img":"https://fd6-photos.leclercdrive.fr/image.ashx?id=2965473&use=l&cat=p&typeid=i","cat":284480},{"id":10239,"n":"Ketchup allégé Rustica 535g","p":1.62,"u":"3,03 €/KG","img":"https://fd6-photos.leclercdrive.fr/image.ashx?id=2316400&use=l&cat=p&typeid=i","cat":284455},{"id":10244,"n":"Thon entier Pêche Océan Naturel - 280g","p":3.69,"u":"13,18 €/KG","img":"https://fd6-photos.leclercdrive.fr/image.ashx?id=2941414&use=l&cat=p&typeid=i","cat":303867},{"id":10324,"n":"Pommes de terre Bio Bio Village Vapeur et sautées  - 1.5kg","p":2.99,"u":"1,99 €/KG","img":"https://fd6-photos.leclercdrive.fr/image.ashx?id=2960535&use=l&cat=p&typeid=i","cat":284352},{"id":10344,"n":"Petit Beurre Pocket P'ti Déli 3x12 sachets 300g","p":1.68,"u":"5,60 €/KG","img":"https://fd6-photos.leclercdrive.fr/image.ashx?id=1965518&use=l&cat=p&typeid=i","cat":284487},{"id":10346,"n":"Vinaigrette allégée Rustica Balsamique huile d'olive - 50cl","p":2.49,"u":"4,98 €/L","img":"https://fd6-photos.leclercdrive.fr/image.ashx?id=1972913&use=l&cat=p&typeid=i","cat":284456},{"id":10348,"n":"Huile de noix Rustica 50cl","p":4.68,"u":"9,36 €/L","img":"https://fd6-photos.leclercdrive.fr/image.ashx?id=2523703&use=l&cat=p&typeid=i","cat":284453},{"id":10351,"n":"Sacs à couche Mots d'Enfant Parfumés - x50","p":1.6,"u":"0,03 €/P","img":"https://fd6-photos.leclercdrive.fr/image.ashx?id=1886564&use=l&cat=p&typeid=i","cat":284737},{"id":10356,"n":"Bloc bureau Esquisse - 80 pages Seyes - 21x31.5cm","p":2.79,"img":"https://fd6-photos.leclercdrive.fr/image.ashx?id=2943187&use=l&cat=p&typeid=i","cat":284697},{"id":10379,"n":"Riz long blanc parfumé Dragon 2kg","p":4.87,"u":"2,44 €/KG","img":"https://fd6-photos.leclercdrive.fr/image.ashx?id=2594926&use=l&cat=p&typeid=i","cat":288993},{"id":10384,"n":"Sauce Chasseur Knorr 23g","p":0.85,"u":"36,96 €/KG","img":"https://fd6-photos.leclercdrive.fr/image.ashx?id=1936770&use=l&cat=p&typeid=i","cat":288381},{"id":10398,"n":"Biscuit apéritif ancel Bretzels Maxi - 200g","p":0.84,"u":"4,20 €/KG","img":"https://fd6-photos.leclercdrive.fr/image.ashx?id=2991813&use=l&cat=p&typeid=i","cat":297000},{"id":10406,"n":"Vinaigre d'alcool doux Melfor Miel et infusion plantes - 1L","p":1.65,"u":"1,65 €/L","img":"https://fd6-photos.leclercdrive.fr/image.ashx?id=2289909&use=l&cat=p&typeid=i","cat":298543},{"id":10439,"n":"Citrons confits Samia 820g","p":2.69,"u":"3,28 €/KG","img":"https://fd6-photos.leclercdrive.fr/image.ashx?id=2850518&use=l&cat=p&typeid=i","cat":284504},{"id":10443,"n":"Feuilles de brick La Pastilla 170g","p":0.94,"u":"5,53 €/KG","img":"https://fd6-photos.leclercdrive.fr/image.ashx?id=2335289&use=l&cat=p&typeid=i","cat":289013},{"id":10444,"n":"Arôme fleur d'oranger 50cl","p":1.57,"u":"3,14 €/L","img":"https://fd6-photos.leclercdrive.fr/image.ashx?id=2756269&use=l&cat=p&typeid=i","cat":289013},{"id":10446,"n":"Bonbons géléifiés cola Samia Halal - 200g","p":1.87,"u":"9,35 €/KG","img":"https://fd6-photos.leclercdrive.fr/image.ashx?id=2304824&use=l&cat=p&typeid=i","cat":289013},{"id":10472,"n":"Salade mechouia Samia Piquante - 350g","p":3.89,"u":"11,11 €/KG","img":"https://fd6-photos.leclercdrive.fr/image.ashx?id=2850964&use=l&cat=p&typeid=i","cat":289013},{"id":10526,"n":"Pommes Noisettes McCain 1kg","p":3.21,"u":"3,21 €/KG","img":"https://fd6-photos.leclercdrive.fr/image.ashx?id=2911312&use=l&cat=p&typeid=i","cat":319792},{"id":10527,"n":"Pommes Rissolées McCain  1kg","p":2.75,"u":"2,75 €/KG","img":"https://fd6-photos.leclercdrive.fr/image.ashx?id=2911309&use=l&cat=p&typeid=i","cat":319792},{"id":10591,"n":"Spray vitrocéramique Clair 500ml","p":3.42,"u":"6,84 €/L","img":"https://fd6-photos.leclercdrive.fr/image.ashx?id=2860073&use=l&cat=p&typeid=i","cat":325363},{"id":10637,"n":"Crème entière Délisse Fluide - 30% MG - 2x25cl","p":2.71,"u":"5,42 €/L","img":"https://fd6-photos.leclercdrive.fr/image.ashx?id=3002560&use=l&cat=p&typeid=i","cat":284381},{"id":10638,"n":"Crème légère fluide UHT Délisse 12%mg - 2x25cl","p":2.31,"u":"4,62 €/L","img":"https://fd6-photos.leclercdrive.fr/image.ashx?id=3002563&use=l&cat=p&typeid=i","cat":284381},{"id":10641,"n":"Yaourts lait entier nature Bio Bio village - 4x125g","p":0.95,"u":"1,90 €/KG","img":"https://fd6-photos.leclercdrive.fr/image.ashx?id=2743831&use=l&cat=p&typeid=i","cat":284409},{"id":10655,"n":"IGP Pays d'Oc rouge Cabernet Sauvignon 12.5% vol - 75cl","p":3.08,"u":"4,11 €/L","img":"https://fd6-photos.leclercdrive.fr/image.ashx?id=2189904&use=l&cat=p&typeid=i","cat":289556},{"id":10658,"n":"Beurre gastronomique Président Doux - 82% MG - 125g","p":1.75,"u":"14,00 €/KG","img":"https://fd6-photos.leclercdrive.fr/image.ashx?id=2740592&use=l&cat=p&typeid=i","cat":284379},{"id":10674,"n":"Soda Coca-Cola Bouteille - 6x50cl","p":6.33,"u":"2,11 €/L","img":"https://fd6-photos.leclercdrive.fr/image.ashx?id=2885414&use=l&cat=p&typeid=i","cat":284530},{"id":10718,"n":"AOC Côtes du Marmandais rouge La Vieille Eglise - 75cl","p":3.5,"u":"4,67 €/L","img":"https://fd6-photos.leclercdrive.fr/image.ashx?id=2734801&use=l&cat=p&typeid=i","cat":289556},{"id":10720,"n":"Vin mousseux Charles Volner Demi-sec - 11%vol. - 75cl","p":4.67,"u":"6,23 €/L","img":"https://fd6-photos.leclercdrive.fr/image.ashx?id=1592055&use=l&cat=p&typeid=i","cat":284544},{"id":10727,"n":"IGP Pays d'oc blanc Roche Mazet Sauvignon 12% vol - 75 cl","p":3.3,"u":"4,40 €/L","img":"https://fd6-photos.leclercdrive.fr/image.ashx?id=2342024&use=l&cat=p&typeid=i","cat":289557},{"id":10766,"n":"Pain d'épices P'tit Déli 350g","p":1.79,"u":"5,11 €/KG","img":"https://fd6-photos.leclercdrive.fr/image.ashx?id=1938852&use=l&cat=p&typeid=i","cat":284493},{"id":10767,"n":"Riz cantonais Comptoir du Grain Express 2 min - 250g","p":1.19,"u":"4,76 €/KG","img":"https://fd6-photos.leclercdrive.fr/image.ashx?id=2441198&use=l&cat=p&typeid=i","cat":287600},{"id":10781,"n":"Chair de tomate Notre Jardin Nature - 400g","p":1.99,"u":"4,98 €/KG","img":"https://fd6-photos.leclercdrive.fr/image.ashx?id=2590436&use=l&cat=p&typeid=i","cat":312608},{"id":10787,"n":"Huile de colza Bio Village Bio - 75cl","p":3.79,"u":"5,05 €/L","img":"https://fd6-photos.leclercdrive.fr/image.ashx?id=2989715&use=l&cat=p&typeid=i","cat":284453},{"id":10788,"n":"Moutarde de Dijon Bio Village Bio - 200g","p":1.54,"u":"7,70 €/KG","img":"https://fd6-photos.leclercdrive.fr/image.ashx?id=2607954&use=l&cat=p&typeid=i","cat":288850},{"id":10795,"n":"Moutarde de Dijon NRT À l'ancienne - 200g","p":1.39,"u":"6,95 €/KG","img":"https://fd6-photos.leclercdrive.fr/image.ashx?id=2644921&use=l&cat=p&typeid=i","cat":288850},{"id":10919,"n":"Crème dessert La Laitière Pot de crème choco noir- 4x100g","p":2.5,"u":"6,25 €/KG","img":"https://fd6-photos.leclercdrive.fr/image.ashx?id=2224049&use=l&cat=p&typeid=i","cat":285041},{"id":10927,"n":"Noix de cajou grilées Eco+ Salées - 125g","p":1.34,"u":"10,72 €/KG","img":"https://fd6-photos.leclercdrive.fr/image.ashx?id=2839815&use=l&cat=p&typeid=i","cat":284448},{"id":10928,"n":"Mélange Eco+ Graines et raisin - 200g","p":1.45,"u":"7,25 €/KG","img":"https://fd6-photos.leclercdrive.fr/image.ashx?id=2780713&use=l&cat=p&typeid=i","cat":284448},{"id":10929,"n":"Madeleines longues Eco+ 250g","p":0.89,"u":"3,56 €/KG","img":"https://fd6-photos.leclercdrive.fr/image.ashx?id=2875672&use=l&cat=p&typeid=i","cat":284492},{"id":10930,"n":"Chocolat pâtissier Eco+ Spécial dessert 200g","p":1.59,"u":"7,95 €/KG","img":"https://fd6-photos.leclercdrive.fr/image.ashx?id=2793140&use=l&cat=p&typeid=i","cat":285562},{"id":10932,"n":"Sauce tomate cuisinée Eco+ 420g","p":0.8,"u":"1,90 €/KG","img":"https://fd6-photos.leclercdrive.fr/image.ashx?id=2739715&use=l&cat=p&typeid=i","cat":288384},{"id":10933,"n":"Huile olive Eco+ Extra vierge - 1L","p":6.75,"u":"6,75 €/L","img":"https://fd6-photos.leclercdrive.fr/image.ashx?id=3002500&use=l&cat=p&typeid=i","cat":284453},{"id":10938,"n":"Barquette chien Eco+ Au boeuf - 300g","p":0.52,"u":"1,73 €/KG","img":"https://fd6-photos.leclercdrive.fr/image.ashx?id=2052829&use=l&cat=p&typeid=i","cat":284673},{"id":10952,"n":"Pains aux raisins 2p","p":2.0,"u":"1,00 €/P","img":"https://fd6-photos.leclercdrive.fr/image.ashx?id=587996&use=l&cat=p&typeid=i","cat":284984},{"id":10955,"n":"Blocs WC Eco+ Eau bleue - x2","p":0.66,"u":"0,33 €/P","img":"https://fd6-photos.leclercdrive.fr/image.ashx?id=2856115&use=l&cat=p&typeid=i","cat":284662},{"id":10967,"n":"Jus d'orange Andros Oranges pressées - 1L","p":2.79,"u":"2,79 €/L","img":"https://fd6-photos.leclercdrive.fr/image.ashx?id=2882632&use=l&cat=p&typeid=i","cat":285435},{"id":10968,"n":"Jus d'ananas Andros Ananas pressés - 1L","p":3.25,"u":"3,25 €/L","img":"https://fd6-photos.leclercdrive.fr/image.ashx?id=2292203&use=l&cat=p&typeid=i","cat":285435},{"id":10970,"n":"Jus de clémentines Andros  Clémentines Pressées - 1L","p":2.67,"u":"2,67 €/L","img":"https://fd6-photos.leclercdrive.fr/image.ashx?id=2882647&use=l&cat=p&typeid=i","cat":285435},{"id":10971,"n":"Jus de pommes pressées Andros 1L","p":2.45,"u":"2,45 €/L","img":"https://fd6-photos.leclercdrive.fr/image.ashx?id=2882644&use=l&cat=p&typeid=i","cat":285435},{"id":10979,"n":"Haricots Verts Bonduelle Extra-fins 1kg","p":2.76,"u":"2,76 €/KG","img":"https://fd6-photos.leclercdrive.fr/image.ashx?id=2876152&use=l&cat=p&typeid=i","cat":319805},{"id":10994,"n":"Gâteaux P'tit Déli Pépites de chocolat 10x30g","p":1.89,"u":"6,30 €/KG","img":"https://fd6-photos.leclercdrive.fr/image.ashx?id=1947354&use=l&cat=p&typeid=i","cat":284495},{"id":11002,"n":"AOC Champagne brut blanc  Grande cuvée Pol Carson - 75cl","p":22.49,"u":"29,99 €/L","img":"https://fd6-photos.leclercdrive.fr/image.ashx?id=2909885&use=l&cat=p&typeid=i","cat":284542},{"id":11003,"n":"Compote Douceur du Verger Coupelle pomme poire - 4x100g","p":1.34,"u":"3,35 €/KG","img":"https://fd6-photos.leclercdrive.fr/image.ashx?id=2878717&use=l&cat=p&typeid=i","cat":284508},{"id":11033,"n":"Compote Douceur du Verger Gourdes pomme - 4x90g","p":0.99,"u":"2,75 €/KG","img":"https://fd6-photos.leclercdrive.fr/image.ashx?id=2837042&use=l&cat=p&typeid=i","cat":284508},{"id":11037,"n":"Sauce tomate Italienne Zapetti - 3x190g","p":3.59,"u":"6,30 €/KG","img":"https://fd6-photos.leclercdrive.fr/image.ashx?id=2579975&use=l&cat=p&typeid=i","cat":288384},{"id":11042,"n":"Crêpes Côté Table Fromage fondu x20 1kg","p":3.29,"u":"3,29 €/KG","img":"https://fd6-photos.leclercdrive.fr/image.ashx?id=2756849&use=l&cat=p&typeid=i","cat":319776},{"id":11046,"n":"Duo de riz Camargue Bio village Bio  - 500g","p":3.9,"u":"7,80 €/KG","img":"https://fd6-photos.leclercdrive.fr/image.ashx?id=2477008&use=l&cat=p&typeid=i","cat":284428},{"id":11070,"n":"Soupe instantanée Royco  Oignons & Croûtons - 4x200ml","p":1.76,"u":"22,00 €/KG","img":"https://fd6-photos.leclercdrive.fr/image.ashx?id=2650985&use=l&cat=p&typeid=i","cat":293527},{"id":11079,"n":"Brioches fourrées Epi d'Or Chocolat x8 - 310g","p":1.64,"u":"5,29 €/KG","img":"https://fd6-photos.leclercdrive.fr/image.ashx?id=2860730&use=l&cat=p&typeid=i","cat":293505},{"id":11146,"n":"Lait demi-écrémé Brique - 6x1L","p":5.99,"u":"1,00 €/L","img":"https://fd6-photos.leclercdrive.fr/image.ashx?id=1682829&use=l&cat=p&typeid=i","cat":284377},{"id":11175,"n":"Plat bébé soir Blédiner 8 mois Risotto courgette - 2x200g","p":2.33,"u":"5,83 €/KG","img":"https://fd6-photos.leclercdrive.fr/image.ashx?id=2921043&use=l&cat=p&typeid=i","cat":312239},{"id":11176,"n":"Lait céréales bébé Blédiner 6m Courgette soir - 2x250ml","p":2.06,"u":"4,12 €/L","img":"https://fd6-photos.leclercdrive.fr/image.ashx?id=2960147&use=l&cat=p&typeid=i","cat":312239},{"id":11178,"n":"Plat bébé soir Blédiner 12 mois Pâtes tomate courgette - 2x200g","p":2.25,"u":"5,63 €/KG","img":"https://fd6-photos.leclercdrive.fr/image.ashx?id=2902966&use=l&cat=p&typeid=i","cat":312239},{"id":11292,"n":"AOC Clairette de Die Jaillance Esprit de terroirTradition 75cl","p":5.95,"u":"7,93 €/L","img":"https://fd6-photos.leclercdrive.fr/image.ashx?id=2453499&use=l&cat=p&typeid=i","cat":284545},{"id":11308,"n":"Couscous Tipiak - Grain moyen Prêt en 4 min - 1kg","p":2.06,"u":"2,06 €/KG","img":"https://fd6-photos.leclercdrive.fr/image.ashx?id=2947826&use=l&cat=p&typeid=i","cat":284429},{"id":11309,"n":"Fromage de Brebis Le Brebiou  Des Pyrénées - 180g","p":3.24,"u":"18,00 €/KG","img":"https://fd6-photos.leclercdrive.fr/image.ashx?id=2472855&use=l&cat=p&typeid=i","cat":314031},{"id":11365,"n":"Crème aux oeufs La Laitière Vanille - 4x100g","p":1.76,"u":"4,40 €/KG","img":"https://fd6-photos.leclercdrive.fr/image.ashx?id=3007987&use=l&cat=p&typeid=i","cat":284419},{"id":11367,"n":"Yaourt à la grecque YAOS Nature - 4x150g","p":2.07,"u":"3,45 €/KG","img":"https://fd6-photos.leclercdrive.fr/image.ashx?id=2365006&use=l&cat=p&typeid=i","cat":314999},{"id":11455,"n":"Pasta Box Sodebo Tortellini Ricotta Épinards - 280g","p":2.84,"u":"10,14 €/KG","img":"https://fd6-photos.leclercdrive.fr/image.ashx?id=2919778&use=l&cat=p&typeid=i","cat":334983},{"id":11464,"n":"Pointe de brie Président Crémeux - 200g","p":2.07,"u":"10,35 €/KG","img":"https://fd6-photos.leclercdrive.fr/image.ashx?id=2029841&use=l&cat=p&typeid=i","cat":314033},{"id":11490,"n":"Taboulé Pierre Martinet 5 légumes - 500g","p":2.6,"u":"5,20 €/KG","img":"https://fd6-photos.leclercdrive.fr/image.ashx?id=2877901&use=l&cat=p&typeid=i","cat":333657},{"id":11499,"n":"Lait Bio entier Lactel UHT Bouteille - 6x1l","p":11.73,"u":"1,96 €/L","img":"https://fd6-photos.leclercdrive.fr/image.ashx?id=2892775&use=l&cat=p&typeid=i","cat":285610},{"id":11501,"n":"Yaourts Mamie Nova Cerise griotte - 2x150g","p":1.28,"u":"4,27 €/KG","img":"https://fd6-photos.leclercdrive.fr/image.ashx?id=2912245&use=l&cat=p&typeid=i","cat":284410},{"id":11503,"n":"Crème gourmande Mamie Nova Vanille bourbon 2x150g","p":1.54,"u":"5,13 €/KG","img":"https://fd6-photos.leclercdrive.fr/image.ashx?id=2909017&use=l&cat=p&typeid=i","cat":285041},{"id":11507,"n":"Yaourts Mamie Nova Noix de coco - 2x150g","p":1.39,"u":"4,63 €/KG","img":"https://fd6-photos.leclercdrive.fr/image.ashx?id=2888488&use=l&cat=p&typeid=i","cat":284410},{"id":11508,"n":"Lait céréales Blédidej 6 mois Biscuit  - 4x250ml","p":3.28,"u":"3,28 €/L","img":"https://fd6-photos.leclercdrive.fr/image.ashx?id=2921040&use=l&cat=p&typeid=i","cat":312226},{"id":11509,"n":"Feuille de brick Tablier Blanc 8 feuilles - 136g","p":0.77,"u":"5,66 €/KG","img":"https://fd6-photos.leclercdrive.fr/image.ashx?id=1938558&use=l&cat=p&typeid=i","cat":333681},{"id":11527,"n":"Essuie-tout blanc Mimosa Super absorbant - x6","p":3.7,"u":"0,62 €/P","img":"https://fd6-photos.leclercdrive.fr/image.ashx?id=2691129&use=l&cat=p&typeid=i","cat":284635},{"id":11530,"n":"Crème gourmande Mamie Nova Cappucino 2x150g","p":1.52,"u":"5,07 €/KG","img":"https://fd6-photos.leclercdrive.fr/image.ashx?id=2909023&use=l&cat=p&typeid=i","cat":285041},{"id":11561,"n":"Boisson sans alcool D'Artigny Classic - 75cl","p":3.38,"u":"4,51 €/L","img":"https://fd6-photos.leclercdrive.fr/image.ashx?id=2804430&use=l&cat=p&typeid=i","cat":289460},{"id":11562,"n":"Boisson sans alcool D'Artigny Pêche - 75cl","p":3.39,"u":"4,52 €/L","img":"https://fd6-photos.leclercdrive.fr/image.ashx?id=2854393&use=l&cat=p&typeid=i","cat":289460},{"id":11611,"n":"Avocats mûrs à point  Panier du Primeur x2","p":3.39,"u":"1,70 €/P","img":"https://fd6-photos.leclercdrive.fr/image.ashx?id=2373012&use=l&cat=p&typeid=i","cat":284352},{"id":11880,"n":"AOC Vouvray brut Les Caractères - 75cl","p":5.99,"u":"7,99 €/L","img":"https://fd6-photos.leclercdrive.fr/image.ashx?id=2801043&use=l&cat=p&typeid=i","cat":284544},{"id":11883,"n":"IGP Côtes du Tarn Gamay Rouge Vieux Carion 12% vol - 75 cl","p":2.49,"u":"3,32 €/L","img":"https://fd6-photos.leclercdrive.fr/image.ashx?id=2756861&use=l&cat=p&typeid=i","cat":289556},{"id":11886,"n":"IGP Pays d'Oc Gris vin rosé Rives & Terrasses 12.5% BIB 3L","p":8.49,"u":"2,83 €/L","img":"https://fd6-photos.leclercdrive.fr/image.ashx?id=2677044&use=l&cat=p&typeid=i","cat":289560},{"id":11888,"n":"AOC Crémant d'Alsace brut rosé Rebmann - 75 cl","p":5.95,"u":"7,93 €/L","img":"https://fd6-photos.leclercdrive.fr/image.ashx?id=2922497&use=l&cat=p&typeid=i","cat":284545},{"id":11900,"n":"Arôme naturel de vanille Vahiné 20ml","p":2.31,"u":"115,50 €/L","img":"https://fd6-photos.leclercdrive.fr/image.ashx?id=2559766&use=l&cat=p&typeid=i","cat":284504},{"id":11910,"n":"Colorant alimentaire Vahiné Assortiment x3","p":1.47,"u":"0,49 €/P","img":"https://fd6-photos.leclercdrive.fr/image.ashx?id=2939352&use=l&cat=p&typeid=i","cat":284504},{"id":12000,"n":"Couscous Comptoir du Grain Grain moyen - 5x100g","p":0.84,"u":"1,68 €/KG","img":"https://fd6-photos.leclercdrive.fr/image.ashx?id=3012815&use=l&cat=p&typeid=i","cat":284429},{"id":12014,"n":"Riz Basmati Vivien Paille 1kg","p":3.54,"u":"3,54 €/KG","img":"https://fd6-photos.leclercdrive.fr/image.ashx?id=2326361&use=l&cat=p&typeid=i","cat":284428},{"id":12015,"n":"Riz long Vivien Paille Bomba perliz cello 1kg","p":2.8,"u":"2,80 €/KG","img":"https://fd6-photos.leclercdrive.fr/image.ashx?id=2284085&use=l&cat=p&typeid=i","cat":284428},{"id":12063,"n":"Rasoirs jetables Bic sensitive 3 lames - x12","p":4.69,"u":"0,39 €/P","img":"https://fd6-photos.leclercdrive.fr/image.ashx?id=2768502&use=l&cat=p&typeid=i","cat":284616},{"id":12078,"n":"Pâte à tartiner Nustikao 400g","p":1.83,"u":"4,58 €/KG","img":"https://fd6-photos.leclercdrive.fr/image.ashx?id=2856411&use=l&cat=p&typeid=i","cat":284481},{"id":12080,"n":"Boisson énergisante X-tense Canette - 25cl","p":0.49,"u":"1,96 €/L","img":"https://fd6-photos.leclercdrive.fr/image.ashx?id=2956041&use=l&cat=p&typeid=i","cat":284533},{"id":12102,"n":"Roquette Notre Jardin  - 125g","p":1.42,"u":"11,36 €/KG","img":"https://fd6-photos.leclercdrive.fr/image.ashx?id=2720157&use=l&cat=p&typeid=i","cat":284353},{"id":12109,"n":"Purée de piments Suzi Wan 100g","p":1.44,"u":"14,40 €/KG","img":"https://fd6-photos.leclercdrive.fr/image.ashx?id=2892565&use=l&cat=p&typeid=i","cat":288992},{"id":12116,"n":"Sauce aigre douce Suzi Wan 400g","p":1.54,"u":"3,85 €/KG","img":"https://fd6-photos.leclercdrive.fr/image.ashx?id=2024300&use=l&cat=p&typeid=i","cat":288992},{"id":12122,"n":"Vermicelles de riz Suzi Wan 250g","p":2.03,"u":"8,12 €/KG","img":"https://fd6-photos.leclercdrive.fr/image.ashx?id=3002183&use=l&cat=p&typeid=i","cat":288992},{"id":12131,"n":"Crème coco Suzi Wan 200ml","p":1.34,"u":"6,70 €/L","img":"https://fd6-photos.leclercdrive.fr/image.ashx?id=2886250&use=l&cat=p&typeid=i","cat":288992},{"id":12241,"n":"Pâte à pizza Tablier Blanc Herbes de Provence - 500g","p":1.99,"u":"3,98 €/KG","img":"https://fd6-photos.leclercdrive.fr/image.ashx?id=1731164&use=l&cat=p&typeid=i","cat":333681},{"id":12242,"n":"Rillettes de saumon MSC Ronde des mers - 150g","p":1.99,"u":"13,27 €/KG","img":"https://fd6-photos.leclercdrive.fr/image.ashx?id=2822729&use=l&cat=p&typeid=i","cat":285191},{"id":12243,"n":"Rillettes de thon MSC Ronde des mers - 150g","p":1.99,"u":"13,27 €/KG","img":"https://fd6-photos.leclercdrive.fr/image.ashx?id=2644873&use=l&cat=p&typeid=i","cat":285191},{"id":12245,"n":"Galettes Bretonnes P'tit Déli Pépites chocolat 130g","p":1.34,"u":"10,31 €/KG","img":"https://fd6-photos.leclercdrive.fr/image.ashx?id=2387973&use=l&cat=p&typeid=i","cat":284487},{"id":12258,"n":"Gros sel de l'Ile de Ré NRT Sachet -1kg","p":1.69,"u":"1,69 €/KG","img":"https://fd6-photos.leclercdrive.fr/image.ashx?id=2644912&use=l&cat=p&typeid=i","cat":284457},{"id":12259,"n":"Fromage Mimolette vieille NRT  Label Rouge  - 200g","p":3.65,"u":"18,25 €/KG","img":"https://fd6-photos.leclercdrive.fr/image.ashx?id=2934829&use=l&cat=p&typeid=i","cat":314034},{"id":12261,"n":"Double concentré tomates Turini 3X70g","p":2.09,"u":"9,95 €/KG","img":"https://fd6-photos.leclercdrive.fr/image.ashx?id=3012394&use=l&cat=p&typeid=i","cat":288384},{"id":12331,"n":"Bonbons Fisherman's Friend Eucalyptus - 3x25g","p":1.99,"u":"26,53 €/KG","img":"https://fd6-photos.leclercdrive.fr/image.ashx?id=2654026&use=l&cat=p&typeid=i","cat":304256},{"id":12333,"n":"Frisk Menthe Forte  sans sucres - 5,7g","p":1.15,"u":"191,67 €/KG","img":"https://fd6-photos.leclercdrive.fr/image.ashx?id=2660206&use=l&cat=p&typeid=i","cat":304256},{"id":12342,"n":"Sucettes Chupa Chups Fresh cola - 192g","p":2.21,"u":"11,51 €/KG","img":"https://fd6-photos.leclercdrive.fr/image.ashx?id=2149489&use=l&cat=p&typeid=i","cat":304252},{"id":12362,"n":"Thon entier Pêche Océan Naturel - 2x140g","p":3.75,"u":"13,39 €/KG","img":"https://fd6-photos.leclercdrive.fr/image.ashx?id=2941420&use=l&cat=p&typeid=i","cat":303867},{"id":12363,"n":"Thon entier Pêche Océan Naturel - 3x93g","p":3.47,"u":"12,44 €/KG","img":"https://fd6-photos.leclercdrive.fr/image.ashx?id=2941408&use=l&cat=p&typeid=i","cat":303867},{"id":12365,"n":"Couscous royal Côté Table Volaille et merguez 980g","p":3.69,"u":"3,77 €/KG","img":"https://fd6-photos.leclercdrive.fr/image.ashx?id=2977144&use=l&cat=p&typeid=i","cat":325094},{"id":12373,"n":"Moutarde Rustica Mi-forte - 415g","p":1.31,"u":"3,16 €/KG","img":"https://fd6-photos.leclercdrive.fr/image.ashx?id=1961437&use=l&cat=p&typeid=i","cat":288850},{"id":12374,"n":"Purée de tomates Turini 3x200g","p":1.19,"u":"1,98 €/KG","img":"https://fd6-photos.leclercdrive.fr/image.ashx?id=2174684&use=l&cat=p&typeid=i","cat":288384},{"id":12376,"n":"Pâtes Alphabet Turini 500g","p":0.99,"u":"1,98 €/KG","img":"https://fd6-photos.leclercdrive.fr/image.ashx?id=2980800&use=l&cat=p&typeid=i","cat":284427},{"id":12380,"n":"Infusion Tiséa Digestion facilitée x25","p":0.99,"u":"24,75 €/KG","img":"https://fd6-photos.leclercdrive.fr/image.ashx?id=2696253&use=l&cat=p&typeid=i","cat":293234},{"id":12384,"n":"Thon entier Pêche Océan Huile de tournesol - 3x80g","p":2.48,"u":"10,33 €/KG","img":"https://fd6-photos.leclercdrive.fr/image.ashx?id=2941405&use=l&cat=p&typeid=i","cat":303867},{"id":12397,"n":"Vin mousseux d'Union Européenne Brut Blazer - 75 cl","p":3.15,"u":"4,20 €/L","img":"https://fd6-photos.leclercdrive.fr/image.ashx?id=2623950&use=l&cat=p&typeid=i","cat":284544},{"id":12398,"n":"Vin mousseux d'Union Européenne  Demi-sec Blazer - 75cl","p":3.19,"u":"4,25 €/L","img":"https://fd6-photos.leclercdrive.fr/image.ashx?id=2623953&use=l&cat=p&typeid=i","cat":284544},{"id":12399,"n":"Apéritif anisé Cantanis Sans alcool - 1L","p":2.25,"u":"2,25 €/L","img":"https://fd6-photos.leclercdrive.fr/image.ashx?id=2520011&use=l&cat=p&typeid=i","cat":284549},{"id":12402,"n":"Crème de mûres Auguste Muniot 15%vol. - 50cl","p":4.58,"u":"9,16 €/L","img":"https://fd6-photos.leclercdrive.fr/image.ashx?id=2541525&use=l&cat=p&typeid=i","cat":286032},{"id":12422,"n":"Jus de citron vert Rustica 2x12,5cll","p":1.31,"u":"5,24 €/L","img":"https://fd6-photos.leclercdrive.fr/image.ashx?id=2974789&use=l&cat=p&typeid=i","cat":288383},{"id":12424,"n":"Pâtes Spaghetti Turini 3min - 500g","p":0.78,"u":"1,56 €/KG","img":"https://fd6-photos.leclercdrive.fr/image.ashx?id=2607464&use=l&cat=p&typeid=i","cat":284427},{"id":12426,"n":"Pâtes Cheveux d'anges Turini 1kg","p":1.61,"u":"1,61 €/KG","img":"https://fd6-photos.leclercdrive.fr/image.ashx?id=2980788&use=l&cat=p&typeid=i","cat":284427},{"id":12437,"n":"Sel fin de l'île de Ré NRT 250g","p":1.69,"u":"6,76 €/KG","img":"https://fd6-photos.leclercdrive.fr/image.ashx?id=2802876&use=l&cat=p&typeid=i","cat":284457},{"id":12438,"n":"Vinaigre Balsamique MAILLE Velours de Modène - 25cl","p":3.53,"u":"14,12 €/L","img":"https://fd6-photos.leclercdrive.fr/image.ashx?id=2889994&use=l&cat=p&typeid=i","cat":298543},{"id":12441,"n":"Moutarde Amora Fine et douce  - 435g","p":1.78,"u":"4,09 €/KG","img":"https://fd6-photos.leclercdrive.fr/image.ashx?id=2507608&use=l&cat=p&typeid=i","cat":288850},{"id":12453,"n":"Soda Jean's Cola sans Caféine Zéro - Bouteille - 1,5L","p":0.96,"u":"0,64 €/L","img":"https://fd6-photos.leclercdrive.fr/image.ashx?id=2637865&use=l&cat=p&typeid=i","cat":284530},{"id":12464,"n":"Soda Jean's Cola Zéro Bouteille - 1,5L","p":0.45,"u":"0,30 €/L","img":"https://fd6-photos.leclercdrive.fr/image.ashx?id=2637883&use=l&cat=p&typeid=i","cat":284530},{"id":12467,"n":"Jus multifruits Jafaden Pur jus - 1L","p":1.99,"u":"1,99 €/L","img":"https://fd6-photos.leclercdrive.fr/image.ashx?id=2958705&use=l&cat=p&typeid=i","cat":284917},{"id":12469,"n":"100% Pur jus d'orange Jafaden  Sans pulpe - 1L","p":1.99,"u":"1,99 €/L","img":"https://fd6-photos.leclercdrive.fr/image.ashx?id=2842477&use=l&cat=p&typeid=i","cat":284521},{"id":12470,"n":"Pur Jus de raisin Bio Village Bio - 1L","p":2.29,"u":"2,29 €/L","img":"https://fd6-photos.leclercdrive.fr/image.ashx?id=2901518&use=l&cat=p&typeid=i","cat":284915},{"id":12471,"n":"Thon entier Pêche Océan Huile de tournesol - 160g","p":1.63,"u":"10,19 €/KG","img":"https://fd6-photos.leclercdrive.fr/image.ashx?id=2941396&use=l&cat=p&typeid=i","cat":303867},{"id":12501,"n":"Café soluble Plantation Sélection - 200g","p":4.44,"u":"22,20 €/KG","img":"https://fd6-photos.leclercdrive.fr/image.ashx?id=2834266&use=l&cat=p&typeid=i","cat":284843},{"id":12506,"n":"Marshmallows Copains Copines Vanille 300g","p":1.25,"u":"4,17 €/KG","img":"https://fd6-photos.leclercdrive.fr/image.ashx?id=2934646&use=l&cat=p&typeid=i","cat":304250},{"id":12517,"n":"Fritelle Lay's Goût bacon  - 80g","p":0.95,"u":"11,88 €/KG","img":"https://fd6-photos.leclercdrive.fr/image.ashx?id=2138479&use=l&cat=p&typeid=i","cat":284449},{"id":12521,"n":"Miettes de thon Pêche Océan Huile de tournesol - 3x80g","p":2.35,"u":"9,79 €/KG","img":"https://fd6-photos.leclercdrive.fr/image.ashx?id=2943608&use=l&cat=p&typeid=i","cat":303867},{"id":12527,"n":"Chocolat Pâtissier Tablette dOr Noir - 200g","p":1.79,"u":"8,95 €/KG","img":"https://fd6-photos.leclercdrive.fr/image.ashx?id=2997925&use=l&cat=p&typeid=i","cat":285562},{"id":12529,"n":"Moutarde de Dijon Rustica  195g","p":1.25,"u":"6,41 €/KG","img":"https://fd6-photos.leclercdrive.fr/image.ashx?id=2954334&use=l&cat=p&typeid=i","cat":288850},{"id":12532,"n":"Café en grains Plantation Tradition - 1kg","p":10.15,"u":"10,15 €/KG","img":"https://fd6-photos.leclercdrive.fr/image.ashx?id=2856405&use=l&cat=p&typeid=i","cat":293237},{"id":12549,"n":"Rasoirs jetables Venus Gillette Simply Venus 2 - x10","p":3.59,"u":"0,36 €/P","img":"https://fd6-photos.leclercdrive.fr/image.ashx?id=2881789&use=l&cat=p&typeid=i","cat":325352},{"id":12551,"n":"Raviolis légumes Bio Village Bio - 700g","p":2.53,"u":"3,61 €/KG","img":"https://fd6-photos.leclercdrive.fr/image.ashx?id=2717252&use=l&cat=p&typeid=i","cat":284442},{"id":12557,"n":"Vinaigrette Rustica Echalote - 50cl","p":1.25,"u":"2,50 €/L","img":"https://fd6-photos.leclercdrive.fr/image.ashx?id=1972901&use=l&cat=p&typeid=i","cat":284456},{"id":12564,"n":"Châtaignes Notre Jardin Entières - 420g","p":5.09,"u":"12,12 €/KG","img":"https://fd6-photos.leclercdrive.fr/image.ashx?id=2263146&use=l&cat=p&typeid=i","cat":312612},{"id":12565,"n":"Haricots beurre Notre Jardin Extra fins - 220g","p":1.88,"u":"8,55 €/KG","img":"https://fd6-photos.leclercdrive.fr/image.ashx?id=2988039&use=l&cat=p&typeid=i","cat":312606},{"id":12573,"n":"Eponges Mamison salle de bain Décorées x2","p":0.99,"u":"0,50 €/P","img":"https://fd6-photos.leclercdrive.fr/image.ashx?id=2199055&use=l&cat=p&typeid=i","cat":284667},{"id":12581,"n":"Soupe Déshydratée Thaï KNORR Nouilles & Champignons - 70cl","p":1.25,"u":"1,79 €/L","img":"https://fd6-photos.leclercdrive.fr/image.ashx?id=2772554&use=l&cat=p&typeid=i","cat":284463},{"id":12587,"n":"Compote Douceur du Verger Gourdes multivariétés - 12x90g","p":3.93,"u":"3,64 €/KG","img":"https://fd6-photos.leclercdrive.fr/image.ashx?id=2837036&use=l&cat=p&typeid=i","cat":284508},{"id":12588,"n":"Sel régénérant Visior Lave-vaisselle - 4x1kg","p":2.69,"u":"0,67 €/KG","img":"https://fd6-photos.leclercdrive.fr/image.ashx?id=2463401&use=l&cat=p&typeid=i","cat":284657},{"id":12591,"n":"Soupe déshydratée Knorr 9 légumes - 75cl","p":1.02,"u":"1,36 €/L","img":"https://fd6-photos.leclercdrive.fr/image.ashx?id=2790585&use=l&cat=p&typeid=i","cat":284463},{"id":12593,"n":"Soupe déshydratée Knorr 9 légumes - 105g","p":0.96,"u":"9,14 €/KG","img":"https://fd6-photos.leclercdrive.fr/image.ashx?id=2875930&use=l&cat=p&typeid=i","cat":284463},{"id":12602,"n":"Ciboulette Rustica Coupé - 50g","p":1.65,"u":"33,00 €/KG","img":"https://fd6-photos.leclercdrive.fr/image.ashx?id=2365460&use=l&cat=p&typeid=i","cat":319804},{"id":12605,"n":"Cornichons Maille Le Mini 210g","p":2.93,"u":"13,95 €/KG","img":"https://fd6-photos.leclercdrive.fr/image.ashx?id=2877310&use=l&cat=p&typeid=i","cat":284458},{"id":12606,"n":"Marmite bouillon Knorr Poule - 224g","p":2.0,"u":"8,93 €/KG","img":"https://fd6-photos.leclercdrive.fr/image.ashx?id=2960288&use=l&cat=p&typeid=i","cat":288379},{"id":12611,"n":"Crozets au Sarrasin NRT 400g","p":2.32,"u":"5,80 €/KG","img":"https://fd6-photos.leclercdrive.fr/image.ashx?id=2856220&use=l&cat=p&typeid=i","cat":284427},{"id":12627,"n":"Crème Nourrissante Karité Dop Cheveux très sec, frisé - 300ml","p":3.44,"u":"11,47 €/L","img":"https://fd6-photos.leclercdrive.fr/image.ashx?id=590700&use=l&cat=p&typeid=i","cat":284608},{"id":12634,"n":"Olives de Nyons AOP NRT Noires - 230g","p":3.48,"u":"15,13 €/KG","img":"https://fd6-photos.leclercdrive.fr/image.ashx?id=2704888&use=l&cat=p&typeid=i","cat":284458},{"id":12651,"n":"Shampoing Nutrition Dessange Cheveux secs - 250ml","p":2.92,"u":"11,68 €/L","img":"https://fd6-photos.leclercdrive.fr/image.ashx?id=2308048&use=l&cat=p&typeid=i","cat":284606},{"id":12661,"n":"Shampoing purifiant Dessange Cheveux gras - 250ml","p":2.57,"u":"10,28 €/L","img":"https://fd6-photos.leclercdrive.fr/image.ashx?id=2308042&use=l&cat=p&typeid=i","cat":284606},{"id":12669,"n":"Sauce Burger AMORA 260g","p":1.72,"u":"6,62 €/KG","img":"https://fd6-photos.leclercdrive.fr/image.ashx?id=2893853&use=l&cat=p&typeid=i","cat":318431},{"id":12670,"n":"Basilic Rustica Coupé - 50g","p":1.69,"u":"33,80 €/KG","img":"https://fd6-photos.leclercdrive.fr/image.ashx?id=2365463&use=l&cat=p&typeid=i","cat":319804},{"id":12675,"n":"Pizza Cuite sur pierre Turini 4 fromages - 400g","p":2.7,"u":"6,75 €/KG","img":"https://fd6-photos.leclercdrive.fr/image.ashx?id=2815229&use=l&cat=p&typeid=i","cat":284256},{"id":12676,"n":"Pizza Cuite sur pierre Turini Chorizo - 400g","p":2.69,"u":"6,73 €/KG","img":"https://fd6-photos.leclercdrive.fr/image.ashx?id=2815226&use=l&cat=p&typeid=i","cat":284256},{"id":12680,"n":"Filets d'Anchois Pêche Océan Marinés à l'Orientale - 100g","p":1.99,"u":"19,90 €/KG","img":"https://fd6-photos.leclercdrive.fr/image.ashx?id=2992519&use=l&cat=p&typeid=i","cat":285190},{"id":12684,"n":"Filets d'Anchois Pêche Océan Marinés à la provençale - 100g","p":1.99,"u":"19,90 €/KG","img":"https://fd6-photos.leclercdrive.fr/image.ashx?id=2993567&use=l&cat=p&typeid=i","cat":285190},{"id":12685,"n":"Biscuit P'tit Beurres chocolait P'tit Déli 268g","p":2.69,"u":"10,04 €/KG","img":"https://fd6-photos.leclercdrive.fr/image.ashx?id=2473975&use=l&cat=p&typeid=i","cat":284488},{"id":12691,"n":"Pizza Familiale 4 from. Turini Cuite sur pierre - 570g","p":3.7,"u":"6,49 €/KG","img":"https://fd6-photos.leclercdrive.fr/image.ashx?id=2815220&use=l&cat=p&typeid=i","cat":284256},{"id":12702,"n":"Poisson pané Pêche Océan Tomate - MSC - x8 - 600g","p":4.29,"u":"7,15 €/KG","img":"https://fd6-photos.leclercdrive.fr/image.ashx?id=2930111&use=l&cat=p&typeid=i","cat":319788},{"id":12706,"n":"Dentifrice Dentamyl Soin complet 75ml","p":0.76,"u":"10,13 €/L","img":"https://fd6-photos.leclercdrive.fr/image.ashx?id=2276480&use=l&cat=p&typeid=i","cat":284612},{"id":12712,"n":"Sauce Poivrons Aubergine Turini 190g","p":1.8,"u":"9,47 €/KG","img":"https://fd6-photos.leclercdrive.fr/image.ashx?id=2478474&use=l&cat=p&typeid=i","cat":287599},{"id":12729,"n":"Pânés poulet Le Gaulois x2 -  200g","p":1.99,"u":"9,95 €/KG","img":"https://fd6-photos.leclercdrive.fr/image.ashx?id=2261660&use=l&cat=p&typeid=i","cat":333684},{"id":12733,"n":"Bacon Herta superposé x15 150g","p":2.04,"u":"13,60 €/KG","img":"https://fd6-photos.leclercdrive.fr/image.ashx?id=2889325&use=l&cat=p&typeid=i","cat":316007},{"id":12739,"n":"Friand viande Côté Table 2x110g","p":1.65,"u":"7,50 €/KG","img":"https://fd6-photos.leclercdrive.fr/image.ashx?id=2820436&use=l&cat=p&typeid=i","cat":333671},{"id":12772,"n":"Boisson Jafaden Cranberry - 1L","p":1.92,"u":"1,92 €/L","img":"https://fd6-photos.leclercdrive.fr/image.ashx?id=2591394&use=l&cat=p&typeid=i","cat":284915},{"id":12794,"n":"Foie gras Pierre de Chaumeyrac IGP Entier du Sud Ouest - 240g","p":20.9,"u":"87,08 €/KG","img":"https://fd6-photos.leclercdrive.fr/image.ashx?id=2995986&use=l&cat=p&typeid=i","cat":316008},{"id":12816,"n":"Dentifrice blancheur Dentamyl Soin complet 75ml","p":0.98,"u":"13,07 €/L","img":"https://fd6-photos.leclercdrive.fr/image.ashx?id=2489110&use=l&cat=p&typeid=i","cat":284612},{"id":12838,"n":"Foie de volaille Le Gaulois Confit - 300g","p":3.43,"u":"11,43 €/KG","img":"https://fd6-photos.leclercdrive.fr/image.ashx?id=2732719&use=l&cat=p&typeid=i","cat":284715},{"id":12916,"n":"Infusion bio Bio Village Digestion x20 - 30g","p":1.55,"u":"51,67 €/KG","img":"https://fd6-photos.leclercdrive.fr/image.ashx?id=2696286&use=l&cat=p&typeid=i","cat":293234},{"id":12917,"n":"Infusion bio Bio Village Pour le soir x20 - 30g","p":1.75,"u":"58,33 €/KG","img":"https://fd6-photos.leclercdrive.fr/image.ashx?id=2854261&use=l&cat=p&typeid=i","cat":293234},{"id":12927,"n":"Tapenade verte NRT à la provençale - 90g","p":2.5,"u":"27,78 €/KG","img":"https://fd6-photos.leclercdrive.fr/image.ashx?id=2991154&use=l&cat=p&typeid=i","cat":315999},{"id":12965,"n":"Crêpes dentelles chocolat NRT 100g","p":1.83,"u":"18,30 €/KG","img":"https://fd6-photos.leclercdrive.fr/image.ashx?id=2679798&use=l&cat=p&typeid=i","cat":284490},{"id":12966,"n":"Assortiment biscuits fins P'tit Déli 200g","p":2.39,"u":"11,95 €/KG","img":"https://fd6-photos.leclercdrive.fr/image.ashx?id=2554578&use=l&cat=p&typeid=i","cat":284490},{"id":13057,"n":"Shampoing kératine Dessange Pour Cheveux colorés - 250ml","p":2.57,"u":"10,28 €/L","img":"https://fd6-photos.leclercdrive.fr/image.ashx?id=2308039&use=l&cat=p&typeid=i","cat":284606},{"id":13072,"n":"Pâte de fruits Jacquot Grand Verger- 1kg","p":6.16,"u":"6,16 €/KG","img":"https://fd6-photos.leclercdrive.fr/image.ashx?id=2855175&use=l&cat=p&typeid=i","cat":327606},{"id":13342,"n":"Thon entier Le Savoureux Huile d'olive - 160g","p":3.38,"u":"21,13 €/KG","img":"https://fd6-photos.leclercdrive.fr/image.ashx?id=2960159&use=l&cat=p&typeid=i","cat":303867},{"id":13356,"n":"IGP Fleur de sel Le Guérandais Tradition -  125g","p":2.95,"u":"23,60 €/KG","img":"https://fd6-photos.leclercdrive.fr/image.ashx?id=2457881&use=l&cat=p&typeid=i","cat":284457},{"id":13425,"n":"Beurre Moulé Paysan Breton Demi-sel - 80% MG - 500g","p":6.29,"u":"12,58 €/KG","img":"https://fd6-photos.leclercdrive.fr/image.ashx?id=2774499&use=l&cat=p&typeid=i","cat":284379},{"id":13428,"n":"Beurre Moulé Paysan Breton Demi-sel - 80% MG - 125g","p":1.75,"u":"14,00 €/KG","img":"https://fd6-photos.leclercdrive.fr/image.ashx?id=2939766&use=l&cat=p&typeid=i","cat":284379},{"id":13434,"n":"Dessert Empresure Malo Chocolat - 4x125g","p":1.94,"u":"3,88 €/KG","img":"https://fd6-photos.leclercdrive.fr/image.ashx?id=2842684&use=l&cat=p&typeid=i","cat":285041},{"id":13532,"n":"Purée pomme de terre Pom'lisse Saveur d'antan - 4x125g - 500g","p":2.49,"u":"4,98 €/KG","img":"https://fd6-photos.leclercdrive.fr/image.ashx?id=2929867&use=l&cat=p&typeid=i","cat":284431},{"id":13604,"n":"Poissons panés au fromage Pêche Océan MSC - 180g","p":1.9,"u":"10,56 €/KG","img":"https://fd6-photos.leclercdrive.fr/image.ashx?id=2953608&use=l&cat=p&typeid=i","cat":284344},{"id":13605,"n":"Panés de colin Pêche Océan Colin d'Alaska - 200g","p":1.99,"u":"9,95 €/KG","img":"https://fd6-photos.leclercdrive.fr/image.ashx?id=2953605&use=l&cat=p&typeid=i","cat":284344},{"id":13609,"n":"Bière du Nord NRT Ambrée - 7° - 6x25cl","p":4.84,"u":"3,23 €/L","img":"https://fd6-photos.leclercdrive.fr/image.ashx?id=2663842&use=l&cat=p&typeid=i","cat":334872},{"id":13646,"n":"Rochers Equador Chocolat noir x7 245g","p":2.49,"u":"10,16 €/KG","img":"https://fd6-photos.leclercdrive.fr/image.ashx?id=2425458&use=l&cat=p&typeid=i","cat":327600},{"id":13647,"n":"Rochers Equador Chocolat au lait x7 - 245g","p":2.45,"u":"10,00 €/KG","img":"https://fd6-photos.leclercdrive.fr/image.ashx?id=2469917&use=l&cat=p&typeid=i","cat":327600},{"id":13648,"n":"Biscuit Croc Break P'tit Déli Lait et goût chocolat - 300g","p":1.24,"u":"4,13 €/KG","img":"https://fd6-photos.leclercdrive.fr/image.ashx?id=1993182&use=l&cat=p&typeid=i","cat":284488},{"id":13649,"n":"Pansement Primoplast Cicatrisant hydrocolloïde x8","p":5.95,"img":"https://fd6-photos.leclercdrive.fr/image.ashx?id=2856480&use=l&cat=p&typeid=i","cat":284630},{"id":13650,"n":"Gel à l'arnica Primoplast 50g","p":1.63,"u":"32,60 €/KG","img":"https://fd6-photos.leclercdrive.fr/image.ashx?id=2856477&use=l&cat=p&typeid=i","cat":284630},{"id":13678,"n":"Croûtons salade Epi d'Or Ail et fines herbes - 60g","p":0.6,"u":"10,00 €/KG","img":"https://fd6-photos.leclercdrive.fr/image.ashx?id=2606040&use=l&cat=p&typeid=i","cat":284464},{"id":13679,"n":"Croûtons salade Epi d'Or Nature - 60g","p":0.6,"u":"10,00 €/KG","img":"https://fd6-photos.leclercdrive.fr/image.ashx?id=2607909&use=l&cat=p&typeid=i","cat":284464},{"id":13681,"n":"Pâté pur porc Côtés Table 2 Foie 1 campagne - 3x78g","p":1.9,"u":"8,12 €/KG","img":"https://fd6-photos.leclercdrive.fr/image.ashx?id=2518505&use=l&cat=p&typeid=i","cat":305149},{"id":13682,"n":"Pâté de campagne Côté Table Pur porc - 3x78g","p":1.82,"u":"7,78 €/KG","img":"https://fd6-photos.leclercdrive.fr/image.ashx?id=2478763&use=l&cat=p&typeid=i","cat":305149},{"id":13683,"n":"Pâté de foie Côté Table Pur porc - 3x78g","p":1.99,"u":"8,50 €/KG","img":"https://fd6-photos.leclercdrive.fr/image.ashx?id=2518502&use=l&cat=p&typeid=i","cat":305149},{"id":13684,"n":"Bouillon de légumes Rustica Cubes - 12x10g","p":0.69,"u":"5,75 €/KG","img":"https://fd6-photos.leclercdrive.fr/image.ashx?id=1753198&use=l&cat=p&typeid=i","cat":288379},{"id":13685,"n":"Bouillon de volaille Rustica Cubes - 12x10g","p":0.8,"u":"6,67 €/KG","img":"https://fd6-photos.leclercdrive.fr/image.ashx?id=1880027&use=l&cat=p&typeid=i","cat":288379},{"id":13689,"n":"Pop corn caramélisé Tokapi 100g","p":0.71,"u":"7,10 €/KG","img":"https://fd6-photos.leclercdrive.fr/image.ashx?id=2920175&use=l&cat=p&typeid=i","cat":304249},{"id":13694,"n":"Riz long Comptoir du Grain 500g","p":1.47,"u":"2,94 €/KG","img":"https://fd6-photos.leclercdrive.fr/image.ashx?id=2886534&use=l&cat=p&typeid=i","cat":284428},{"id":13696,"n":"Soufflés Snack's Tokapi Cacahuète - 90g","p":0.47,"u":"5,22 €/KG","img":"https://fd6-photos.leclercdrive.fr/image.ashx?id=2677026&use=l&cat=p&typeid=i","cat":284449},{"id":13698,"n":"Légumes couscous Notre Jardin 400g","p":1.42,"u":"3,55 €/KG","img":"https://fd6-photos.leclercdrive.fr/image.ashx?id=2468831&use=l&cat=p&typeid=i","cat":312612},{"id":13700,"n":"Gaufrettes fourrées Tokapi Fromage - 75g","p":0.95,"u":"12,67 €/KG","img":"https://fd6-photos.leclercdrive.fr/image.ashx?id=2067929&use=l&cat=p&typeid=i","cat":297000},{"id":13701,"n":"Riz Thaï Comptoir du Grain Sélection Riz long - 500g","p":1.79,"u":"3,58 €/KG","img":"https://fd6-photos.leclercdrive.fr/image.ashx?id=2565610&use=l&cat=p&typeid=i","cat":284428},{"id":13703,"n":"Petits pois Notre Jardin A l'étuvée - Très fins - 560g","p":1.29,"u":"2,30 €/KG","img":"https://fd6-photos.leclercdrive.fr/image.ashx?id=2987955&use=l&cat=p&typeid=i","cat":312607},{"id":13711,"n":"Croquettes chat Ultima Stérilisé - Poulet - 1.5kg","p":6.89,"u":"4,59 €/KG","img":"https://fd6-photos.leclercdrive.fr/image.ashx?id=2886385&use=l&cat=p&typeid=i","cat":284680},{"id":13715,"n":"Croquettes chat Purina One Stérilisé - Boeuf/Blé-1.5kg","p":6.9,"u":"4,60 €/KG","img":"https://fd6-photos.leclercdrive.fr/image.ashx?id=2488040&use=l&cat=p&typeid=i","cat":284680},{"id":13719,"n":"Croquettes chat Purina One Adulte - Poulet/Céréales -1.5kg","p":6.38,"u":"4,25 €/KG","img":"https://fd6-photos.leclercdrive.fr/image.ashx?id=2537682&use=l&cat=p&typeid=i","cat":284680},{"id":13731,"n":"Barquettes chats Gourmet Gold Les mousselines - 12x85g","p":5.34,"u":"5,24 €/KG","img":"https://fd6-photos.leclercdrive.fr/image.ashx?id=2967046&use=l&cat=p&typeid=i","cat":285286},{"id":13733,"n":"Barquettes chats Gourmet Gold Les terrines - 12x85g","p":5.63,"u":"5,52 €/KG","img":"https://fd6-photos.leclercdrive.fr/image.ashx?id=2979069&use=l&cat=p&typeid=i","cat":285286},{"id":13742,"n":"Tablette chocolat Côte d'Or Truffé noir - 190g","p":3.92,"u":"20,63 €/KG","img":"https://fd6-photos.leclercdrive.fr/image.ashx?id=2938932&use=l&cat=p&typeid=i","cat":284956},{"id":13770,"n":"Croissants surgelés Epi d'Or Cuisson four - 6x60g","p":2.58,"u":"7,17 €/KG","img":"https://fd6-photos.leclercdrive.fr/image.ashx?id=2900088&use=l&cat=p&typeid=i","cat":284267},{"id":13776,"n":"Mouchoirs blancs 3 plis Caresse Boîte - x110","p":1.35,"u":"0,01 €/P","img":"https://fd6-photos.leclercdrive.fr/image.ashx?id=2858784&use=l&cat=p&typeid=i","cat":284638},{"id":13780,"n":"Compotes Andros Pomme nature 12x100g + 4 offertes","p":2.65,"u":"1,66 €/KG","img":"https://fd6-photos.leclercdrive.fr/image.ashx?id=2792207&use=l&cat=p&typeid=i","cat":284416},{"id":13782,"n":"Déodorant Manava anti-traces 200ml","p":1.29,"u":"6,45 €/L","img":"https://fd6-photos.leclercdrive.fr/image.ashx?id=2692952&use=l&cat=p&typeid=i","cat":284595},{"id":13784,"n":"Gel douche et shampooing Carré Homme Energisante - 250ml","p":1.15,"u":"4,60 €/L","img":"https://fd6-photos.leclercdrive.fr/image.ashx?id=1544231&use=l&cat=p&typeid=i","cat":284619},{"id":13785,"n":"Shampooing Vitanove Réparateur - 250ml","p":1.45,"u":"5,80 €/L","img":"https://fd6-photos.leclercdrive.fr/image.ashx?id=1879257&use=l&cat=p&typeid=i","cat":284606},{"id":13786,"n":"Shampooing Vitanove Equilibrant - 250ml","p":1.79,"u":"7,16 €/L","img":"https://fd6-photos.leclercdrive.fr/image.ashx?id=1913165&use=l&cat=p&typeid=i","cat":284606},{"id":13788,"n":"Après-shampooing Vitanove Extra color - 200ml","p":1.35,"u":"6,75 €/L","img":"https://fd6-photos.leclercdrive.fr/image.ashx?id=2618302&use=l&cat=p&typeid=i","cat":284607},{"id":13789,"n":"Shampooing Vitanove Lissant - 250ml","p":1.79,"u":"7,16 €/L","img":"https://fd6-photos.leclercdrive.fr/image.ashx?id=1907456&use=l&cat=p&typeid=i","cat":284606},{"id":13790,"n":"Après-shampooing Vitanove Lissant - 200ml","p":1.49,"u":"7,45 €/L","img":"https://fd6-photos.leclercdrive.fr/image.ashx?id=2618314&use=l&cat=p&typeid=i","cat":284607},{"id":13975,"n":"Salade Notre Jardin Mâche - 200g","p":1.52,"u":"7,60 €/KG","img":"https://fd6-photos.leclercdrive.fr/image.ashx?id=2662583&use=l&cat=p&typeid=i","cat":284353},{"id":13977,"n":"Salade Notre Jardin Coeurs de laitue - 320g","p":1.58,"u":"4,94 €/KG","img":"https://fd6-photos.leclercdrive.fr/image.ashx?id=2727365&use=l&cat=p&typeid=i","cat":284353},{"id":13978,"n":"Salade composée Notre Jardin 250g","p":1.21,"u":"4,84 €/KG","img":"https://fd6-photos.leclercdrive.fr/image.ashx?id=2680824&use=l&cat=p&typeid=i","cat":284353},{"id":13987,"n":"Bande cohésive Primoplast 2.5m x 6cm","p":2.75,"img":"https://fd6-photos.leclercdrive.fr/image.ashx?id=2955677&use=l&cat=p&typeid=i","cat":284630},{"id":13992,"n":"Recharge savon mains Manava Gel lavande - 250ml","p":0.69,"u":"2,76 €/L","img":"https://fd6-photos.leclercdrive.fr/image.ashx?id=2935477&use=l&cat=p&typeid=i","cat":284597},{"id":13995,"n":"Bandes extensibles Primoplast 4mx6cm - x2","p":1.31,"img":"https://fd6-photos.leclercdrive.fr/image.ashx?id=2856444&use=l&cat=p&typeid=i","cat":284630},{"id":13998,"n":"Pâte feuilletée Eco+ A dérouler - 230g","p":0.53,"u":"2,30 €/KG","img":"https://fd6-photos.leclercdrive.fr/image.ashx?id=2744350&use=l&cat=p&typeid=i","cat":333681},{"id":14018,"n":"Chocolat Pâtissier Tablette dOr Noir corsé - 64% cacao - 200g","p":2.13,"u":"10,65 €/KG","img":"https://fd6-photos.leclercdrive.fr/image.ashx?id=2602349&use=l&cat=p&typeid=i","cat":285562},{"id":14023,"n":"Rasoir Carré Homme 3 lames - x1","p":3.99,"img":"https://fd6-photos.leclercdrive.fr/image.ashx?id=2704621&use=l&cat=p&typeid=i","cat":284616},{"id":14027,"n":"Lingettes Hygiène intime Doulys x20","p":1.8,"img":"https://fd6-photos.leclercdrive.fr/image.ashx?id=2999718&use=l&cat=p&typeid=i","cat":284627},{"id":14031,"n":"Crème Décolorante Siliss Visage et Corps - 2x50ml","p":2.79,"u":"27,90 €/L","img":"https://fd6-photos.leclercdrive.fr/image.ashx?id=2743783&use=l&cat=p&typeid=i","cat":325351},{"id":14033,"n":"Crochets anti-mites Insectivor Cèdre 2x3ml","p":1.99,"u":"331,67 €/L","img":"https://fd6-photos.leclercdrive.fr/image.ashx?id=2849575&use=l&cat=p&typeid=i","cat":298368},{"id":14038,"n":"Cassoulet au confit canard NRT - 420g","p":2.75,"u":"6,55 €/KG","img":"https://fd6-photos.leclercdrive.fr/image.ashx?id=2791413&use=l&cat=p&typeid=i","cat":284440},{"id":14050,"n":"Rhum blanc Réunion 49%vol NRT 1L","p":14.62,"u":"14,62 €/L","img":"https://fd6-photos.leclercdrive.fr/image.ashx?id=1208791&use=l&cat=p&typeid=i","cat":284550},{"id":14051,"n":"Confiture extra bio Bio Village Myrtilles - 370g","p":2.29,"u":"6,19 €/KG","img":"https://fd6-photos.leclercdrive.fr/image.ashx?id=2965620&use=l&cat=p&typeid=i","cat":284480},{"id":14068,"n":"Miel Nid d'Abeille A tartiner - 500 g","p":3.19,"u":"6,38 €/KG","img":"https://fd6-photos.leclercdrive.fr/image.ashx?id=2693120&use=l&cat=p&typeid=i","cat":287643},{"id":14075,"n":"Lait de coco Tables du monde 400ml","p":1.52,"u":"3,80 €/L","img":"https://fd6-photos.leclercdrive.fr/image.ashx?id=1960758&use=l&cat=p&typeid=i","cat":288992},{"id":14076,"n":"Fromage Mimolette Vieille NRT En dés - 150g","p":2.99,"u":"19,93 €/KG","img":"https://fd6-photos.leclercdrive.fr/image.ashx?id=2934826&use=l&cat=p&typeid=i","cat":314027},{"id":14081,"n":"Ratatouille Bio Village Bio A la provençale - 650g","p":2.35,"u":"3,62 €/KG","img":"https://fd6-photos.leclercdrive.fr/image.ashx?id=2762513&use=l&cat=p&typeid=i","cat":312612},{"id":14082,"n":"Miel de fleurs bio Bio Village 500g","p":4.99,"u":"9,98 €/KG","img":"https://fd6-photos.leclercdrive.fr/image.ashx?id=2348265&use=l&cat=p&typeid=i","cat":287643},{"id":14087,"n":"Quenelles de veau Coté Table Sauce financière 400g","p":1.85,"u":"4,63 €/KG","img":"https://fd6-photos.leclercdrive.fr/image.ashx?id=2977864&use=l&cat=p&typeid=i","cat":284441},{"id":14088,"n":"Garnit bouchée reine Coté Table 400g","p":1.79,"u":"4,48 €/KG","img":"https://fd6-photos.leclercdrive.fr/image.ashx?id=2977150&use=l&cat=p&typeid=i","cat":284441},{"id":14099,"n":"Spray nettoyant Eco+ avec Javel 750ml","p":0.82,"u":"1,09 €/L","img":"https://fd6-photos.leclercdrive.fr/image.ashx?id=2837003&use=l&cat=p&typeid=i","cat":325357},{"id":14113,"n":"Rasoirs jetables Siliss 2 lames - x10","p":1.19,"u":"0,12 €/P","img":"https://fd6-photos.leclercdrive.fr/image.ashx?id=2602763&use=l&cat=p&typeid=i","cat":325352},{"id":14114,"n":"Brosse à dents Dentamyl Médium x4","p":0.99,"u":"0,25 €/P","img":"https://fd6-photos.leclercdrive.fr/image.ashx?id=2790922&use=l&cat=p&typeid=i","cat":284614},{"id":14118,"n":"Carottes râpées Eco+ Assaisonnées - 500g","p":0.84,"u":"1,68 €/KG","img":"https://fd6-photos.leclercdrive.fr/image.ashx?id=2850805&use=l&cat=p&typeid=i","cat":333657},{"id":14122,"n":"Bâtonnets crâbe Eco+ x24 - 400g","p":1.29,"u":"3,23 €/KG","img":"https://fd6-photos.leclercdrive.fr/image.ashx?id=2865239&use=l&cat=p&typeid=i","cat":285189},{"id":14124,"n":"Rosette pur porc Eco+ 12 tranches - 150g","p":1.26,"u":"8,40 €/KG","img":"https://fd6-photos.leclercdrive.fr/image.ashx?id=2728222&use=l&cat=p&typeid=i","cat":316007},{"id":14126,"n":"Lasagnes bolognaise Eco+ 1kg","p":3.33,"u":"3,33 €/KG","img":"https://fd6-photos.leclercdrive.fr/image.ashx?id=2814842&use=l&cat=p&typeid=i","cat":333666},{"id":14131,"n":"Désodorisant Visior Lave-vaisselle Citron - x2","p":1.29,"u":"0,65 €/P","img":"https://fd6-photos.leclercdrive.fr/image.ashx?id=2951119&use=l&cat=p&typeid=i","cat":284657},{"id":14132,"n":"Bloc wc javel Syphon 2x40g","p":1.46,"u":"18,25 €/KG","img":"https://fd6-photos.leclercdrive.fr/image.ashx?id=2302540&use=l&cat=p&typeid=i","cat":284662},{"id":14135,"n":"Brosse à dents Eco+ Médium x2","p":0.23,"u":"0,12 €/P","img":"https://fd6-photos.leclercdrive.fr/image.ashx?id=2783783&use=l&cat=p&typeid=i","cat":284614},{"id":14138,"n":"Lingettes dépoussiérantes Eco+ x40","p":1.76,"u":"0,04 €/P","img":"https://fd6-photos.leclercdrive.fr/image.ashx?id=2805972&use=l&cat=p&typeid=i","cat":325364},{"id":14140,"n":"Savon extra-doux Manava Douceur d'amande 6x100g","p":3.16,"u":"5,27 €/KG","img":"https://fd6-photos.leclercdrive.fr/image.ashx?id=2331312&use=l&cat=p&typeid=i","cat":284597},{"id":14143,"n":"Diffuseur électrique Insectivor Anti-moustiques + recharge 35ml","p":4.63,"img":"https://fd6-photos.leclercdrive.fr/image.ashx?id=2717102&use=l&cat=p&typeid=i","cat":298368},{"id":14153,"n":"Bonbons Eco+ Menthe Eucalyptus - 240g","p":1.0,"u":"4,17 €/KG","img":"https://fd6-photos.leclercdrive.fr/image.ashx?id=2699090&use=l&cat=p&typeid=i","cat":304252},{"id":14154,"n":"Bonbons gélifiés Eco+ Frites - 200g","p":1.11,"u":"5,55 €/KG","img":"https://fd6-photos.leclercdrive.fr/image.ashx?id=2774066&use=l&cat=p&typeid=i","cat":304250},{"id":14155,"n":"Gnocchi Turini à poêler 300g","p":0.89,"u":"2,97 €/KG","img":"https://fd6-photos.leclercdrive.fr/image.ashx?id=3010566&use=l&cat=p&typeid=i","cat":333682},{"id":14158,"n":"Fromage Mystère du Prieuré Lait pasteurisé - 340g","p":2.65,"u":"7,79 €/KG","img":"https://fd6-photos.leclercdrive.fr/image.ashx?id=2900085&use=l&cat=p&typeid=i","cat":329184},{"id":14159,"n":"Bonbons gélifiés Eco+ Goût cola - 200g","p":0.95,"u":"4,75 €/KG","img":"https://fd6-photos.leclercdrive.fr/image.ashx?id=2717099&use=l&cat=p&typeid=i","cat":304250},{"id":14164,"n":"Roquefort AOP Eco+ Lait cru brebis 150g","p":2.16,"u":"14,40 €/KG","img":"https://fd6-photos.leclercdrive.fr/image.ashx?id=2712858&use=l&cat=p&typeid=i","cat":314032},{"id":14165,"n":"Crème de soin cheveux Vitanove Boucles sans rinçage 200ml","p":1.29,"u":"6,45 €/L","img":"https://fd6-photos.leclercdrive.fr/image.ashx?id=1947997&use=l&cat=p&typeid=i","cat":284608},{"id":14167,"n":"Brosse à dents Dentamyl Extra souple x1","p":0.85,"img":"https://fd6-photos.leclercdrive.fr/image.ashx?id=2790925&use=l&cat=p&typeid=i","cat":284614},{"id":14168,"n":"Dentifrice Dentamyl Protection gencives 75ml","p":0.92,"u":"12,27 €/L","img":"https://fd6-photos.leclercdrive.fr/image.ashx?id=2489092&use=l&cat=p&typeid=i","cat":284612},{"id":14170,"n":"Nettoyant lave-vaisselle Visior 250ml","p":2.7,"u":"10,80 €/L","img":"https://fd6-photos.leclercdrive.fr/image.ashx?id=2946451&use=l&cat=p&typeid=i","cat":284657},{"id":14183,"n":"Lame de rasoir Siliss 3 lames - x4","p":3.59,"img":"https://fd6-photos.leclercdrive.fr/image.ashx?id=2602736&use=l&cat=p&typeid=i","cat":325352},{"id":14187,"n":"Masque réparateur Vitanove Secs abîmés cassants 300ml","p":2.64,"u":"8,80 €/L","img":"https://fd6-photos.leclercdrive.fr/image.ashx?id=2856275&use=l&cat=p&typeid=i","cat":284608},{"id":14190,"n":"Savon mains en crème Manava nourrissante à l'amande - 300ml","p":0.9,"u":"3,00 €/L","img":"https://fd6-photos.leclercdrive.fr/image.ashx?id=2935471&use=l&cat=p&typeid=i","cat":284597},{"id":14193,"n":"Masque capillaire Vitanove Extra color 300ml","p":2.69,"u":"8,97 €/L","img":"https://fd6-photos.leclercdrive.fr/image.ashx?id=2149095&use=l&cat=p&typeid=i","cat":284608},{"id":14195,"n":"Bande à découper Primoplast Peaux sensibles - 10x6cm","p":0.89,"img":"https://fd6-photos.leclercdrive.fr/image.ashx?id=2955668&use=l&cat=p&typeid=i","cat":284630},{"id":14211,"n":"Lotion après-rasage Carré Homme Boisée tonifiant 100ml","p":2.61,"u":"26,10 €/L","img":"https://fd6-photos.leclercdrive.fr/image.ashx?id=2854222&use=l&cat=p&typeid=i","cat":288147},{"id":14212,"n":"Lotion après-rasage Carré Homme Marine tonifiant 100ml","p":2.55,"u":"25,50 €/L","img":"https://fd6-photos.leclercdrive.fr/image.ashx?id=2854219&use=l&cat=p&typeid=i","cat":288147},{"id":14217,"n":"Crème pieds Primoplast Nutri-réparatrice - 75ml","p":1.49,"u":"19,87 €/L","img":"https://fd6-photos.leclercdrive.fr/image.ashx?id=2832930&use=l&cat=p&typeid=i","cat":325354},{"id":14218,"n":"Dentifrice enfant Dentamyl Bubble gum - 3 à 6 ans - 50ml","p":0.89,"u":"17,80 €/L","img":"https://fd6-photos.leclercdrive.fr/image.ashx?id=2075185&use=l&cat=p&typeid=i","cat":288898},{"id":14219,"n":"Dentifrice enfant Dentamyl Menthe - 7 à 13 ans - 75ml","p":0.74,"u":"9,87 €/L","img":"https://fd6-photos.leclercdrive.fr/image.ashx?id=2489113&use=l&cat=p&typeid=i","cat":288898},{"id":14223,"n":"Dépoussiérant meubles Clair Multi-surfaces 300ml","p":1.03,"u":"3,43 €/L","img":"https://fd6-photos.leclercdrive.fr/image.ashx?id=2856681&use=l&cat=p&typeid=i","cat":325364},{"id":14224,"n":"Gel wc Syphon surpuissant 750ml","p":1.07,"u":"1,43 €/L","img":"https://fd6-photos.leclercdrive.fr/image.ashx?id=2558790&use=l&cat=p&typeid=i","cat":284662},{"id":14235,"n":"Change complet Chorys Taille M - x20","p":9.94,"u":"0,50 €/P","img":"https://fd6-photos.leclercdrive.fr/image.ashx?id=2905219&use=l&cat=p&typeid=i","cat":284628},{"id":14236,"n":"Jambon cru Eco+ 8 tranches - 150g","p":1.77,"u":"11,80 €/KG","img":"https://fd6-photos.leclercdrive.fr/image.ashx?id=2917638&use=l&cat=p&typeid=i","cat":316007},{"id":14243,"n":"Pain de mie nature Epi d'Or Grandes tranches - 825g","p":1.59,"u":"1,93 €/KG","img":"https://fd6-photos.leclercdrive.fr/image.ashx?id=2860724&use=l&cat=p&typeid=i","cat":284477},{"id":14270,"n":"Cidre Pays d'Auge NRT AOP  4.5%vol - 75cl","p":3.89,"u":"5,19 €/L","img":"https://fd6-photos.leclercdrive.fr/image.ashx?id=2791081&use=l&cat=p&typeid=i","cat":334880},{"id":14271,"n":"Crème de marrons NRT De l'Ardèche - 325g","p":2.89,"u":"8,89 €/KG","img":"https://fd6-photos.leclercdrive.fr/image.ashx?id=2771061&use=l&cat=p&typeid=i","cat":284481},{"id":14276,"n":"Cassoulet au confit canard NRT - 840g","p":4.99,"u":"5,94 €/KG","img":"https://fd6-photos.leclercdrive.fr/image.ashx?id=2791410&use=l&cat=p&typeid=i","cat":284440},{"id":14285,"n":"Fromage Emmental Eco+ Râpé - 200g","p":1.52,"u":"7,60 €/KG","img":"https://fd6-photos.leclercdrive.fr/image.ashx?id=2942166&use=l&cat=p&typeid=i","cat":314035},{"id":14292,"n":"Eau aromatisée Volvic Zest  Citron - 1,5L","p":1.05,"u":"0,70 €/L","img":"https://fd6-photos.leclercdrive.fr/image.ashx?id=2730253&use=l&cat=p&typeid=i","cat":284537},{"id":14316,"n":"Lasagnes saumon Côté Table 1kg","p":7.26,"u":"7,26 €/KG","img":"https://fd6-photos.leclercdrive.fr/image.ashx?id=2790928&use=l&cat=p&typeid=i","cat":284254},{"id":14327,"n":"Poêlée Côté Table Franc-Comtoise - 900g","p":4.19,"u":"4,66 €/KG","img":"https://fd6-photos.leclercdrive.fr/image.ashx?id=2048440&use=l&cat=p&typeid=i","cat":319823},{"id":14328,"n":"Hachis parmentier Côté Table 300g","p":2.54,"u":"8,47 €/KG","img":"https://fd6-photos.leclercdrive.fr/image.ashx?id=2718802&use=l&cat=p&typeid=i","cat":284254},{"id":14330,"n":"Poêlée de légumes Notre Jardin Légumes grillés - 750g","p":3.11,"u":"4,15 €/KG","img":"https://fd6-photos.leclercdrive.fr/image.ashx?id=2771369&use=l&cat=p&typeid=i","cat":319823},{"id":14334,"n":"Ratatouille Notre Jardin Cuisinée 750g","p":2.85,"u":"3,80 €/KG","img":"https://fd6-photos.leclercdrive.fr/image.ashx?id=2873129&use=l&cat=p&typeid=i","cat":319823},{"id":14336,"n":"Pavé saumon Pêche Océan ASC Atlantique -  500g","p":11.19,"u":"22,38 €/KG","img":"https://fd6-photos.leclercdrive.fr/image.ashx?id=2953728&use=l&cat=p&typeid=i","cat":319786},{"id":14344,"n":"Pain de mie Nature Harrys Longue conservation - 550g","p":2.03,"u":"3,69 €/KG","img":"https://fd6-photos.leclercdrive.fr/image.ashx?id=2518109&use=l&cat=p&typeid=i","cat":284477},{"id":14351,"n":"Bandes non tissées Siliss Recharges -  2x14","p":2.23,"u":"0,08 €/P","img":"https://fd6-photos.leclercdrive.fr/image.ashx?id=2699417&use=l&cat=p&typeid=i","cat":325351},{"id":14352,"n":"Savon Manava  Karité - 2x100g","p":1.39,"u":"6,95 €/KG","img":"https://fd6-photos.leclercdrive.fr/image.ashx?id=2455371&use=l&cat=p&typeid=i","cat":284597},{"id":14358,"n":"Spécialité au soja Nat & Vie Fruits rouges - 4x100g","p":1.29,"u":"3,23 €/KG","img":"https://fd6-photos.leclercdrive.fr/image.ashx?id=2901440&use=l&cat=p&typeid=i","cat":316071},{"id":14359,"n":"Change complet Chorys Taille L - x20","p":10.7,"u":"0,54 €/P","img":"https://fd6-photos.leclercdrive.fr/image.ashx?id=2946163&use=l&cat=p&typeid=i","cat":284628},{"id":14360,"n":"Yaourts à boire Délisse Petits Délis fruits - 8x100g","p":3.21,"u":"4,01 €/KG","img":"https://fd6-photos.leclercdrive.fr/image.ashx?id=1872406&use=l&cat=p&typeid=i","cat":284415},{"id":14371,"n":"Mousse à la crème Duodélisse Nature - 4x100g","p":1.49,"u":"3,73 €/KG","img":"https://fd6-photos.leclercdrive.fr/image.ashx?id=2387334&use=l&cat=p&typeid=i","cat":284409},{"id":14376,"n":"Dés de fromage Les Croisés Ail et fines herbes - 120g","p":1.54,"u":"12,83 €/KG","img":"https://fd6-photos.leclercdrive.fr/image.ashx?id=2741616&use=l&cat=p&typeid=i","cat":314027},{"id":14378,"n":"Dés de fromage Les Croisés Basilic ciboulette - 120g","p":1.69,"u":"14,08 €/KG","img":"https://fd6-photos.leclercdrive.fr/image.ashx?id=2741619&use=l&cat=p&typeid=i","cat":314027},{"id":14383,"n":"Blocs WC Syphon Activ' Effect  Lavande - x3","p":1.09,"u":"0,36 €/P","img":"https://fd6-photos.leclercdrive.fr/image.ashx?id=2320710&use=l&cat=p&typeid=i","cat":284662},{"id":14415,"n":"Levure chimique Vahiné 5x11g","p":0.37,"u":"6,73 €/KG","img":"https://fd6-photos.leclercdrive.fr/image.ashx?id=2490542&use=l&cat=p&typeid=i","cat":294686},{"id":14427,"n":"Pastis Ricard Anisé 45% vol - 70cl","p":14.9,"u":"21,29 €/L","img":"https://fd6-photos.leclercdrive.fr/image.ashx?id=2976776&use=l&cat=p&typeid=i","cat":284548},{"id":14428,"n":"Whisky Clan Campbell Blended Scotch 40% vol - 1L","p":19.29,"u":"19,29 €/L","img":"https://fd6-photos.leclercdrive.fr/image.ashx?id=2868921&use=l&cat=p&typeid=i","cat":284547},{"id":14429,"n":"Eau de vie Auguste Mugniot Poire Williams - 40%vol. - 50cl","p":19.99,"u":"39,98 €/L","img":"https://fd6-photos.leclercdrive.fr/image.ashx?id=2448519&use=l&cat=p&typeid=i","cat":286032},{"id":14431,"n":"Rhum Lagoa 40%vol - 1L","p":13.59,"u":"13,59 €/L","img":"https://fd6-photos.leclercdrive.fr/image.ashx?id=2966481&use=l&cat=p&typeid=i","cat":284550},{"id":14434,"n":"Pastis de Marseille Vivalis 45%vol - 70cl","p":12.89,"u":"18,41 €/L","img":"https://fd6-photos.leclercdrive.fr/image.ashx?id=2590406&use=l&cat=p&typeid=i","cat":284548},{"id":14440,"n":"Bière blonde Desquiles Canette - 5.9%vol. - 50cl","p":1.35,"u":"2,70 €/L","img":"https://fd6-photos.leclercdrive.fr/image.ashx?id=2646991&use=l&cat=p&typeid=i","cat":334853},{"id":14441,"n":"Eau minérale naturelle Evian  6x1l","p":2.88,"u":"0,48 €/L","img":"https://fd6-photos.leclercdrive.fr/image.ashx?id=2969019&use=l&cat=p&typeid=i","cat":284535},{"id":14442,"n":"Champagne brut blanc Pol Carson - 37,5cl","p":11.75,"u":"31,33 €/L","img":"https://fd6-photos.leclercdrive.fr/image.ashx?id=2909849&use=l&cat=p&typeid=i","cat":284542},{"id":14447,"n":"Sirop Frucci Thé Pêche - 75cl","p":3.2,"u":"4,27 €/L","img":"https://fd6-photos.leclercdrive.fr/image.ashx?id=2909891&use=l&cat=p&typeid=i","cat":295020},{"id":14451,"n":"Sirop Frucci Menthe - 1L","p":2.42,"u":"2,42 €/L","img":"https://fd6-photos.leclercdrive.fr/image.ashx?id=2954067&use=l&cat=p&typeid=i","cat":295020},{"id":14452,"n":"Sirop Sport Citron - 1L","p":2.68,"u":"2,68 €/L","img":"https://fd6-photos.leclercdrive.fr/image.ashx?id=3011182&use=l&cat=p&typeid=i","cat":295020},{"id":14458,"n":"Biscuits tablette Eco+ Chocolat au lait - 150g","p":0.98,"u":"6,53 €/KG","img":"https://fd6-photos.leclercdrive.fr/image.ashx?id=2682750&use=l&cat=p&typeid=i","cat":284488},{"id":14478,"n":"Pomme de terre de consommation Lunor précuites 2x500g","p":2.91,"u":"2,91 €/KG","img":"https://fd6-photos.leclercdrive.fr/image.ashx?id=2281372&use=l&cat=p&typeid=i","cat":284352},{"id":14512,"n":"Sachets glaçons Elembal x15","p":0.8,"img":"https://fd6-photos.leclercdrive.fr/image.ashx?id=2671810&use=l&cat=p&typeid=i","cat":334134},{"id":14543,"n":"Serviettes papier Homeside Double épaisseur 33x33cm - x100","p":2.29,"img":"https://fd6-photos.leclercdrive.fr/image.ashx?id=1659678&use=l&cat=p&typeid=i","cat":334134},{"id":14544,"n":"Serviettes papier Homeside Triple épaisseur 40x40 x50","p":2.99,"u":"0,06 €/P","img":"https://fd6-photos.leclercdrive.fr/image.ashx?id=1659681&use=l&cat=p&typeid=i","cat":334134},{"id":14563,"n":"Serviettes Eco+ papier blanc x200","p":1.23,"u":"0,01 €/P","img":"https://fd6-photos.leclercdrive.fr/image.ashx?id=1413111&use=l&cat=p&typeid=i","cat":334134},{"id":14574,"n":"Serviette incontinence Chorys Normal - x12","p":1.99,"u":"0,17 €/P","img":"https://fd6-photos.leclercdrive.fr/image.ashx?id=2393848&use=l&cat=p&typeid=i","cat":284628},{"id":14575,"n":"Serviette incontinence Chorys Mini - x20","p":2.55,"u":"0,13 €/P","img":"https://fd6-photos.leclercdrive.fr/image.ashx?id=2448409&use=l&cat=p&typeid=i","cat":284628},{"id":14579,"n":"Papier toilette Mimosa Blanc - Ultra doux - x6","p":2.65,"u":"0,44 €/P","img":"https://fd6-photos.leclercdrive.fr/image.ashx?id=2777842&use=l&cat=p&typeid=i","cat":284634},{"id":14582,"n":"Bandes de cire froide Siliss Corps - Peaux sensibles - x40","p":2.21,"u":"0,06 €/P","img":"https://fd6-photos.leclercdrive.fr/image.ashx?id=2699426&use=l&cat=p&typeid=i","cat":325351},{"id":14625,"n":"Boisson énergétique Powerade Ice storm - 50cl","p":1.04,"u":"2,08 €/L","img":"https://fd6-photos.leclercdrive.fr/image.ashx?id=2970756&use=l&cat=p&typeid=i","cat":284533},{"id":14626,"n":"Boisson aux fruits Oasis Saveur Pêche Abricot - 2L","p":2.56,"u":"1,28 €/L","img":"https://fd6-photos.leclercdrive.fr/image.ashx?id=2688635&use=l&cat=p&typeid=i","cat":295018},{"id":14633,"n":"AOP Bordeaux rouge La Croix d'Austéran - 75cl","p":4.55,"u":"6,07 €/L","img":"https://fd6-photos.leclercdrive.fr/image.ashx?id=1672093&use=l&cat=p&typeid=i","cat":289556},{"id":14635,"n":"Soda Jean's Cola Bouteille - 4x50cl","p":2.75,"u":"1,38 €/L","img":"https://fd6-photos.leclercdrive.fr/image.ashx?id=2684811&use=l&cat=p&typeid=i","cat":284530},{"id":14636,"n":"Soda Jean's Cola Zéro Canette - 6x33cl","p":1.98,"u":"1,00 €/L","img":"https://fd6-photos.leclercdrive.fr/image.ashx?id=2637886&use=l&cat=p&typeid=i","cat":284530},{"id":14637,"n":"Biscuits P'tit Déli ronds Chocolat noir 200g","p":1.4,"u":"7,00 €/KG","img":"https://fd6-photos.leclercdrive.fr/image.ashx?id=2884207&use=l&cat=p&typeid=i","cat":284488},{"id":14654,"n":"Soupe liquide Liebig  Potiron - Brique 1L","p":2.93,"u":"2,93 €/L","img":"https://fd6-photos.leclercdrive.fr/image.ashx?id=2785355&use=l&cat=p&typeid=i","cat":284462},{"id":14657,"n":"Eponges gratounette Spontex x2","p":2.52,"u":"1,26 €/P","img":"https://fd6-photos.leclercdrive.fr/image.ashx?id=2392292&use=l&cat=p&typeid=i","cat":284667},{"id":14659,"n":"Gel désinfectant mains Sanytol Au thé vert - 250ml","p":3.58,"u":"14,32 €/L","img":"https://fd6-photos.leclercdrive.fr/image.ashx?id=1754056&use=l&cat=p&typeid=i","cat":284630},{"id":14660,"n":"Gel désinfectant mains Sanytol Au thé vert - 75ml","p":1.99,"u":"26,53 €/L","img":"https://fd6-photos.leclercdrive.fr/image.ashx?id=2338730&use=l&cat=p&typeid=i","cat":284630},{"id":14661,"n":"Lingettes Hygiène Intime Usage Quotidien Intima Hamamélis x20","p":2.13,"u":"0,11 €/P","img":"https://fd6-photos.leclercdrive.fr/image.ashx?id=2886675&use=l&cat=p&typeid=i","cat":284627},{"id":14675,"n":"boisson végétale lait d'amande  bio bjorg intense - 1L","p":2.92,"u":"2,92 €/L","img":"https://fd6-photos.leclercdrive.fr/image.ashx?id=2970918&use=l&cat=p&typeid=i","cat":316067},{"id":14688,"n":"Biscuits Bjorg Fourrés Chocolat lait bio 225g","p":2.85,"u":"12,67 €/KG","img":"https://fd6-photos.leclercdrive.fr/image.ashx?id=2970927&use=l&cat=p&typeid=i","cat":284488},{"id":14691,"n":"Chocolat Alter Eco Noir Absolu Pérou 85% cacao bio - 100g","p":2.77,"u":"27,70 €/KG","img":"https://fd6-photos.leclercdrive.fr/image.ashx?id=2906535&use=l&cat=p&typeid=i","cat":284956},{"id":14713,"n":"Rasoirs jetables Bic Twin Lady x8","p":1.64,"u":"0,21 €/P","img":"https://fd6-photos.leclercdrive.fr/image.ashx?id=2887569&use=l&cat=p&typeid=i","cat":325352},{"id":14761,"n":"Baume Après-rasage Nivea Men Peaux Sensibles - 100ml","p":4.36,"u":"43,60 €/L","img":"https://fd6-photos.leclercdrive.fr/image.ashx?id=3014590&use=l&cat=p&typeid=i","cat":288147},{"id":14763,"n":"Shampooing Pétrol Hahn Force -  250ml","p":2.27,"u":"9,08 €/L","img":"https://fd6-photos.leclercdrive.fr/image.ashx?id=2104450&use=l&cat=p&typeid=i","cat":284621},{"id":14814,"n":"Compotes pommes Andros 4x100g","p":1.33,"u":"3,33 €/KG","img":"https://fd6-photos.leclercdrive.fr/image.ashx?id=2883925&use=l&cat=p&typeid=i","cat":284416},{"id":14867,"n":"Adoucissant Hyperdou Pure Caresse - 750ml","p":1.99,"u":"2,65 €/L","img":"https://fd6-photos.leclercdrive.fr/image.ashx?id=2614446&use=l&cat=p&typeid=i","cat":284650},{"id":14873,"n":"Pastilles javel La Croix x40","p":1.95,"u":"14,55 €/KG","img":"https://fd6-photos.leclercdrive.fr/image.ashx?id=2679693&use=l&cat=p&typeid=i","cat":284661},{"id":14880,"n":"Compote Charles & Alice Pommes Mangues - 4x100g","p":1.41,"u":"3,53 €/KG","img":"https://fd6-photos.leclercdrive.fr/image.ashx?id=2757347&use=l&cat=p&typeid=i","cat":284416},{"id":14887,"n":"Compote Charles & Alice Pommes - 4x100g","p":1.44,"u":"3,60 €/KG","img":"https://fd6-photos.leclercdrive.fr/image.ashx?id=2757677&use=l&cat=p&typeid=i","cat":284416},{"id":14888,"n":"Compote Charles & Alice Pommes Poires - 4x100g","p":1.43,"u":"3,58 €/KG","img":"https://fd6-photos.leclercdrive.fr/image.ashx?id=2936902&use=l&cat=p&typeid=i","cat":284416},{"id":14901,"n":"Mozzarella di Buffala AOP Les Croisés - 125g","p":1.65,"u":"13,20 €/KG","img":"https://fd6-photos.leclercdrive.fr/image.ashx?id=2146137&use=l&cat=p&typeid=i","cat":314026},{"id":14904,"n":"Fromage frais nature Bio Bio village - 3.5% MG - 500g","p":1.75,"u":"3,50 €/KG","img":"https://fd6-photos.leclercdrive.fr/image.ashx?id=2839944&use=l&cat=p&typeid=i","cat":284409},{"id":14911,"n":"Bloc WC cuvette Harpic  Eau Bleue - x2","p":1.51,"u":"19,87 €/KG","img":"https://fd6-photos.leclercdrive.fr/image.ashx?id=2264743&use=l&cat=p&typeid=i","cat":284662},{"id":14918,"n":"Dessert fruitier framboise Douceur du Verger s/sucre 4x97g","p":1.49,"u":"3,84 €/KG","img":"https://fd6-photos.leclercdrive.fr/image.ashx?id=2956915&use=l&cat=p&typeid=i","cat":284416},{"id":14919,"n":"Compote Douceur du Verger Pomme Abricot - 4x97g","p":1.23,"u":"3,17 €/KG","img":"https://fd6-photos.leclercdrive.fr/image.ashx?id=2406396&use=l&cat=p&typeid=i","cat":284416},{"id":14924,"n":"Lasagnes chèvre épinards Côté Table - 500g","p":2.95,"u":"5,90 €/KG","img":"https://fd6-photos.leclercdrive.fr/image.ashx?id=2647874&use=l&cat=p&typeid=i","cat":284254},{"id":14931,"n":"Rhum blanc Old Nick 40%vol - 1L","p":14.33,"u":"14,33 €/L","img":"https://fd6-photos.leclercdrive.fr/image.ashx?id=2483750&use=l&cat=p&typeid=i","cat":284550},{"id":14932,"n":"Rhum blanc Saint James 40% vol - 70cl","p":11.27,"u":"16,10 €/L","img":"https://fd6-photos.leclercdrive.fr/image.ashx?id=2970948&use=l&cat=p&typeid=i","cat":284550},{"id":14934,"n":"Gin Gibson 37.5%vol - 70cl","p":12.74,"u":"18,20 €/L","img":"https://fd6-photos.leclercdrive.fr/image.ashx?id=2755396&use=l&cat=p&typeid=i","cat":284550},{"id":14974,"n":"Cognac v.s. Duc de Borzac 40%vol. - 70cl","p":18.98,"u":"27,11 €/L","img":"https://fd6-photos.leclercdrive.fr/image.ashx?id=2397138&use=l&cat=p&typeid=i","cat":286032},{"id":14976,"n":"Vodka Novotna  Pure grain 37.5%vol - 1,5L","p":22.07,"u":"14,71 €/L","img":"https://fd6-photos.leclercdrive.fr/image.ashx?id=784852&use=l&cat=p&typeid=i","cat":284550},{"id":14978,"n":"Liqueur de whisky Baird's Irish cream 17%vol. - 70cl","p":6.69,"u":"9,56 €/L","img":"https://fd6-photos.leclercdrive.fr/image.ashx?id=1654895&use=l&cat=p&typeid=i","cat":286032},{"id":14980,"n":"Crème de framboise Auguste  Mugniot 15%vol. - 50cl","p":5.49,"u":"10,98 €/L","img":"https://fd6-photos.leclercdrive.fr/image.ashx?id=829186&use=l&cat=p&typeid=i","cat":286032},{"id":14982,"n":"Cocktail Punch coco Lagoa 15%vol - 70cl","p":4.99,"u":"7,13 €/L","img":"https://fd6-photos.leclercdrive.fr/image.ashx?id=2958311&use=l&cat=p&typeid=i","cat":284551},{"id":14985,"n":"Liqueur de gentiane Boliane 15%vol. 1L","p":4.34,"u":"4,34 €/L","img":"https://fd6-photos.leclercdrive.fr/image.ashx?id=2081669&use=l&cat=p&typeid=i","cat":284913},{"id":14989,"n":"Bière blonde Amsterdam  Navigator 8%vol. - 50cl","p":1.36,"u":"2,72 €/L","img":"https://fd6-photos.leclercdrive.fr/image.ashx?id=2191104&use=l&cat=p&typeid=i","cat":334853},{"id":14993,"n":"Bière blonde Leffe Rituel 9% - 6x25cl","p":5.62,"u":"3,75 €/L","img":"https://fd6-photos.leclercdrive.fr/image.ashx?id=2548285&use=l&cat=p&typeid=i","cat":334852},{"id":15007,"n":"Protège-slips Doulys Ultra-mince Normal Plié - x30","p":1.19,"u":"0,04 €/P","img":"https://fd6-photos.leclercdrive.fr/image.ashx?id=2816109&use=l&cat=p&typeid=i","cat":284625},{"id":15010,"n":"Serviette incontinence Chorys Extra - x10","p":1.99,"u":"0,20 €/P","img":"https://fd6-photos.leclercdrive.fr/image.ashx?id=2393851&use=l&cat=p&typeid=i","cat":284628},{"id":15011,"n":"Vin pétillant de l'UE arômatisé Pêche  - 75 cl","p":2.85,"u":"3,80 €/L","img":"https://fd6-photos.leclercdrive.fr/image.ashx?id=2298251&use=l&cat=p&typeid=i","cat":284544},{"id":15016,"n":"AOP Crémant d'Alsace Wolfberger Brut - 75cl","p":7.44,"u":"9,92 €/L","img":"https://fd6-photos.leclercdrive.fr/image.ashx?id=2323502&use=l&cat=p&typeid=i","cat":284544},{"id":15023,"n":"Crème adhésive Dentamyl 50g","p":2.08,"u":"41,60 €/KG","img":"https://fd6-photos.leclercdrive.fr/image.ashx?id=2643372&use=l&cat=p&typeid=i","cat":285158},{"id":15025,"n":"Nectar Jafaden Pomme kiwi - 1L","p":2.35,"u":"2,35 €/L","img":"https://fd6-photos.leclercdrive.fr/image.ashx?id=2895771&use=l&cat=p&typeid=i","cat":284915},{"id":15034,"n":"Déodorant bille Bio Naïa 50ml","p":1.35,"u":"27,00 €/L","img":"https://fd6-photos.leclercdrive.fr/image.ashx?id=2481210&use=l&cat=p&typeid=i","cat":284595},{"id":15036,"n":"Huile sèche corps bio Bio Naïa Spray - 100ml","p":4.59,"u":"45,90 €/L","img":"https://fd6-photos.leclercdrive.fr/image.ashx?id=2610196&use=l&cat=p&typeid=i","cat":325349},{"id":15039,"n":"Crème visage bio Bio Naïa Hydratante 50ml","p":1.99,"u":"39,80 €/L","img":"https://fd6-photos.leclercdrive.fr/image.ashx?id=2436651&use=l&cat=p&typeid=i","cat":325345},{"id":15053,"n":"Déodorant Manava Grenade - 200ml","p":1.39,"u":"6,95 €/L","img":"https://fd6-photos.leclercdrive.fr/image.ashx?id=2699276&use=l&cat=p&typeid=i","cat":284595},{"id":15059,"n":"Gaufrettes P'tit Déli Praliné chocolat au lait - 175g","p":1.85,"u":"10,57 €/KG","img":"https://fd6-photos.leclercdrive.fr/image.ashx?id=2817157&use=l&cat=p&typeid=i","cat":284488},{"id":15060,"n":"Biscuits tablettes Bio Village Bio Chocolat noir 150g","p":2.39,"u":"15,93 €/KG","img":"https://fd6-photos.leclercdrive.fr/image.ashx?id=2708943&use=l&cat=p&typeid=i","cat":284488},{"id":15066,"n":"Savon douceur Manava Bouquet fleurs blanches 4x100g","p":1.45,"u":"3,63 €/KG","img":"https://fd6-photos.leclercdrive.fr/image.ashx?id=2358342&use=l&cat=p&typeid=i","cat":284597},{"id":15076,"n":"Recharges plaquettes Insectivor Anti-moustiques - x30","p":3.17,"u":"0,11 €/P","img":"https://fd6-photos.leclercdrive.fr/image.ashx?id=1938552&use=l&cat=p&typeid=i","cat":298368},{"id":15095,"n":"Boisson végétale Noisette Bio  Bjorg- 1L","p":2.74,"u":"2,74 €/L","img":"https://fd6-photos.leclercdrive.fr/image.ashx?id=2972970&use=l&cat=p&typeid=i","cat":316067},{"id":15125,"n":"Marrons glacés Equador 10 marrons entiers - 200g","p":8.19,"u":"40,95 €/KG","img":"https://fd6-photos.leclercdrive.fr/image.ashx?id=2228004&use=l&cat=p&typeid=i","cat":327603},{"id":15130,"n":"Gâteaux fourrés P'tit Déli Abricot x7 - 196g","p":2.65,"u":"13,52 €/KG","img":"https://fd6-photos.leclercdrive.fr/image.ashx?id=2046047&use=l&cat=p&typeid=i","cat":284495},{"id":15131,"n":"Nectar multifruits Jafaden 2L","p":2.49,"u":"1,25 €/L","img":"https://fd6-photos.leclercdrive.fr/image.ashx?id=2956032&use=l&cat=p&typeid=i","cat":284917},{"id":15139,"n":"Boisson instantanée cacao Eco+ Granules - 800g","p":3.12,"u":"3,90 €/KG","img":"https://fd6-photos.leclercdrive.fr/image.ashx?id=2843093&use=l&cat=p&typeid=i","cat":293235},{"id":15145,"n":"Champignons Tables du Monde Noirs déshydratés 25g","p":2.49,"u":"99,60 €/KG","img":"https://fd6-photos.leclercdrive.fr/image.ashx?id=2920166&use=l&cat=p&typeid=i","cat":288992},{"id":15149,"n":"Petit Beurre P'tit Déli Pépites chocolat x24 200g","p":1.85,"u":"9,25 €/KG","img":"https://fd6-photos.leclercdrive.fr/image.ashx?id=2694100&use=l&cat=p&typeid=i","cat":284487},{"id":15159,"n":"Fécule de maïs Tablier Blanc 400g","p":1.19,"u":"2,98 €/KG","img":"https://fd6-photos.leclercdrive.fr/image.ashx?id=2853690&use=l&cat=p&typeid=i","cat":288382},{"id":15162,"n":"Rillettes pur porc Côté Table 3x78g","p":2.75,"u":"11,75 €/KG","img":"https://fd6-photos.leclercdrive.fr/image.ashx?id=2518514&use=l&cat=p&typeid=i","cat":305149},{"id":15181,"n":"Boisson aux fruits Oasis Saveur Fraise Framboise - 2L","p":2.72,"u":"1,36 €/L","img":"https://fd6-photos.leclercdrive.fr/image.ashx?id=2677819&use=l&cat=p&typeid=i","cat":295018},{"id":15256,"n":"Barre chocolat au lait Lion x6 barres - 252g","p":2.42,"u":"9,60 €/KG","img":"https://fd6-photos.leclercdrive.fr/image.ashx?id=2736991&use=l&cat=p&typeid=i","cat":284498},{"id":15286,"n":"Pain tradition  400g","p":1.39,"u":"3,48 €/KG","img":"https://fd6-photos.leclercdrive.fr/image.ashx?id=594617&use=l&cat=p&typeid=i","cat":284359},{"id":15288,"n":"Mouchoirs blancs 4 plis Caresse Mini étuis x15","p":1.16,"u":"0,08 €/P","img":"https://fd6-photos.leclercdrive.fr/image.ashx?id=2824262&use=l&cat=p&typeid=i","cat":284638},{"id":15305,"n":"Eau minérale Saint Antonin 6x1L","p":2.76,"u":"0,46 €/L","img":"https://fd6-photos.leclercdrive.fr/image.ashx?id=2653891&use=l&cat=p&typeid=i","cat":284535},{"id":15306,"n":"Eau minérale naturelle St Amand 6x1.5L","p":2.5,"u":"0,28 €/L","img":"https://fd6-photos.leclercdrive.fr/image.ashx?id=2902678&use=l&cat=p&typeid=i","cat":284535},{"id":15342,"n":"Chocolat Eco+ Noir - 5x100g","p":3.78,"u":"7,56 €/KG","img":"https://fd6-photos.leclercdrive.fr/image.ashx?id=2775460&use=l&cat=p&typeid=i","cat":284956},{"id":15403,"n":"Quatre-quarts P'tit Déli De Bretagne 250g","p":1.83,"u":"7,32 €/KG","img":"https://fd6-photos.leclercdrive.fr/image.ashx?id=2891884&use=l&cat=p&typeid=i","cat":294776},{"id":15431,"n":"Cappuccino nature  x10 stick - 140g","p":2.66,"u":"19,00 €/KG","img":"https://fd6-photos.leclercdrive.fr/image.ashx?id=2458055&use=l&cat=p&typeid=i","cat":284843},{"id":15492,"n":"AOC Muscadet blanc Botinière - 75 Cl","p":5.56,"u":"7,41 €/L","img":"https://fd6-photos.leclercdrive.fr/image.ashx?id=2476275&use=l&cat=p&typeid=i","cat":289557},{"id":15513,"n":"Gâteau cacao Oreo Lu Rouleaux Vanille - 154g","p":1.14,"u":"7,40 €/KG","img":"https://fd6-photos.leclercdrive.fr/image.ashx?id=3002282&use=l&cat=p&typeid=i","cat":284488},{"id":15525,"n":"Mini gâches briochettes NRT Chocolat noir x8 - 360g","p":2.79,"u":"7,75 €/KG","img":"https://fd6-photos.leclercdrive.fr/image.ashx?id=2670440&use=l&cat=p&typeid=i","cat":284478},{"id":15544,"n":"Crackers Tokapi  Fromage et graines - 65g","p":1.34,"u":"20,62 €/KG","img":"https://fd6-photos.leclercdrive.fr/image.ashx?id=2075247&use=l&cat=p&typeid=i","cat":297000},{"id":15564,"n":"Chips paysannes Pom'lisse Nature - 150g","p":1.01,"u":"6,73 €/KG","img":"https://fd6-photos.leclercdrive.fr/image.ashx?id=2652897&use=l&cat=p&typeid=i","cat":284447},{"id":15590,"n":"pain complet 3 céréales bio  bjorg 500g","p":2.48,"u":"4,96 €/KG","img":"https://fd6-photos.leclercdrive.fr/image.ashx?id=2752951&use=l&cat=p&typeid=i","cat":325069},{"id":15592,"n":"Fromage enfant Ficello Nature à effilocher x8 - 168g","p":3.41,"u":"20,30 €/KG","img":"https://fd6-photos.leclercdrive.fr/image.ashx?id=2375376&use=l&cat=p&typeid=i","cat":314030},{"id":15615,"n":"Multifruits Jafaden 100% Pur jus - 1,5L","p":1.99,"u":"1,33 €/L","img":"https://fd6-photos.leclercdrive.fr/image.ashx?id=2966650&use=l&cat=p&typeid=i","cat":284917},{"id":15629,"n":"Salade maxi Florette Mâche - 200g","p":2.48,"u":"12,40 €/KG","img":"https://fd6-photos.leclercdrive.fr/image.ashx?id=2228849&use=l&cat=p&typeid=i","cat":284353},{"id":15635,"n":"Jeunes pousses douces  Florette - 175g","p":2.45,"u":"14,00 €/KG","img":"https://fd6-photos.leclercdrive.fr/image.ashx?id=2844070&use=l&cat=p&typeid=i","cat":284353},{"id":15643,"n":"Plateau crudités Florette 600g","p":6.29,"u":"10,48 €/KG","img":"https://fd6-photos.leclercdrive.fr/image.ashx?id=2962773&use=l&cat=p&typeid=i","cat":284352},{"id":15701,"n":"Filets hareng sans peau Baltic à la crème - 400g","p":3.2,"u":"8,00 €/KG","img":"https://fd6-photos.leclercdrive.fr/image.ashx?id=2845889&use=l&cat=p&typeid=i","cat":285190},{"id":15703,"n":"Jus de citron de Sicile Citros 20cl","p":0.94,"u":"4,70 €/L","img":"https://fd6-photos.leclercdrive.fr/image.ashx?id=2469130&use=l&cat=p&typeid=i","cat":288383},{"id":15741,"n":"Tampons Doulys Compact Super - x20","p":2.35,"u":"0,12 €/P","img":"https://fd6-photos.leclercdrive.fr/image.ashx?id=2965470&use=l&cat=p&typeid=i","cat":284626},{"id":15746,"n":"Soupe Liquide Liebig  Bisque de Homard - 300g","p":2.47,"u":"8,23 €/KG","img":"https://fd6-photos.leclercdrive.fr/image.ashx?id=2651390&use=l&cat=p&typeid=i","cat":287366},{"id":15801,"n":"IGP Pays d'Oc rosé Cinsault Syrah Ormes de Cambras 12% 75cl","p":3.04,"u":"4,05 €/L","img":"https://fd6-photos.leclercdrive.fr/image.ashx?id=2105158&use=l&cat=p&typeid=i","cat":289558},{"id":15805,"n":"Boisson énergisante Red Bull sans sucres, 4x250ml","p":4.28,"u":"4,28 €/L","img":"https://fd6-photos.leclercdrive.fr/image.ashx?id=3009371&use=l&cat=p&typeid=i","cat":284533},{"id":15807,"n":"Boisson aux fruits Oasis Goût Pomme Cassis Framboise 2L","p":2.41,"u":"1,21 €/L","img":"https://fd6-photos.leclercdrive.fr/image.ashx?id=3014452&use=l&cat=p&typeid=i","cat":295018},{"id":15841,"n":"Coloration Casting crème gloss Marron glacé n°415","p":9.56,"img":"https://fd6-photos.leclercdrive.fr/image.ashx?id=1630170&use=l&cat=p&typeid=i","cat":288899},{"id":15875,"n":"Eau de Cologne Bien Etre Naturelle - 250ml","p":4.44,"u":"17,76 €/L","img":"https://fd6-photos.leclercdrive.fr/image.ashx?id=2353665&use=l&cat=p&typeid=i","cat":291525},{"id":15889,"n":"Huile sèche Petit Marseillais Sublimante - 150ml","p":4.37,"u":"29,13 €/L","img":"https://fd6-photos.leclercdrive.fr/image.ashx?id=2830138&use=l&cat=p&typeid=i","cat":325349},{"id":15895,"n":"Soin cheveux nutrition Garnier Cheveu bouclé à frisé - 200ml","p":2.39,"u":"11,95 €/L","img":"https://fd6-photos.leclercdrive.fr/image.ashx?id=2985354&use=l&cat=p&typeid=i","cat":284608},{"id":15908,"n":"Shampooing Pétrol Hahn original Cheveux normaux 250ml","p":2.47,"u":"9,88 €/L","img":"https://fd6-photos.leclercdrive.fr/image.ashx?id=2480512&use=l&cat=p&typeid=i","cat":284621},{"id":15909,"n":"Shampooing Pétrol Hahn Anti-chûte 250ml","p":2.32,"u":"9,28 €/L","img":"https://fd6-photos.leclercdrive.fr/image.ashx?id=2450649&use=l&cat=p&typeid=i","cat":284606},{"id":15916,"n":"Baume après rasage Nivéa For Men Hydratant - 100ml","p":6.81,"u":"68,10 €/L","img":"https://fd6-photos.leclercdrive.fr/image.ashx?id=2981653&use=l&cat=p&typeid=i","cat":288147},{"id":15919,"n":"Soin hydratant L'Oréal Paris Men Expert Anti-fatigue - 50ml","p":5.77,"u":"115,40 €/L","img":"https://fd6-photos.leclercdrive.fr/image.ashx?id=2811278&use=l&cat=p&typeid=i","cat":284622},{"id":15929,"n":"Masque nutri-extrême Dessange Cheveux Très Secs - 250ml","p":5.42,"u":"21,68 €/L","img":"https://fd6-photos.leclercdrive.fr/image.ashx?id=2458742&use=l&cat=p&typeid=i","cat":284608},{"id":15937,"n":"Serviette Hygienique Vania  Maxi confort normal plus - x16","p":2.11,"u":"0,13 €/P","img":"https://fd6-photos.leclercdrive.fr/image.ashx?id=2908027&use=l&cat=p&typeid=i","cat":284624},{"id":15969,"n":"Gel nettoyant canalisations  Destop Javel Agrumes - 750ml","p":2.6,"u":"3,47 €/L","img":"https://fd6-photos.leclercdrive.fr/image.ashx?id=2885956&use=l&cat=p&typeid=i","cat":284908},{"id":16029,"n":"Carottes Bio Bio Village En rondelles - 600g","p":1.79,"u":"2,98 €/KG","img":"https://fd6-photos.leclercdrive.fr/image.ashx?id=2891806&use=l&cat=p&typeid=i","cat":319805},{"id":16043,"n":"Crevettes cuites Pêche Océan Décortiquées - MSC - 200g","p":3.49,"u":"17,45 €/KG","img":"https://fd6-photos.leclercdrive.fr/image.ashx?id=2478766&use=l&cat=p&typeid=i","cat":319787},{"id":16046,"n":"Fromage de chèvre Les Croisés Frais rond - 200g","p":1.89,"u":"9,45 €/KG","img":"https://fd6-photos.leclercdrive.fr/image.ashx?id=2983796&use=l&cat=p&typeid=i","cat":314031},{"id":16061,"n":"Sauce Tomates Barilla Basilic - 400g","p":1.61,"u":"4,03 €/KG","img":"https://fd6-photos.leclercdrive.fr/image.ashx?id=2832518&use=l&cat=p&typeid=i","cat":287599},{"id":16062,"n":"Sauce Pesto Genovese Barilla Au basilic frais - 190g","p":1.97,"u":"10,37 €/KG","img":"https://fd6-photos.leclercdrive.fr/image.ashx?id=2737585&use=l&cat=p&typeid=i","cat":287599},{"id":16063,"n":"Sauce Pesto Barilla Rosso - 200g","p":1.93,"u":"9,65 €/KG","img":"https://fd6-photos.leclercdrive.fr/image.ashx?id=2308348&use=l&cat=p&typeid=i","cat":287599},{"id":16094,"n":"Pansements bain Mercurochrome Bain 3 tailles x16","p":3.51,"u":"0,22 €/P","img":"https://fd6-photos.leclercdrive.fr/image.ashx?id=2663965&use=l&cat=p&typeid=i","cat":284630},{"id":16095,"n":"Spray anti-moustique Marie Rose 8h - 100ml","p":5.34,"u":"53,40 €/L","img":"https://fd6-photos.leclercdrive.fr/image.ashx?id=2666749&use=l&cat=p&typeid=i","cat":299654},{"id":16142,"n":"Eau de source de Montagne 6x1L","p":1.55,"u":"0,26 €/L","img":"https://fd6-photos.leclercdrive.fr/image.ashx?id=2597621&use=l&cat=p&typeid=i","cat":284535},{"id":16159,"n":"Brume d'eau pure Inell 400ml","p":1.65,"u":"4,13 €/L","img":"https://fd6-photos.leclercdrive.fr/image.ashx?id=806289&use=l&cat=p&typeid=i","cat":290295},{"id":16171,"n":"Riz Thaï Bio Village Bio - 500g","p":2.45,"u":"4,90 €/KG","img":"https://fd6-photos.leclercdrive.fr/image.ashx?id=2441510&use=l&cat=p&typeid=i","cat":284428},{"id":16172,"n":"Mini Barres chocolatées Lion x18 barres - 350g","p":3.88,"u":"11,09 €/KG","img":"https://fd6-photos.leclercdrive.fr/image.ashx?id=2925553&use=l&cat=p&typeid=i","cat":284498},{"id":16233,"n":"AOC Banyuls Traditionnel Guillaume d'Arria - 75cl","p":6.35,"u":"8,47 €/L","img":"https://fd6-photos.leclercdrive.fr/image.ashx?id=2974750&use=l&cat=p&typeid=i","cat":289556},{"id":16254,"n":"Câpres surfines Rustica Au vinaigre - 60g","p":1.23,"u":"20,50 €/KG","img":"https://fd6-photos.leclercdrive.fr/image.ashx?id=2916686&use=l&cat=p&typeid=i","cat":284458},{"id":16303,"n":"Petits oignons Rustica Vinaigre doux - 190g","p":0.79,"u":"4,16 €/KG","img":"https://fd6-photos.leclercdrive.fr/image.ashx?id=2916683&use=l&cat=p&typeid=i","cat":284458},{"id":16429,"n":"Oeufs frais plein air Bio Bio village - x10","p":3.41,"u":"0,34 €/P","img":"https://fd6-photos.leclercdrive.fr/image.ashx?id=2983844&use=l&cat=p&typeid=i","cat":284378},{"id":16430,"n":"Lait de coco bio Jardin Bio Bio - 400ml","p":2.52,"u":"6,30 €/L","img":"https://fd6-photos.leclercdrive.fr/image.ashx?id=2790132&use=l&cat=p&typeid=i","cat":288992},{"id":16432,"n":"Pâte brisée Bio  Bio village - 230g","p":1.99,"u":"8,65 €/KG","img":"https://fd6-photos.leclercdrive.fr/image.ashx?id=2969009&use=l&cat=p&typeid=i","cat":333681},{"id":16433,"n":"Pâte feuilletée Bio Bio village - 230g","p":1.65,"u":"7,17 €/KG","img":"https://fd6-photos.leclercdrive.fr/image.ashx?id=2969006&use=l&cat=p&typeid=i","cat":333681},{"id":16434,"n":"Raviolis aux 3 fromages Bio Bio village - 250g","p":2.92,"u":"11,68 €/KG","img":"https://fd6-photos.leclercdrive.fr/image.ashx?id=2843608&use=l&cat=p&typeid=i","cat":333682},{"id":16435,"n":"Tagliatelles fraîches Bio Bio village - 250g","p":1.39,"u":"5,56 €/KG","img":"https://fd6-photos.leclercdrive.fr/image.ashx?id=2875735&use=l&cat=p&typeid=i","cat":333682},{"id":16436,"n":"Pâtes torsades Bio Village Bio -  500g","p":0.85,"u":"1,70 €/KG","img":"https://fd6-photos.leclercdrive.fr/image.ashx?id=2625367&use=l&cat=p&typeid=i","cat":284427},{"id":16438,"n":"Riz long Bio Village Bio - 500g","p":1.94,"u":"3,88 €/KG","img":"https://fd6-photos.leclercdrive.fr/image.ashx?id=2582996&use=l&cat=p&typeid=i","cat":284428},{"id":16439,"n":"Riz Basmati Bio Village Bio - 500g","p":1.5,"u":"3,00 €/KG","img":"https://fd6-photos.leclercdrive.fr/image.ashx?id=2441507&use=l&cat=p&typeid=i","cat":284428},{"id":16490,"n":"Yaourt nature 0% MG Bio Bio village - 4x125g","p":1.34,"u":"2,68 €/KG","img":"https://fd6-photos.leclercdrive.fr/image.ashx?id=2077427&use=l&cat=p&typeid=i","cat":315000},{"id":16492,"n":"Légumes pour couscous bio Jardin Bio - 660g","p":2.97,"u":"4,13 €/L","img":"https://fd6-photos.leclercdrive.fr/image.ashx?id=2534887&use=l&cat=p&typeid=i","cat":312612},{"id":16493,"n":"Pâte à tartiner bio Jardin Bio Cacao noisettes - 350g","p":3.74,"u":"10,69 €/KG","img":"https://fd6-photos.leclercdrive.fr/image.ashx?id=2918844&use=l&cat=p&typeid=i","cat":284481},{"id":16520,"n":"Mayonnaise Eco+ Bocal - 470g","p":1.19,"u":"2,53 €/KG","img":"https://fd6-photos.leclercdrive.fr/image.ashx?id=2954322&use=l&cat=p&typeid=i","cat":298295},{"id":16522,"n":"Soufflés cacahuète Eco+ 100g","p":0.34,"u":"3,40 €/KG","img":"https://fd6-photos.leclercdrive.fr/image.ashx?id=2678785&use=l&cat=p&typeid=i","cat":284449},{"id":16524,"n":"Pâtes Eco+ Spaghetti - 1kg","p":1.04,"u":"1,04 €/KG","img":"https://fd6-photos.leclercdrive.fr/image.ashx?id=2757494&use=l&cat=p&typeid=i","cat":284427},{"id":16525,"n":"Purée de pommes de terre Eco+ Déshydratée 4x125g","p":1.43,"u":"2,86 €/KG","img":"https://fd6-photos.leclercdrive.fr/image.ashx?id=2961656&use=l&cat=p&typeid=i","cat":284431},{"id":16526,"n":"Assortiment biscuits salés Eco+ 350g","p":1.07,"u":"3,06 €/KG","img":"https://fd6-photos.leclercdrive.fr/image.ashx?id=2613255&use=l&cat=p&typeid=i","cat":297000},{"id":16527,"n":"Bouillon déshydraté Eco+ Volaille - 12x10g","p":0.67,"u":"5,58 €/KG","img":"https://fd6-photos.leclercdrive.fr/image.ashx?id=1735897&use=l&cat=p&typeid=i","cat":288379},{"id":16528,"n":"Bouillon déshydraté Eco+ Boeuf - 12x10g","p":0.69,"u":"5,75 €/KG","img":"https://fd6-photos.leclercdrive.fr/image.ashx?id=1735894&use=l&cat=p&typeid=i","cat":288379},{"id":16536,"n":"Sucre Eco+ En morceaux - 1kg","p":1.37,"u":"1,37 €/KG","img":"https://fd6-photos.leclercdrive.fr/image.ashx?id=2675676&use=l&cat=p&typeid=i","cat":284502},{"id":16547,"n":"Barquette chiens Eco+ A la Volaille - 300g","p":0.52,"u":"1,73 €/KG","img":"https://fd6-photos.leclercdrive.fr/image.ashx?id=2052727&use=l&cat=p&typeid=i","cat":284673},{"id":16548,"n":"Barquette pour chats Eco+ Riche en volaille - 100g","p":0.24,"u":"2,40 €/KG","img":"https://fd6-photos.leclercdrive.fr/image.ashx?id=2052736&use=l&cat=p&typeid=i","cat":285286},{"id":16550,"n":"Limonade Eco+ 1,5L","p":0.38,"u":"0,25 €/L","img":"https://fd6-photos.leclercdrive.fr/image.ashx?id=2762937&use=l&cat=p&typeid=i","cat":284531},{"id":16552,"n":"Jus de pomme abc Eco+ 1L","p":0.85,"u":"0,85 €/L","img":"https://fd6-photos.leclercdrive.fr/image.ashx?id=2802269&use=l&cat=p&typeid=i","cat":284522},{"id":16553,"n":"Soda cola Eco+ 1,5L","p":0.49,"u":"0,33 €/L","img":"https://fd6-photos.leclercdrive.fr/image.ashx?id=2807270&use=l&cat=p&typeid=i","cat":284530},{"id":16554,"n":"Soda cola light 1,5l","p":0.4,"u":"0,27 €/L","img":"https://fd6-photos.leclercdrive.fr/image.ashx?id=2821792&use=l&cat=p&typeid=i","cat":284530},{"id":16555,"n":"Boisson aromatisée Eco+ Exotique 2L","p":0.97,"u":"0,49 €/L","img":"https://fd6-photos.leclercdrive.fr/image.ashx?id=2755049&use=l&cat=p&typeid=i","cat":295018},{"id":16558,"n":"Thé glacé pêche Eco  2L","p":1.25,"u":"0,63 €/L","img":"https://fd6-photos.leclercdrive.fr/image.ashx?id=2764955&use=l&cat=p&typeid=i","cat":295019},{"id":16560,"n":"Lingettes multi-usages Eco+ Citron x50","p":0.62,"img":"https://fd6-photos.leclercdrive.fr/image.ashx?id=2958675&use=l&cat=p&typeid=i","cat":325358},{"id":16561,"n":"Eau de javel Eco+ Bidon - 5L","p":1.09,"u":"0,22 €/L","img":"https://fd6-photos.leclercdrive.fr/image.ashx?id=2883913&use=l&cat=p&typeid=i","cat":284661},{"id":16569,"n":"Mini pâté en croute Eco+ 450g","p":1.97,"u":"4,38 €/KG","img":"https://fd6-photos.leclercdrive.fr/image.ashx?id=2919583&use=l&cat=p&typeid=i","cat":316003},{"id":16570,"n":"Saucisse sèche droite Eco+ 250g","p":1.81,"u":"7,24 €/KG","img":"https://fd6-photos.leclercdrive.fr/image.ashx?id=2845137&use=l&cat=p&typeid=i","cat":316006},{"id":16571,"n":"Tagliatelles fraiches Eco+ 500g","p":1.4,"u":"2,80 €/KG","img":"https://fd6-photos.leclercdrive.fr/image.ashx?id=2751850&use=l&cat=p&typeid=i","cat":333682},{"id":16576,"n":"Riz au lait Eco+ Saveur vanille 200g","p":0.57,"u":"2,85 €/KG","img":"https://fd6-photos.leclercdrive.fr/image.ashx?id=2779169&use=l&cat=p&typeid=i","cat":284418},{"id":16577,"n":"Crème sous pression Eco+ Crème légère et sucrée - 250g","p":1.69,"u":"6,76 €/KG","img":"https://fd6-photos.leclercdrive.fr/image.ashx?id=2856242&use=l&cat=p&typeid=i","cat":284382},{"id":16582,"n":"Pommes frites Eco+ 2,5kg","p":2.81,"u":"1,12 €/KG","img":"https://fd6-photos.leclercdrive.fr/image.ashx?id=2660523&use=l&cat=p&typeid=i","cat":319791},{"id":16583,"n":"Pommes rissolées surgelées Eco+ 1kg","p":1.15,"u":"1,15 €/KG","img":"https://fd6-photos.leclercdrive.fr/image.ashx?id=2085934&use=l&cat=p&typeid=i","cat":319792},{"id":16642,"n":"Génoises fourrées P'tit Déli Agrumes - 150g","p":1.09,"u":"7,27 €/KG","img":"https://fd6-photos.leclercdrive.fr/image.ashx?id=2482502&use=l&cat=p&typeid=i","cat":284489},{"id":16701,"n":"Bouchées RAFFAELLO Noix de coco Amandes - 180g","p":4.66,"u":"25,89 €/KG","img":"https://fd6-photos.leclercdrive.fr/image.ashx?id=2937857&use=l&cat=p&typeid=i","cat":327595},{"id":16737,"n":"Viande hachée 15% MG Férial 500g","p":7.29,"u":"14,58 €/KG","img":"https://fd6-photos.leclercdrive.fr/image.ashx?id=2904013&use=l&cat=p&typeid=i","cat":284332},{"id":16741,"n":"Viande hachée 5% MG Férial 350g","p":5.71,"u":"16,31 €/KG","img":"https://fd6-photos.leclercdrive.fr/image.ashx?id=2904010&use=l&cat=p&typeid=i","cat":284332},{"id":16742,"n":"Steak haché Férial 15%mg - 800g","p":10.37,"u":"12,96 €/KG","img":"https://fd6-photos.leclercdrive.fr/image.ashx?id=2904004&use=l&cat=p&typeid=i","cat":284332},{"id":16747,"n":"Viande hachée 15% MG Férial 350g","p":5.49,"u":"15,69 €/KG","img":"https://fd6-photos.leclercdrive.fr/image.ashx?id=2904007&use=l&cat=p&typeid=i","cat":284332},{"id":16765,"n":"Steak haché Férial pur boeuf 5%mg - 250g","p":4.74,"u":"18,96 €/KG","img":"https://fd6-photos.leclercdrive.fr/image.ashx?id=2903998&use=l&cat=p&typeid=i","cat":284332},{"id":16766,"n":"Viande hachée 20% MG Férial 700g","p":9.45,"u":"13,50 €/KG","img":"https://fd6-photos.leclercdrive.fr/image.ashx?id=2904016&use=l&cat=p&typeid=i","cat":284332},{"id":16782,"n":"Steak haché Férial 15%mg 250g","p":3.79,"u":"15,16 €/KG","img":"https://fd6-photos.leclercdrive.fr/image.ashx?id=2904001&use=l&cat=p&typeid=i","cat":284332},{"id":16783,"n":"AOP Saumur brut Les Caractères - 75cl","p":4.49,"u":"5,99 €/L","img":"https://fd6-photos.leclercdrive.fr/image.ashx?id=2895774&use=l&cat=p&typeid=i","cat":284544},{"id":16785,"n":"Fraisier Bonne Maman 2x100g","p":2.11,"u":"10,55 €/KG","img":"https://fd6-photos.leclercdrive.fr/image.ashx?id=2911876&use=l&cat=p&typeid=i","cat":284419},{"id":16800,"n":"Eau minérale naturelle Contrex 6x1L","p":2.52,"u":"0,42 €/L","img":"https://fd6-photos.leclercdrive.fr/image.ashx?id=2731720&use=l&cat=p&typeid=i","cat":284535},{"id":16803,"n":"AOC Champagne Président Germain Brut - 75cl","p":24.9,"u":"33,20 €/L","img":"https://fd6-photos.leclercdrive.fr/image.ashx?id=1567645&use=l&cat=p&typeid=i","cat":284542},{"id":16805,"n":"Viande bovine Férial steak ** à griller - 280g","p":5.79,"u":"20,68 €/KG","img":"https://fd6-photos.leclercdrive.fr/image.ashx?id=2483557&use=l&cat=p&typeid=i","cat":284328},{"id":16824,"n":"Bavette Viande bovine Férial  Aloyau ***à griller x2 - 280g","p":7.99,"u":"28,54 €/KG","img":"https://fd6-photos.leclercdrive.fr/image.ashx?id=2483560&use=l&cat=p&typeid=i","cat":284328},{"id":16829,"n":"Fusilli Côté Snack Pâtes 4 fromages - 300g","p":1.89,"u":"6,30 €/KG","img":"https://fd6-photos.leclercdrive.fr/image.ashx?id=2748726&use=l&cat=p&typeid=i","cat":334983},{"id":16841,"n":"Génoises fourrées P'tit Déli Framboise cassis - 150g","p":1.06,"u":"7,07 €/KG","img":"https://fd6-photos.leclercdrive.fr/image.ashx?id=2473981&use=l&cat=p&typeid=i","cat":284489},{"id":16842,"n":"Spéculoos P'tit Déli 2x250g","p":1.47,"u":"2,94 €/KG","img":"https://fd6-photos.leclercdrive.fr/image.ashx?id=2046364&use=l&cat=p&typeid=i","cat":284487},{"id":16847,"n":"Chewing-gum Freedent white Menthe douce 70g","p":2.16,"u":"30,86 €/KG","img":"https://fd6-photos.leclercdrive.fr/image.ashx?id=2237289&use=l&cat=p&typeid=i","cat":304251},{"id":16848,"n":"Chewing gum Freedent white Menthe verte 70g","p":2.11,"u":"30,14 €/KG","img":"https://fd6-photos.leclercdrive.fr/image.ashx?id=2355899&use=l&cat=p&typeid=i","cat":304251},{"id":16849,"n":"Chewing-gum Freedent white Menthe forte 70g","p":2.16,"u":"30,86 €/KG","img":"https://fd6-photos.leclercdrive.fr/image.ashx?id=2237292&use=l&cat=p&typeid=i","cat":304251},{"id":16875,"n":"Crackers Original Tuc Salé - 5x100g","p":3.29,"u":"6,58 €/KG","img":"https://fd6-photos.leclercdrive.fr/image.ashx?id=2939172&use=l&cat=p&typeid=i","cat":297000},{"id":16916,"n":"Croquette Tous Mes Amis Vitalité - viande de boeuf 10kg","p":12.99,"u":"1,30 €/KG","img":"https://fd6-photos.leclercdrive.fr/image.ashx?id=2078635&use=l&cat=p&typeid=i","cat":284672},{"id":16920,"n":"Coeurs d'artichaut Notre Jardin 240g","p":2.49,"u":"10,38 €/KG","img":"https://fd6-photos.leclercdrive.fr/image.ashx?id=2501994&use=l&cat=p&typeid=i","cat":312611},{"id":16934,"n":"Viande bovine  Férial 1x  Faux filet *** à griller - 160g","p":4.51,"u":"28,19 €/KG","img":"https://fd6-photos.leclercdrive.fr/image.ashx?id=2591554&use=l&cat=p&typeid=i","cat":284328},{"id":16947,"n":"Pâtes torti Panzani 1kg","p":1.58,"u":"1,58 €/KG","img":"https://fd6-photos.leclercdrive.fr/image.ashx?id=2873826&use=l&cat=p&typeid=i","cat":284427},{"id":16954,"n":"Lingots blancs 1kg","p":3.61,"u":"3,61 €/KG","img":"https://fd6-photos.leclercdrive.fr/image.ashx?id=2850506&use=l&cat=p&typeid=i","cat":289013},{"id":16996,"n":"Liquide de rinçage Visior Lave-vaisselle - 750ml","p":0.89,"u":"1,19 €/L","img":"https://fd6-photos.leclercdrive.fr/image.ashx?id=2874377&use=l&cat=p&typeid=i","cat":284657},{"id":17014,"n":"Fromage apéritif Apéricube Sélection festive 48 cubes","p":4.17,"u":"16,68 €/KG","img":"https://fd6-photos.leclercdrive.fr/image.ashx?id=2882665&use=l&cat=p&typeid=i","cat":314027},{"id":17036,"n":"Mouchoirs blancs 3 plis Caresse Boîte mouchoirs papier x90","p":1.04,"u":"0,01 €/P","img":"https://fd6-photos.leclercdrive.fr/image.ashx?id=2777915&use=l&cat=p&typeid=i","cat":284638},{"id":17037,"n":"Rasoir Carré Homme 5 lames - x1","p":4.69,"img":"https://fd6-photos.leclercdrive.fr/image.ashx?id=2704657&use=l&cat=p&typeid=i","cat":284616},{"id":17104,"n":"Tuiles Tokapi  Nature - 170g","p":1.35,"u":"7,94 €/KG","img":"https://fd6-photos.leclercdrive.fr/image.ashx?id=2632849&use=l&cat=p&typeid=i","cat":287899},{"id":17105,"n":"Chips Tuiles Tokapi Crème oignon - 170g","p":1.35,"u":"7,94 €/KG","img":"https://fd6-photos.leclercdrive.fr/image.ashx?id=2643375&use=l&cat=p&typeid=i","cat":287899},{"id":17108,"n":"Brume d'eau pure Inell 150ml","p":1.25,"u":"8,33 €/L","img":"https://fd6-photos.leclercdrive.fr/image.ashx?id=2712980&use=l&cat=p&typeid=i","cat":290295},{"id":17112,"n":"Limonade Bio village Bio - 1L","p":0.96,"u":"0,96 €/L","img":"https://fd6-photos.leclercdrive.fr/image.ashx?id=2632900&use=l&cat=p&typeid=i","cat":284531},{"id":17113,"n":"Cidre bouché Bio village Bio 4% vol - 75cl","p":2.29,"u":"3,05 €/L","img":"https://fd6-photos.leclercdrive.fr/image.ashx?id=2907255&use=l&cat=p&typeid=i","cat":334880},{"id":17154,"n":"Croissants pur beurre        6x1p","p":2.9,"u":"0,48 €/P","img":"https://fd6-photos.leclercdrive.fr/image.ashx?id=597472&use=l&cat=p&typeid=i","cat":284984},{"id":17157,"n":"Chaussons aux pommes 6p","p":4.5,"u":"0,75 €/P","img":"https://fd6-photos.leclercdrive.fr/image.ashx?id=2070983&use=l&cat=p&typeid=i","cat":284984},{"id":17158,"n":"Mozzarella Bio  Bio village - 125g","p":1.19,"u":"9,52 €/KG","img":"https://fd6-photos.leclercdrive.fr/image.ashx?id=2856350&use=l&cat=p&typeid=i","cat":314026},{"id":17189,"n":"Biscuit petit dej P'tit Déli Miel/pépites chocolat - 400g","p":2.15,"u":"5,38 €/KG","img":"https://fd6-photos.leclercdrive.fr/image.ashx?id=2999502&use=l&cat=p&typeid=i","cat":284491},{"id":17220,"n":"Nettoyant spray Clair Anti-calcaire 750ml","p":0.94,"u":"1,25 €/L","img":"https://fd6-photos.leclercdrive.fr/image.ashx?id=2882316&use=l&cat=p&typeid=i","cat":325362},{"id":17223,"n":"Mouchoirs blancs 3 plis Caresse Boîte déco décor aléatoire x70","p":1.52,"u":"0,02 €/P","img":"https://fd6-photos.leclercdrive.fr/image.ashx?id=2812548&use=l&cat=p&typeid=i","cat":284638},{"id":17290,"n":"Pâtes Alpina Avoine - 500g","p":1.44,"u":"2,88 €/KG","img":"https://fd6-photos.leclercdrive.fr/image.ashx?id=2789856&use=l&cat=p&typeid=i","cat":284427},{"id":17293,"n":"Génoise mix milk Balconi Pâtissier x10 280g","p":1.85,"u":"10,28 €/KG","img":"https://fd6-photos.leclercdrive.fr/image.ashx?id=2878411&use=l&cat=p&typeid=i","cat":284495},{"id":17294,"n":"Pâtes crozets nature Alpina 400g","p":2.79,"u":"6,98 €/KG","img":"https://fd6-photos.leclercdrive.fr/image.ashx?id=2795072&use=l&cat=p&typeid=i","cat":284427},{"id":17295,"n":"Pâtes crozets Alpina Savoie Au sarrasin - 400g","p":2.45,"u":"6,13 €/KG","img":"https://fd6-photos.leclercdrive.fr/image.ashx?id=2795075&use=l&cat=p&typeid=i","cat":284427},{"id":17297,"n":"Gâteau mix max Balconi Pâtissier 350g","p":2.19,"u":"6,26 €/KG","img":"https://fd6-photos.leclercdrive.fr/image.ashx?id=2878417&use=l&cat=p&typeid=i","cat":284495},{"id":17340,"n":"Pizza Cuite sur pierre Turini  Poulet rôti poivrons - 400g","p":2.23,"u":"5,58 €/KG","img":"https://fd6-photos.leclercdrive.fr/image.ashx?id=2815235&use=l&cat=p&typeid=i","cat":284256},{"id":17348,"n":"Lanières poivrons Notre Jardin 600g","p":2.15,"u":"3,58 €/KG","img":"https://fd6-photos.leclercdrive.fr/image.ashx?id=2916680&use=l&cat=p&typeid=i","cat":319805},{"id":17362,"n":"Moules ASC Pêche Océan Décortiquées - 500g","p":3.38,"u":"6,76 €/KG","img":"https://fd6-photos.leclercdrive.fr/image.ashx?id=2835023&use=l&cat=p&typeid=i","cat":319787},{"id":17389,"n":"Biscuits dorés extra P'tit Déli 2x150g","p":1.2,"u":"4,00 €/KG","img":"https://fd6-photos.leclercdrive.fr/image.ashx?id=2488359&use=l&cat=p&typeid=i","cat":284487},{"id":17392,"n":"Mouchoirs blanc 4 plis Univert Etuis x15 - Ecolabel","p":1.95,"u":"0,13 €/P","img":"https://fd6-photos.leclercdrive.fr/image.ashx?id=2549951&use=l&cat=p&typeid=i","cat":284638},{"id":17409,"n":"Lotion capillaire Carré Homme Cheveux blancs et gris 400ml","p":1.99,"u":"4,98 €/L","img":"https://fd6-photos.leclercdrive.fr/image.ashx?id=1961961&use=l&cat=p&typeid=i","cat":284621},{"id":17410,"n":"Gel anticalcaire Texil 750ml","p":2.59,"u":"3,45 €/L","img":"https://fd6-photos.leclercdrive.fr/image.ashx?id=2958711&use=l&cat=p&typeid=i","cat":284653},{"id":17413,"n":"Sacs congélation zip Elembal Petit modèle x25","p":1.45,"u":"0,06 €/P","img":"https://fd6-photos.leclercdrive.fr/image.ashx?id=2751883&use=l&cat=p&typeid=i","cat":334134},{"id":17414,"n":"Activateur de lavage Textil Spécial blanc 10 tablettes","p":2.1,"u":"9,33 €/KG","img":"https://fd6-photos.leclercdrive.fr/image.ashx?id=2964565&use=l&cat=p&typeid=i","cat":284651},{"id":17422,"n":"IGP Pays d'Oc Syrah vin rouge Vieux Carion -75 cl","p":2.25,"u":"3,00 €/L","img":"https://fd6-photos.leclercdrive.fr/image.ashx?id=2934667&use=l&cat=p&typeid=i","cat":289556},{"id":17423,"n":"IGP Côtes de Gascogne vin blanc Terrasses d'Autan - 75cl","p":2.99,"u":"3,99 €/L","img":"https://fd6-photos.leclercdrive.fr/image.ashx?id=2756864&use=l&cat=p&typeid=i","cat":289557},{"id":17425,"n":"Fromage blanc Délisse Vanille 2,5%MG - 8x100g","p":2.82,"u":"3,53 €/KG","img":"https://fd6-photos.leclercdrive.fr/image.ashx?id=3012827&use=l&cat=p&typeid=i","cat":284409},{"id":17445,"n":"AOP Saumur demi-sec Les Caractères - 75cl","p":4.49,"u":"5,99 €/L","img":"https://fd6-photos.leclercdrive.fr/image.ashx?id=2895777&use=l&cat=p&typeid=i","cat":284544},{"id":17469,"n":"Biscuits P'tit Déli Bâtonnets Chocolat blanc 150g","p":1.68,"u":"11,20 €/KG","img":"https://fd6-photos.leclercdrive.fr/image.ashx?id=2470195&use=l&cat=p&typeid=i","cat":284488},{"id":17476,"n":"Boudins noirs aux oignons Tradilège x3 - 375g","p":2.65,"u":"7,07 €/KG","img":"https://fd6-photos.leclercdrive.fr/image.ashx?id=2930754&use=l&cat=p&typeid=i","cat":316012},{"id":17571,"n":"Crème entière fluide UHT Délisse - Brique 30%mg - 1L","p":4.23,"u":"4,23 €/L","img":"https://fd6-photos.leclercdrive.fr/image.ashx?id=2509980&use=l&cat=p&typeid=i","cat":284381},{"id":17584,"n":"Dissolvant Maybelline New York Manucure Express - 125ml","p":3.2,"u":"25,60 €/L","img":"https://fd6-photos.leclercdrive.fr/image.ashx?id=2348367&use=l&cat=p&typeid=i","cat":325347},{"id":17627,"n":"Mini bûches glacées Eskiss Assortiment - 311g","p":2.29,"u":"7,36 €/KG","img":"https://fd6-photos.leclercdrive.fr/image.ashx?id=2791263&use=l&cat=p&typeid=i","cat":284266},{"id":17653,"n":"Fromage apéritif Apéricube Best of des saveurs 48 cubes","p":4.17,"u":"16,68 €/KG","img":"https://fd6-photos.leclercdrive.fr/image.ashx?id=2882662&use=l&cat=p&typeid=i","cat":314027},{"id":17694,"n":"Couches bébé Mots d'Enfants T4+ Ultra confort - 9/20kg - x144","p":20.5,"u":"0,14 €/P","img":"https://fd6-photos.leclercdrive.fr/image.ashx?id=2689426&use=l&cat=p&typeid=i","cat":284737},{"id":17709,"n":"Sauce au poivre Knorr A la crème fraiche - 30cl","p":1.37,"u":"4,57 €/L","img":"https://fd6-photos.leclercdrive.fr/image.ashx?id=2985096&use=l&cat=p&typeid=i","cat":288381},{"id":17710,"n":"Sauce Hollandaise Knorr Au jus de citron - 30cl","p":1.6,"u":"5,33 €/L","img":"https://fd6-photos.leclercdrive.fr/image.ashx?id=2985099&use=l&cat=p&typeid=i","cat":288381},{"id":17717,"n":"Blanc de poulet Tradilège x4 160g","p":1.37,"u":"8,56 €/KG","img":"https://fd6-photos.leclercdrive.fr/image.ashx?id=2925738&use=l&cat=p&typeid=i","cat":316010},{"id":17718,"n":"Blanc de dinde Tradilège 4 tranches 160g","p":1.65,"u":"10,31 €/KG","img":"https://fd6-photos.leclercdrive.fr/image.ashx?id=2989787&use=l&cat=p&typeid=i","cat":316010},{"id":17783,"n":"Chocolats Ferrero Rocher x24 pralines - 300g","p":9.75,"u":"32,50 €/KG","img":"https://fd6-photos.leclercdrive.fr/image.ashx?id=2944999&use=l&cat=p&typeid=i","cat":327600},{"id":17813,"n":"Détachant Texil avant lavage 500ml","p":1.87,"u":"3,74 €/L","img":"https://fd6-photos.leclercdrive.fr/image.ashx?id=2958708&use=l&cat=p&typeid=i","cat":284651},{"id":17817,"n":"Tomates farcies Bigard 1.2kg","p":9.01,"u":"7,51 €/KG","img":"https://fd6-photos.leclercdrive.fr/image.ashx?id=2283030&use=l&cat=p&typeid=i","cat":284332},{"id":17845,"n":"Saumon crème fraîche Marie Fondue poireaux 400g","p":5.18,"u":"12,95 €/KG","img":"https://fd6-photos.leclercdrive.fr/image.ashx?id=2996785&use=l&cat=p&typeid=i","cat":319786},{"id":17899,"n":"Knacks pur porc Tradilège Fumées au bois x10 - 350g","p":1.55,"u":"4,43 €/KG","img":"https://fd6-photos.leclercdrive.fr/image.ashx?id=2448321&use=l&cat=p&typeid=i","cat":316012},{"id":17917,"n":"Nettoyant canalisations Ouragan Fraîcheur mentholée - 1L","p":3.41,"u":"3,41 €/L","img":"https://fd6-photos.leclercdrive.fr/image.ashx?id=2367544&use=l&cat=p&typeid=i","cat":284662},{"id":17932,"n":"Soupe forestière Knorr Déshydratée - 750ml","p":1.02,"u":"1,36 €/L","img":"https://fd6-photos.leclercdrive.fr/image.ashx?id=2790810&use=l&cat=p&typeid=i","cat":284463},{"id":17969,"n":"Purée de fruit NATURNES Pomme pêche 4M+ - 4x130g","p":2.19,"u":"4,21 €/KG","img":"https://fd6-photos.leclercdrive.fr/image.ashx?id=2629644&use=l&cat=p&typeid=i","cat":312387},{"id":17995,"n":"Acide chlorhydrique Phébus Détartrant puissant 1L","p":2.4,"u":"2,40 €/L","img":"https://fd6-photos.leclercdrive.fr/image.ashx?id=2432088&use=l&cat=p&typeid=i","cat":300576},{"id":18000,"n":"Lait céréales Blédidej 12 mois Chocolat biscuité - 4x250ml","p":3.66,"u":"3,66 €/L","img":"https://fd6-photos.leclercdrive.fr/image.ashx?id=2921028&use=l&cat=p&typeid=i","cat":312226},{"id":18001,"n":"Lait céréales Blédidej 6 mois Briochée - 4x250ml","p":3.65,"u":"3,65 €/L","img":"https://fd6-photos.leclercdrive.fr/image.ashx?id=2921049&use=l&cat=p&typeid=i","cat":312226},{"id":18002,"n":"Lait céréales Blédidej 12 mois Biscuité vanille - 4x250ml","p":3.28,"u":"3,28 €/L","img":"https://fd6-photos.leclercdrive.fr/image.ashx?id=2921034&use=l&cat=p&typeid=i","cat":312226},{"id":18003,"n":"Lait céréales Blédidej 12 mois Vanille chocolat - 4x250ml","p":3.41,"u":"3,41 €/L","img":"https://fd6-photos.leclercdrive.fr/image.ashx?id=2921031&use=l&cat=p&typeid=i","cat":312226},{"id":18004,"n":"Lait céréales Blédidej 6 mois Cacao - 4x250ml","p":3.64,"u":"3,64 €/L","img":"https://fd6-photos.leclercdrive.fr/image.ashx?id=2921037&use=l&cat=p&typeid=i","cat":312226},{"id":18066,"n":"Nouilles chinoises Suzi Wan En nid - 250g","p":1.89,"u":"7,56 €/KG","img":"https://fd6-photos.leclercdrive.fr/image.ashx?id=2886253&use=l&cat=p&typeid=i","cat":288992},{"id":18070,"n":"Fromage frais bio Bio Village Fruits panachés - 12x50g","p":2.76,"u":"4,60 €/KG","img":"https://fd6-photos.leclercdrive.fr/image.ashx?id=2992630&use=l&cat=p&typeid=i","cat":284409},{"id":18096,"n":"Plat bébé Blédina 8 mois  Légumes saumon - 2x200g","p":2.68,"u":"6,70 €/KG","img":"https://fd6-photos.leclercdrive.fr/image.ashx?id=2975059&use=l&cat=p&typeid=i","cat":312236},{"id":18098,"n":"Lait céréales bébé Blédiner 6m Carotte soir - 4x250ml","p":3.64,"u":"3,64 €/L","img":"https://fd6-photos.leclercdrive.fr/image.ashx?id=2478556&use=l&cat=p&typeid=i","cat":312239},{"id":18100,"n":"Lait céréales bébé Blédiner 12m Légumes soir - 2x250ml","p":1.77,"u":"3,54 €/L","img":"https://fd6-photos.leclercdrive.fr/image.ashx?id=2960144&use=l&cat=p&typeid=i","cat":312239},{"id":18102,"n":"Lait céréales bébé Blédiner 6m Légume soir - 4x250ml","p":3.6,"u":"3,60 €/L","img":"https://fd6-photos.leclercdrive.fr/image.ashx?id=2730061&use=l&cat=p&typeid=i","cat":312239},{"id":18123,"n":"Barres Copains Copines x16 - 200g","p":2.25,"u":"11,25 €/KG","img":"https://fd6-photos.leclercdrive.fr/image.ashx?id=2872442&use=l&cat=p&typeid=i","cat":284498},{"id":18124,"n":"Pêche poire cerise  Douceur du Verger - 4x70g","p":2.79,"u":"9,96 €/KG","img":"https://fd6-photos.leclercdrive.fr/image.ashx?id=2149378&use=l&cat=p&typeid=i","cat":284507},{"id":18207,"n":"Lingettes démaquillantes Inell x25","p":1.34,"u":"0,05 €/P","img":"https://fd6-photos.leclercdrive.fr/image.ashx?id=3013591&use=l&cat=p&typeid=i","cat":284603},{"id":18208,"n":"Lingettes démaquillantes Inell x25","p":1.34,"u":"0,05 €/P","img":"https://fd6-photos.leclercdrive.fr/image.ashx?id=2752622&use=l&cat=p&typeid=i","cat":284603},{"id":18218,"n":"Chipolatas Férial x6 - 330g","p":3.49,"u":"10,58 €/KG","img":"https://fd6-photos.leclercdrive.fr/image.ashx?id=2837096&use=l&cat=p&typeid=i","cat":284334},{"id":18219,"n":"Merguez Férial x6 - 330g","p":4.19,"u":"12,70 €/KG","img":"https://fd6-photos.leclercdrive.fr/image.ashx?id=2840019&use=l&cat=p&typeid=i","cat":284334},{"id":18221,"n":"Lardons supérieurs Tradilège Nature - 2x100g","p":1.85,"u":"9,25 €/KG","img":"https://fd6-photos.leclercdrive.fr/image.ashx?id=2933340&use=l&cat=p&typeid=i","cat":316011},{"id":18223,"n":"Lardons supérieurs Tradilège Fumés - 2x100g","p":1.85,"u":"9,25 €/KG","img":"https://fd6-photos.leclercdrive.fr/image.ashx?id=2933343&use=l&cat=p&typeid=i","cat":316011},{"id":18224,"n":"Allumettes Tradilège Nature - 2x100g","p":1.75,"u":"8,75 €/KG","img":"https://fd6-photos.leclercdrive.fr/image.ashx?id=2933349&use=l&cat=p&typeid=i","cat":316011},{"id":18225,"n":"Allumettes Tradilège Fumées - 2x100g","p":1.75,"u":"8,75 €/KG","img":"https://fd6-photos.leclercdrive.fr/image.ashx?id=2933346&use=l&cat=p&typeid=i","cat":316011},{"id":18227,"n":"Lardons supérieurs Tradilège Nature - 160g","p":1.5,"u":"9,38 €/KG","img":"https://fd6-photos.leclercdrive.fr/image.ashx?id=2751949&use=l&cat=p&typeid=i","cat":316011},{"id":18230,"n":"Lardons supérieurs Tradilège Fumés - 160g","p":1.5,"u":"9,38 €/KG","img":"https://fd6-photos.leclercdrive.fr/image.ashx?id=2816636&use=l&cat=p&typeid=i","cat":316011},{"id":18231,"n":"Poitrine fumée Tradilège 4 tranches 300 gr","p":4.65,"u":"15,50 €/KG","img":"https://fd6-photos.leclercdrive.fr/image.ashx?id=2852273&use=l&cat=p&typeid=i","cat":316011},{"id":18233,"n":"Poitrine Fumée Tradilège Tranches fines - 2x7T - 200g","p":2.48,"u":"12,40 €/KG","img":"https://fd6-photos.leclercdrive.fr/image.ashx?id=2852267&use=l&cat=p&typeid=i","cat":316011},{"id":18235,"n":"Mousse de foie Tradilège Supérieure 180g","p":1.24,"u":"6,89 €/KG","img":"https://fd6-photos.leclercdrive.fr/image.ashx?id=2693147&use=l&cat=p&typeid=i","cat":316008},{"id":18236,"n":"Mousse de foie Tradilège 2x50g","p":0.99,"u":"9,90 €/KG","img":"https://fd6-photos.leclercdrive.fr/image.ashx?id=2326328&use=l&cat=p&typeid=i","cat":316008},{"id":18238,"n":"Mousse de canard Tradilège 180g","p":1.15,"u":"6,39 €/KG","img":"https://fd6-photos.leclercdrive.fr/image.ashx?id=2994360&use=l&cat=p&typeid=i","cat":316008},{"id":18240,"n":"Mousse de canard Tradilège 2x50g","p":1.09,"u":"10,90 €/KG","img":"https://fd6-photos.leclercdrive.fr/image.ashx?id=2998886&use=l&cat=p&typeid=i","cat":316008},{"id":18241,"n":"Pâté de campagne Tradilège Supérieur 180g","p":1.29,"u":"7,17 €/KG","img":"https://fd6-photos.leclercdrive.fr/image.ashx?id=2844848&use=l&cat=p&typeid=i","cat":316008},{"id":18245,"n":"Rillettes du Mans Tradilège 220g","p":1.45,"u":"6,59 €/KG","img":"https://fd6-photos.leclercdrive.fr/image.ashx?id=2548124&use=l&cat=p&typeid=i","cat":316008},{"id":18250,"n":"Saucisses Francfort Tradilège x4 240g","p":2.21,"u":"9,21 €/KG","img":"https://fd6-photos.leclercdrive.fr/image.ashx?id=2905955&use=l&cat=p&typeid=i","cat":316012},{"id":18251,"n":"Knacks Tradilège Fumées au bois - x4 - 140g","p":1.05,"u":"7,50 €/KG","img":"https://fd6-photos.leclercdrive.fr/image.ashx?id=2930739&use=l&cat=p&typeid=i","cat":316012},{"id":18252,"n":"Knacks Tradilège Fumées au bois - x6 - 210g","p":1.39,"u":"6,62 €/KG","img":"https://fd6-photos.leclercdrive.fr/image.ashx?id=2448318&use=l&cat=p&typeid=i","cat":316012},{"id":18257,"n":"Saucisses Cocktail Tradilège 400g","p":2.82,"u":"7,05 €/KG","img":"https://fd6-photos.leclercdrive.fr/image.ashx?id=2659082&use=l&cat=p&typeid=i","cat":316012},{"id":18258,"n":"Saucisse Tradilège Mini Knacks Pot micro ondable 200g","p":2.59,"u":"12,95 €/KG","img":"https://fd6-photos.leclercdrive.fr/image.ashx?id=2930921&use=l&cat=p&typeid=i","cat":316012},{"id":18259,"n":"Saucisson à l'ail Tradilège Fumé - 300g","p":2.08,"u":"6,93 €/KG","img":"https://fd6-photos.leclercdrive.fr/image.ashx?id=2930742&use=l&cat=p&typeid=i","cat":316006},{"id":18262,"n":"Cervelas supérieur Tradilège 300g","p":2.09,"u":"6,97 €/KG","img":"https://fd6-photos.leclercdrive.fr/image.ashx?id=2421636&use=l&cat=p&typeid=i","cat":316012},{"id":18266,"n":"Dés de jambon Tradilège 2x75g","p":1.49,"u":"9,93 €/KG","img":"https://fd6-photos.leclercdrive.fr/image.ashx?id=2925732&use=l&cat=p&typeid=i","cat":316011},{"id":18267,"n":"Allumettes de jambon Tradilège 2x75g","p":1.05,"u":"7,00 €/KG","img":"https://fd6-photos.leclercdrive.fr/image.ashx?id=2925716&use=l&cat=p&typeid=i","cat":316011},{"id":18268,"n":"Rôti de porc Tradilège 4 tranches 160g","p":2.12,"u":"13,25 €/KG","img":"https://fd6-photos.leclercdrive.fr/image.ashx?id=2678541&use=l&cat=p&typeid=i","cat":316009},{"id":18273,"n":"Blanc de dinde Tradilège 2 tranches 80g","p":1.09,"u":"13,63 €/KG","img":"https://fd6-photos.leclercdrive.fr/image.ashx?id=2989784&use=l&cat=p&typeid=i","cat":316010},{"id":18275,"n":"Blanc de poulet Tradilège x2 tranches - 80g","p":0.99,"u":"12,38 €/KG","img":"https://fd6-photos.leclercdrive.fr/image.ashx?id=2930751&use=l&cat=p&typeid=i","cat":316010},{"id":18279,"n":"Dés de poulet Tradilège 2x75g","p":2.82,"u":"18,80 €/KG","img":"https://fd6-photos.leclercdrive.fr/image.ashx?id=2984185&use=l&cat=p&typeid=i","cat":316011},{"id":18282,"n":"Saucisse de volaille Tradilège x6 210g","p":1.48,"u":"7,05 €/KG","img":"https://fd6-photos.leclercdrive.fr/image.ashx?id=2616069&use=l&cat=p&typeid=i","cat":316012},{"id":18287,"n":"Céréales Extra Kellogg's Chocolat au lait - 500g","p":3.12,"u":"6,24 €/KG","img":"https://fd6-photos.leclercdrive.fr/image.ashx?id=2692707&use=l&cat=p&typeid=i","cat":309512},{"id":18351,"n":"Fromage à tartiner Les Croisés Nature - 25%mg - 150g","p":1.24,"u":"8,27 €/KG","img":"https://fd6-photos.leclercdrive.fr/image.ashx?id=1971010&use=l&cat=p&typeid=i","cat":314029},{"id":18362,"n":"Biscuit bébé Blédina 10 mois Boudoir - 120g","p":1.86,"u":"15,50 €/KG","img":"https://fd6-photos.leclercdrive.fr/image.ashx?id=2801114&use=l&cat=p&typeid=i","cat":312227},{"id":18364,"n":"Haricots rouges D'aucy  250g","p":1.36,"u":"5,44 €/KG","img":"https://fd6-photos.leclercdrive.fr/image.ashx?id=2538434&use=l&cat=p&typeid=i","cat":312606},{"id":18374,"n":"Petits pois d'aucy  Extra-fins - 280g","p":1.05,"u":"3,75 €/KG","img":"https://fd6-photos.leclercdrive.fr/image.ashx?id=2503434&use=l&cat=p&typeid=i","cat":312607},{"id":18375,"n":"Petits pois carottes d''Aucy Extra fins - 265g","p":1.19,"u":"4,49 €/KG","img":"https://fd6-photos.leclercdrive.fr/image.ashx?id=2475324&use=l&cat=p&typeid=i","cat":312607},{"id":18394,"n":"Persil Ducros 30g","p":3.44,"u":"114,67 €/KG","img":"https://fd6-photos.leclercdrive.fr/image.ashx?id=2486554&use=l&cat=p&typeid=i","cat":298297},{"id":18399,"n":"Poivre gris moulu Ducros 2x18g","p":2.3,"u":"63,89 €/KG","img":"https://fd6-photos.leclercdrive.fr/image.ashx?id=2759454&use=l&cat=p&typeid=i","cat":298297},{"id":18403,"n":"Poivre saveur et épices Ducros Moulin - 30g","p":3.12,"u":"104,00 €/KG","img":"https://fd6-photos.leclercdrive.fr/image.ashx?id=2353698&use=l&cat=p&typeid=i","cat":284457},{"id":18408,"n":"Thon entier Pêche Océan Naturel - 140g","p":1.9,"u":"13,57 €/KG","img":"https://fd6-photos.leclercdrive.fr/image.ashx?id=2941426&use=l&cat=p&typeid=i","cat":303867},{"id":18409,"n":"Thon entier Pêche Océan Naturel - 93g","p":1.39,"u":"14,95 €/KG","img":"https://fd6-photos.leclercdrive.fr/image.ashx?id=2942184&use=l&cat=p&typeid=i","cat":303867},{"id":18410,"n":"Pâtées chat Gold Gourmet Les noisettes -  12x85g","p":5.74,"u":"5,63 €/KG","img":"https://fd6-photos.leclercdrive.fr/image.ashx?id=2908318&use=l&cat=p&typeid=i","cat":285286},{"id":18437,"n":"Allumettes Bacon Tradilège Fumées - 2x100g","p":1.74,"u":"8,70 €/KG","img":"https://fd6-photos.leclercdrive.fr/image.ashx?id=2905952&use=l&cat=p&typeid=i","cat":316011},{"id":18441,"n":"Pur jus de fruits Jafaden Mandarine - 1L","p":2.39,"u":"2,39 €/L","img":"https://fd6-photos.leclercdrive.fr/image.ashx?id=2956044&use=l&cat=p&typeid=i","cat":284915},{"id":18501,"n":"Aromat Knorr 70g","p":1.76,"u":"25,14 €/KG","img":"https://fd6-photos.leclercdrive.fr/image.ashx?id=2866750&use=l&cat=p&typeid=i","cat":298297},{"id":18521,"n":"Papier toilette Mimosa Blanc double épaisseur - x12","p":2.85,"u":"0,24 €/P","img":"https://fd6-photos.leclercdrive.fr/image.ashx?id=2073179&use=l&cat=p&typeid=i","cat":284634},{"id":18564,"n":"Papier millimétré Esquisse 21x29,7cm - x12","p":1.19,"img":"https://fd6-photos.leclercdrive.fr/image.ashx?id=2943175&use=l&cat=p&typeid=i","cat":284697},{"id":18577,"n":"Papier toilette Mimosa Blanc - Ultra doux - x24","p":4.33,"u":"0,18 €/P","img":"https://fd6-photos.leclercdrive.fr/image.ashx?id=2777851&use=l&cat=p&typeid=i","cat":284634},{"id":18598,"n":"Yaourts à la Grecque Délisse Mûre Framboise - 4x150g","p":1.99,"u":"3,32 €/KG","img":"https://fd6-photos.leclercdrive.fr/image.ashx?id=2699441&use=l&cat=p&typeid=i","cat":314999},{"id":18669,"n":"Snacks Tokapi 4 saveurs - 100g","p":0.87,"u":"8,70 €/KG","img":"https://fd6-photos.leclercdrive.fr/image.ashx?id=2588932&use=l&cat=p&typeid=i","cat":284449},{"id":18670,"n":"Tuiles Tokapi Bacon - 170g","p":1.39,"u":"8,18 €/KG","img":"https://fd6-photos.leclercdrive.fr/image.ashx?id=2657205&use=l&cat=p&typeid=i","cat":287899},{"id":18671,"n":"Tuiles Tokapi Paprika - 170g","p":1.35,"u":"7,94 €/KG","img":"https://fd6-photos.leclercdrive.fr/image.ashx?id=2632852&use=l&cat=p&typeid=i","cat":287899},{"id":18676,"n":"Allume-feu Silex cubes 18 sachets individuels","p":3.23,"img":"https://fd6-photos.leclercdrive.fr/image.ashx?id=2643584&use=l&cat=p&typeid=i","cat":300578},{"id":18723,"n":"Boulettes provençale Férial x12 - 300g","p":3.99,"u":"13,30 €/KG","img":"https://fd6-photos.leclercdrive.fr/image.ashx?id=2816627&use=l&cat=p&typeid=i","cat":284332},{"id":18746,"n":"Pavés de boeuf à l'échalote Férial x2 - 240g","p":4.79,"u":"19,96 €/KG","img":"https://fd6-photos.leclercdrive.fr/image.ashx?id=2854273&use=l&cat=p&typeid=i","cat":284328},{"id":18747,"n":"Pavés de boeuf marinés 3 poivre Férial x2 - 240g","p":4.75,"u":"19,79 €/KG","img":"https://fd6-photos.leclercdrive.fr/image.ashx?id=2854276&use=l&cat=p&typeid=i","cat":284328},{"id":18748,"n":"Pavés de boeuf marinés nature F x2 - 240g","p":4.99,"u":"20,79 €/KG","img":"https://fd6-photos.leclercdrive.fr/image.ashx?id=2854270&use=l&cat=p&typeid=i","cat":284328},{"id":18754,"n":"Boulettes nature Férial x12 - 300g","p":3.99,"u":"13,30 €/KG","img":"https://fd6-photos.leclercdrive.fr/image.ashx?id=2816624&use=l&cat=p&typeid=i","cat":284332},{"id":18853,"n":"Soin de jour Diadermine Lift+ Elastine Anti-rides - 50ml","p":7.91,"u":"158,20 €/L","img":"https://fd6-photos.leclercdrive.fr/image.ashx?id=2464024&use=l&cat=p&typeid=i","cat":325345},{"id":18953,"n":"Thon entier Pêche Océan Naturel - 186g","p":2.5,"u":"13,44 €/KG","img":"https://fd6-photos.leclercdrive.fr/image.ashx?id=2942190&use=l&cat=p&typeid=i","cat":303867},{"id":18968,"n":"Gâteaux mini marbrés P'tit Déli Chocolat x7 - 189g","p":1.65,"u":"8,73 €/KG","img":"https://fd6-photos.leclercdrive.fr/image.ashx?id=1947360&use=l&cat=p&typeid=i","cat":284495},{"id":18996,"n":"Confiture Bonne Maman 4 fruits rouges - 370g","p":2.39,"u":"6,46 €/KG","img":"https://fd6-photos.leclercdrive.fr/image.ashx?id=2547474&use=l&cat=p&typeid=i","cat":284480},{"id":18997,"n":"Confiture Bonne Maman Châtaigne 370g","p":2.03,"u":"5,49 €/KG","img":"https://fd6-photos.leclercdrive.fr/image.ashx?id=2474987&use=l&cat=p&typeid=i","cat":284480},{"id":19023,"n":"Sirop Frucci Citron - 1L","p":2.04,"u":"2,04 €/L","img":"https://fd6-photos.leclercdrive.fr/image.ashx?id=2955656&use=l&cat=p&typeid=i","cat":295020},{"id":19066,"n":"Vodka Poliakov 37,5%vol - 1L","p":15.87,"u":"15,87 €/L","img":"https://fd6-photos.leclercdrive.fr/image.ashx?id=2576916&use=l&cat=p&typeid=i","cat":284550},{"id":19098,"n":"Cookies gros éclats Granola Chocolat - 184g","p":1.76,"u":"9,57 €/KG","img":"https://fd6-photos.leclercdrive.fr/image.ashx?id=2996413&use=l&cat=p&typeid=i","cat":325066},{"id":19102,"n":"Croquettes chat Purina One Stérilisé-Saumon/Céréales-1,5kg","p":6.72,"u":"4,48 €/KG","img":"https://fd6-photos.leclercdrive.fr/image.ashx?id=2541268&use=l&cat=p&typeid=i","cat":284680},{"id":19110,"n":"Boeuf Bourguignon Côté Table 300g","p":2.04,"u":"6,80 €/KG","img":"https://fd6-photos.leclercdrive.fr/image.ashx?id=2517679&use=l&cat=p&typeid=i","cat":284953},{"id":19112,"n":"Thé vert Bio Ethiquable Gingembre Citron vert x20 - 36g","p":2.44,"u":"67,78 €/KG","img":"https://fd6-photos.leclercdrive.fr/image.ashx?id=2870842&use=l&cat=p&typeid=i","cat":293233},{"id":19116,"n":"Céréales croustillants Bio bjorg  chocolat noir - 500g","p":3.9,"u":"7,80 €/KG","img":"https://fd6-photos.leclercdrive.fr/image.ashx?id=2972967&use=l&cat=p&typeid=i","cat":309512},{"id":19119,"n":"Pains au lait La Boulangère Bio x8 - 280g","p":2.06,"u":"7,36 €/KG","img":"https://fd6-photos.leclercdrive.fr/image.ashx?id=2972460&use=l&cat=p&typeid=i","cat":293505},{"id":19138,"n":"Semoule Couscous Bio Village Semi complet Bio - 500g","p":1.95,"u":"3,90 €/KG","img":"https://fd6-photos.leclercdrive.fr/image.ashx?id=2814217&use=l&cat=p&typeid=i","cat":284429},{"id":19146,"n":"Cappelletti bio Céréal Bio tofu et Chèvre express-220g","p":2.02,"u":"9,18 €/KG","img":"https://fd6-photos.leclercdrive.fr/image.ashx?id=2642372&use=l&cat=p&typeid=i","cat":287600},{"id":19150,"n":"Compotes Andros Délice de rhubarbe - 4x100g","p":2.43,"u":"6,08 €/KG","img":"https://fd6-photos.leclercdrive.fr/image.ashx?id=2845461&use=l&cat=p&typeid=i","cat":284416},{"id":19152,"n":"Huile d'olive Bio Soleou Vierge extra fruttato - 75cl","p":9.69,"u":"12,92 €/L","img":"https://fd6-photos.leclercdrive.fr/image.ashx?id=2732614&use=l&cat=p&typeid=i","cat":284453},{"id":19155,"n":"Farine de blé Bio Francine 1kg","p":1.97,"u":"1,97 €/KG","img":"https://fd6-photos.leclercdrive.fr/image.ashx?id=2989117&use=l&cat=p&typeid=i","cat":284503},{"id":19199,"n":"Pain de mie La Boulangère à la  Farine complète Bio - 500g","p":1.93,"u":"3,86 €/KG","img":"https://fd6-photos.leclercdrive.fr/image.ashx?id=2912386&use=l&cat=p&typeid=i","cat":284477},{"id":19202,"n":"Galettes bio Bio Village 4 céréales x17 - 130g","p":0.99,"u":"7,62 €/KG","img":"https://fd6-photos.leclercdrive.fr/image.ashx?id=2816154&use=l&cat=p&typeid=i","cat":318651},{"id":19211,"n":"Lentilles Préparées Cassegrain Tendres et Fondants 265g","p":1.66,"u":"6,26 €/KG","img":"https://fd6-photos.leclercdrive.fr/image.ashx?id=2952460&use=l&cat=p&typeid=i","cat":312609},{"id":19231,"n":"Petit Pois Cassegrain Tendres et Fondants 140g","p":1.34,"u":"9,57 €/KG","img":"https://fd6-photos.leclercdrive.fr/image.ashx?id=2912974&use=l&cat=p&typeid=i","cat":312607},{"id":19255,"n":"Croquettes chat Purina One Light Adulte -Poulet/Blé -1,5kg","p":7.38,"u":"4,92 €/KG","img":"https://fd6-photos.leclercdrive.fr/image.ashx?id=2432010&use=l&cat=p&typeid=i","cat":284680},{"id":19256,"n":"Croquettes chat Purina One Adulte d'intérieur-Dinde -1,5kg","p":7.45,"u":"4,97 €/KG","img":"https://fd6-photos.leclercdrive.fr/image.ashx?id=2902271&use=l&cat=p&typeid=i","cat":284680},{"id":19257,"n":"Croquettes chat Purina One Sensible Adulte-Dinde/Riz-450g","p":2.58,"u":"5,73 €/KG","img":"https://fd6-photos.leclercdrive.fr/image.ashx?id=2459658&use=l&cat=p&typeid=i","cat":284680},{"id":19258,"n":"Croquettes chat Plénima Premium Stérilisé - 450g","p":1.75,"u":"3,89 €/KG","img":"https://fd6-photos.leclercdrive.fr/image.ashx?id=1943373&use=l&cat=p&typeid=i","cat":284680},{"id":19262,"n":"Thon Saupiquet Mayonnaise - 2x135g","p":2.18,"u":"8,07 €/KG","img":"https://fd6-photos.leclercdrive.fr/image.ashx?id=2681017&use=l&cat=p&typeid=i","cat":303867},{"id":19263,"n":"Filets de maquereaux Saupiquet A la moutarde - 169g","p":2.01,"u":"11,89 €/KG","img":"https://fd6-photos.leclercdrive.fr/image.ashx?id=2829961&use=l&cat=p&typeid=i","cat":303868},{"id":19264,"n":"Paëlla volaille/fruits de mer Garbit - 940g","p":4.98,"u":"5,30 €/KG","img":"https://fd6-photos.leclercdrive.fr/image.ashx?id=2680086&use=l&cat=p&typeid=i","cat":325094},{"id":19279,"n":"Sucre de canne Daddy En morceaux - 1kg","p":2.3,"u":"2,30 €/KG","img":"https://fd6-photos.leclercdrive.fr/image.ashx?id=2908576&use=l&cat=p&typeid=i","cat":284502},{"id":19285,"n":"Sauce crudités Rustica Fines herbes - 50cl","p":0.88,"u":"1,76 €/L","img":"https://fd6-photos.leclercdrive.fr/image.ashx?id=1972916&use=l&cat=p&typeid=i","cat":284456},{"id":19293,"n":"Lait céréales bébé Blédiner 12m Carotte pois soir - 2x250ml","p":1.78,"u":"3,56 €/L","img":"https://fd6-photos.leclercdrive.fr/image.ashx?id=2949856&use=l&cat=p&typeid=i","cat":312239},{"id":19296,"n":"Gressins Tokapi Sésame - 125g","p":1.17,"u":"9,36 €/KG","img":"https://fd6-photos.leclercdrive.fr/image.ashx?id=1993574&use=l&cat=p&typeid=i","cat":297000},{"id":19297,"n":"Lait céréales bébé Blédiner 6m Potiron soir - 2x250ml","p":1.82,"u":"3,64 €/L","img":"https://fd6-photos.leclercdrive.fr/image.ashx?id=2960141&use=l&cat=p&typeid=i","cat":312239},{"id":19301,"n":"Céréales Tipiak Méditerranéennes 2x200g","p":2.11,"u":"5,28 €/KG","img":"https://fd6-photos.leclercdrive.fr/image.ashx?id=2766253&use=l&cat=p&typeid=i","cat":284429},{"id":19303,"n":"Mini penne Turini 500g","p":0.98,"u":"1,96 €/KG","img":"https://fd6-photos.leclercdrive.fr/image.ashx?id=3015063&use=l&cat=p&typeid=i","cat":284427},{"id":19304,"n":"Mini farfalle Turini 500g","p":1.26,"u":"2,52 €/KG","img":"https://fd6-photos.leclercdrive.fr/image.ashx?id=2607494&use=l&cat=p&typeid=i","cat":284427},{"id":19305,"n":"Pâtes Spaghetti Panzani 3 Minutes - 500G","p":1.23,"u":"2,46 €/KG","img":"https://fd6-photos.leclercdrive.fr/image.ashx?id=3008035&use=l&cat=p&typeid=i","cat":284427},{"id":19308,"n":"Epices pour guacamole Old el paso - 20g","p":1.11,"u":"55,50 €/KG","img":"https://fd6-photos.leclercdrive.fr/image.ashx?id=2858168&use=l&cat=p&typeid=i","cat":288993},{"id":19313,"n":"Tartelettes Bonne Maman A la framboise étui 135g","p":1.39,"u":"10,30 €/KG","img":"https://fd6-photos.leclercdrive.fr/image.ashx?id=2984383&use=l&cat=p&typeid=i","cat":284489},{"id":19319,"n":"Cookies Eco+ Pépites de chocolat - 200g","p":0.92,"u":"4,60 €/KG","img":"https://fd6-photos.leclercdrive.fr/image.ashx?id=2821875&use=l&cat=p&typeid=i","cat":325066},{"id":19353,"n":"Mao Croqui Haribo Sachet bonbons - 250g","p":1.43,"u":"5,72 €/KG","img":"https://fd6-photos.leclercdrive.fr/image.ashx?id=2805192&use=l&cat=p&typeid=i","cat":304250},{"id":19364,"n":"Madeleines extra Ker Cadélac Coquilles moelleuses x24 - 600g","p":3.07,"u":"5,12 €/KG","img":"https://fd6-photos.leclercdrive.fr/image.ashx?id=2939511&use=l&cat=p&typeid=i","cat":284492},{"id":19366,"n":"Barres céréales Grany Chocolat - 125g","p":1.84,"u":"14,72 €/KG","img":"https://fd6-photos.leclercdrive.fr/image.ashx?id=2773613&use=l&cat=p&typeid=i","cat":285869},{"id":19393,"n":"Café moulu Eco+ Décaféiné - 250g","p":2.65,"u":"10,60 €/KG","img":"https://fd6-photos.leclercdrive.fr/image.ashx?id=2784171&use=l&cat=p&typeid=i","cat":284750},{"id":19408,"n":"Soupe Velouté Bio Village Bio Légumes verts - 1L","p":2.41,"u":"2,41 €/L","img":"https://fd6-photos.leclercdrive.fr/image.ashx?id=2352237&use=l&cat=p&typeid=i","cat":284462},{"id":19411,"n":"Compote Allégée en sucres Eco+ Coupelle pomme - 4x100g","p":0.55,"u":"1,38 €/KG","img":"https://fd6-photos.leclercdrive.fr/image.ashx?id=2953188&use=l&cat=p&typeid=i","cat":284508},{"id":19416,"n":"Dessert fruitier Andros Pomme allégé 730g","p":1.39,"u":"1,90 €/KG","img":"https://fd6-photos.leclercdrive.fr/image.ashx?id=2369930&use=l&cat=p&typeid=i","cat":284508},{"id":19418,"n":"Pâtes serpentini Turini 500g","p":0.84,"u":"1,68 €/KG","img":"https://fd6-photos.leclercdrive.fr/image.ashx?id=2744231&use=l&cat=p&typeid=i","cat":284427},{"id":19420,"n":"Pâtes Torsades Turini Nature tomate épinard - 500g","p":1.1,"u":"2,20 €/KG","img":"https://fd6-photos.leclercdrive.fr/image.ashx?id=2607485&use=l&cat=p&typeid=i","cat":284427},{"id":19424,"n":"Spaghetti Turini Au blé complet - 500g","p":0.95,"u":"1,90 €/KG","img":"https://fd6-photos.leclercdrive.fr/image.ashx?id=2607497&use=l&cat=p&typeid=i","cat":284427},{"id":19426,"n":"Gâteaux L'Ourson Lulu LU Chocolat - 150g","p":1.27,"u":"8,47 €/KG","img":"https://fd6-photos.leclercdrive.fr/image.ashx?id=3014425&use=l&cat=p&typeid=i","cat":284495},{"id":19427,"n":"Pâtes penne Turini Blé complet - 500g","p":1.0,"u":"2,00 €/KG","img":"https://fd6-photos.leclercdrive.fr/image.ashx?id=2607500&use=l&cat=p&typeid=i","cat":284427},{"id":19432,"n":"Pains au chocolat Eco+ x10 - 450g","p":1.57,"u":"3,49 €/KG","img":"https://fd6-photos.leclercdrive.fr/image.ashx?id=2927833&use=l&cat=p&typeid=i","cat":296366},{"id":19433,"n":"Pain au lait Eco+ x10 - 400g","p":1.03,"u":"2,58 €/KG","img":"https://fd6-photos.leclercdrive.fr/image.ashx?id=2643578&use=l&cat=p&typeid=i","cat":293505},{"id":19435,"n":"Barres de céréales Special K Kellogg's Chocolat lait - 6x20g","p":2.21,"u":"18,42 €/KG","img":"https://fd6-photos.leclercdrive.fr/image.ashx?id=2306366&use=l&cat=p&typeid=i","cat":285869},{"id":19440,"n":"Flageolets d'aucy  Extra-fins - 530g","p":1.93,"u":"3,64 €/KG","img":"https://fd6-photos.leclercdrive.fr/image.ashx?id=2486152&use=l&cat=p&typeid=i","cat":312606},{"id":19463,"n":"Sticks dentaires Lydog Moyen chien - x7 - 180g","p":1.39,"u":"7,72 €/KG","img":"https://fd6-photos.leclercdrive.fr/image.ashx?id=1878598&use=l&cat=p&typeid=i","cat":294527},{"id":19464,"n":"Carottes rondelles D'aucy  240g","p":1.06,"u":"4,42 €/KG","img":"https://fd6-photos.leclercdrive.fr/image.ashx?id=2503431&use=l&cat=p&typeid=i","cat":312607},{"id":19471,"n":"Mélange Le Sélect Vico Graines variées - 100g","p":2.25,"u":"22,50 €/KG","img":"https://fd6-photos.leclercdrive.fr/image.ashx?id=2569839&use=l&cat=p&typeid=i","cat":284448},{"id":19472,"n":"Fruits au sirop Del Monte Ananas en tranches - 350g","p":2.39,"u":"6,83 €/KG","img":"https://fd6-photos.leclercdrive.fr/image.ashx?id=2802326&use=l&cat=p&typeid=i","cat":284507},{"id":19491,"n":"Couscous tunisien Côté Table Kefta merguez - 300g","p":2.19,"u":"7,30 €/KG","img":"https://fd6-photos.leclercdrive.fr/image.ashx?id=2499498&use=l&cat=p&typeid=i","cat":284953},{"id":19493,"n":"Colin d'alaska Côté Table Barquette micro-ondable 300g","p":1.99,"u":"6,63 €/KG","img":"https://fd6-photos.leclercdrive.fr/image.ashx?id=2770311&use=l&cat=p&typeid=i","cat":284953},{"id":19535,"n":"Stick lèvres Inell Nourrissant - 2 pièces","p":1.99,"u":"1,00 €/P","img":"https://fd6-photos.leclercdrive.fr/image.ashx?id=2841622&use=l&cat=p&typeid=i","cat":285485},{"id":19542,"n":"Filets de saumon rose Findus Pacifique - MSC - x4 - 400g","p":11.07,"u":"27,68 €/KG","img":"https://fd6-photos.leclercdrive.fr/image.ashx?id=2735326&use=l&cat=p&typeid=i","cat":319786},{"id":19575,"n":"Lait démaquillant Inell Douceur 250ml","p":1.59,"u":"6,36 €/L","img":"https://fd6-photos.leclercdrive.fr/image.ashx?id=2691622&use=l&cat=p&typeid=i","cat":284603},{"id":19601,"n":"Gâteaux marbrés P'tit Déli x14 378g","p":2.95,"u":"7,80 €/KG","img":"https://fd6-photos.leclercdrive.fr/image.ashx?id=1947363&use=l&cat=p&typeid=i","cat":284495},{"id":19604,"n":"Gâteaux P'tit Déli A base de yaourt x7 - 189g","p":1.92,"u":"10,16 €/KG","img":"https://fd6-photos.leclercdrive.fr/image.ashx?id=2059086&use=l&cat=p&typeid=i","cat":294776},{"id":19609,"n":"Tuiles Tokapi Fromage - 170g","p":1.39,"u":"8,18 €/KG","img":"https://fd6-photos.leclercdrive.fr/image.ashx?id=2647426&use=l&cat=p&typeid=i","cat":287899},{"id":19611,"n":"Soupe Velouté Régal Soupe Tomates - 2x30cl","p":1.45,"u":"2,42 €/L","img":"https://fd6-photos.leclercdrive.fr/image.ashx?id=2819271&use=l&cat=p&typeid=i","cat":284462},{"id":19625,"n":"Mini goûters P'tit Déli Fraise 168g","p":1.13,"u":"6,73 €/KG","img":"https://fd6-photos.leclercdrive.fr/image.ashx?id=2310498&use=l&cat=p&typeid=i","cat":284489},{"id":19643,"n":"Muesli Floconneux Bio Village Fruits secs Bio - 500g","p":2.13,"u":"4,26 €/KG","img":"https://fd6-photos.leclercdrive.fr/image.ashx?id=2705095&use=l&cat=p&typeid=i","cat":309512},{"id":19660,"n":"Cordons bleus Pic'Express Au poulet 4x100g","p":3.47,"u":"8,68 €/KG","img":"https://fd6-photos.leclercdrive.fr/image.ashx?id=2852949&use=l&cat=p&typeid=i","cat":319780},{"id":19684,"n":"tofu nature bio bjorg  - 2x200g","p":2.67,"u":"6,68 €/KG","img":"https://fd6-photos.leclercdrive.fr/image.ashx?id=2907979&use=l&cat=p&typeid=i","cat":284953},{"id":19702,"n":"Sucre en poudre Béghin Say 750g","p":1.73,"u":"2,31 €/KG","img":"https://fd6-photos.leclercdrive.fr/image.ashx?id=2866352&use=l&cat=p&typeid=i","cat":284502},{"id":19704,"n":"Sardines NRT St-Gilles Label Rouge à l'huile - 115g","p":2.25,"u":"19,57 €/KG","img":"https://fd6-photos.leclercdrive.fr/image.ashx?id=2791090&use=l&cat=p&typeid=i","cat":305146},{"id":19719,"n":"Yaourts Lait entier Bio Village Bio Vanille - 4x125g","p":1.25,"u":"2,50 €/KG","img":"https://fd6-photos.leclercdrive.fr/image.ashx?id=2702336&use=l&cat=p&typeid=i","cat":286006},{"id":19723,"n":"Sacs congélation zip Elembal Grand x15","p":1.8,"u":"0,12 €/P","img":"https://fd6-photos.leclercdrive.fr/image.ashx?id=2751889&use=l&cat=p&typeid=i","cat":334134},{"id":19729,"n":"Biscuit P'tit Déli Palmiers Chocolat au lait 110g","p":1.25,"u":"11,36 €/KG","img":"https://fd6-photos.leclercdrive.fr/image.ashx?id=2573403&use=l&cat=p&typeid=i","cat":284488},{"id":19732,"n":"Les p'tites spirales P'tit Déli Chocolat  x6 - 150g","p":1.35,"u":"9,00 €/KG","img":"https://fd6-photos.leclercdrive.fr/image.ashx?id=2660422&use=l&cat=p&typeid=i","cat":284495},{"id":19743,"n":"Déodorant atomiseur Carré Homme Musc 200ml","p":1.35,"u":"6,75 €/L","img":"https://fd6-photos.leclercdrive.fr/image.ashx?id=2375998&use=l&cat=p&typeid=i","cat":284618},{"id":19744,"n":"Déodorant atomiseur Carré Homme Marine 200ml","p":1.35,"u":"6,75 €/L","img":"https://fd6-photos.leclercdrive.fr/image.ashx?id=2390707&use=l&cat=p&typeid=i","cat":284618},{"id":19750,"n":"Cotons Duo Démaquillants Inell Duo carré - Disques x50","p":1.24,"u":"0,02 €/P","img":"https://fd6-photos.leclercdrive.fr/image.ashx?id=1709937&use=l&cat=p&typeid=i","cat":285593},{"id":19756,"n":"Gaufres fines du Nord NRT 300g","p":3.5,"u":"11,67 €/KG","img":"https://fd6-photos.leclercdrive.fr/image.ashx?id=2622320&use=l&cat=p&typeid=i","cat":284487},{"id":19758,"n":"Essuie-tout Bobine Uni Vert Compact - 500 feuilles x1","p":4.5,"img":"https://fd6-photos.leclercdrive.fr/image.ashx?id=2684826&use=l&cat=p&typeid=i","cat":284635},{"id":19788,"n":"Stick lèvres Inell Hydratant - 2 pièces","p":1.5,"u":"0,75 €/P","img":"https://fd6-photos.leclercdrive.fr/image.ashx?id=2776042&use=l&cat=p&typeid=i","cat":285485},{"id":19796,"n":"Papier aluminium Elembal 30m","p":2.75,"img":"https://fd6-photos.leclercdrive.fr/image.ashx?id=2940905&use=l&cat=p&typeid=i","cat":334134},{"id":19798,"n":"Dissolvant doux Inell Sans acétone - 150ml","p":1.42,"u":"9,47 €/L","img":"https://fd6-photos.leclercdrive.fr/image.ashx?id=2691640&use=l&cat=p&typeid=i","cat":325347},{"id":19814,"n":"Piles alcalines Foxter AA/LR6 1,5V - x8","p":1.69,"u":"0,21 €/P","img":"https://fd6-photos.leclercdrive.fr/image.ashx?id=2162174&use=l&cat=p&typeid=i","cat":300572},{"id":19815,"n":"Piles alcalines Foxter AAA/LR3 1,5V - x8","p":1.69,"img":"https://fd6-photos.leclercdrive.fr/image.ashx?id=2162153&use=l&cat=p&typeid=i","cat":300572},{"id":19856,"n":"Pâtes Barilla Coquillettes - 1kg","p":1.85,"u":"1,85 €/KG","img":"https://fd6-photos.leclercdrive.fr/image.ashx?id=2392230&use=l&cat=p&typeid=i","cat":284427},{"id":19868,"n":"Gâteau de riz Délisse 500g","p":1.79,"u":"3,58 €/KG","img":"https://fd6-photos.leclercdrive.fr/image.ashx?id=2583864&use=l&cat=p&typeid=i","cat":284418},{"id":19874,"n":"Clafoutis La Laitière Aux cerises - 4x85g","p":2.6,"u":"7,65 €/KG","img":"https://fd6-photos.leclercdrive.fr/image.ashx?id=2628230&use=l&cat=p&typeid=i","cat":284419},{"id":19875,"n":"Clafoutis La Laitière Aux abricots - 4x85g","p":2.71,"u":"7,97 €/KG","img":"https://fd6-photos.leclercdrive.fr/image.ashx?id=3007975&use=l&cat=p&typeid=i","cat":284419},{"id":19877,"n":"Mozzarella Spécial Cuisine Les Croisés - 400g","p":2.94,"u":"7,35 €/KG","img":"https://fd6-photos.leclercdrive.fr/image.ashx?id=2992531&use=l&cat=p&typeid=i","cat":314026},{"id":19879,"n":"Liégois Délisse Framboise - 4x100g","p":1.69,"u":"4,23 €/KG","img":"https://fd6-photos.leclercdrive.fr/image.ashx?id=2694280&use=l&cat=p&typeid=i","cat":285042},{"id":19881,"n":"Dés Salakis herbes de Provence Fromage brebis - 300g","p":3.27,"u":"10,90 €/KG","img":"https://fd6-photos.leclercdrive.fr/image.ashx?id=2729686&use=l&cat=p&typeid=i","cat":314026},{"id":19898,"n":"Oeufs frais Matines x12","p":2.94,"u":"0,25 €/P","img":"https://fd6-photos.leclercdrive.fr/image.ashx?id=2796231&use=l&cat=p&typeid=i","cat":284378},{"id":19909,"n":"Yaourts Lait entier Bio Village Bio Vanille - 12x125g","p":3.22,"u":"2,15 €/KG","img":"https://fd6-photos.leclercdrive.fr/image.ashx?id=2032376&use=l&cat=p&typeid=i","cat":286006},{"id":19913,"n":"Mousse liégeoise Viennois  Chocolat - 4x90g","p":1.62,"u":"4,50 €/KG","img":"https://fd6-photos.leclercdrive.fr/image.ashx?id=2785172&use=l&cat=p&typeid=i","cat":285042},{"id":19933,"n":"Pizza Crousti-moelleuse Marie Royale - 3x400g","p":7.3,"u":"6,08 €/KG","img":"https://fd6-photos.leclercdrive.fr/image.ashx?id=2996800&use=l&cat=p&typeid=i","cat":284256},{"id":19935,"n":"Pizza Crousti-moelleuse Marie 4 fromages - 3x390g","p":6.74,"u":"5,76 €/KG","img":"https://fd6-photos.leclercdrive.fr/image.ashx?id=2996803&use=l&cat=p&typeid=i","cat":284256},{"id":19948,"n":"fromage blanc sous mousse gervita fraise melba - 4x100g","p":2.31,"u":"5,78 €/KG","img":"https://fd6-photos.leclercdrive.fr/image.ashx?id=2103400&use=l&cat=p&typeid=i","cat":284409},{"id":19957,"n":"Purée brocolis Notre Jardin Nature 750g","p":1.69,"u":"2,25 €/KG","img":"https://fd6-photos.leclercdrive.fr/image.ashx?id=2856163&use=l&cat=p&typeid=i","cat":319805},{"id":19960,"n":"Purée carottes Notre Jardin Nature 750g","p":2.43,"u":"3,24 €/KG","img":"https://fd6-photos.leclercdrive.fr/image.ashx?id=2856166&use=l&cat=p&typeid=i","cat":319805},{"id":19991,"n":"Fromage frais Délisse Fruits panachés - 6x100g","p":2.56,"u":"4,27 €/KG","img":"https://fd6-photos.leclercdrive.fr/image.ashx?id=1875491&use=l&cat=p&typeid=i","cat":284414},{"id":19993,"n":"Crème dessert Délisse Vanille sur lit chocolat 4x125g","p":1.41,"u":"2,82 €/KG","img":"https://fd6-photos.leclercdrive.fr/image.ashx?id=2841950&use=l&cat=p&typeid=i","cat":285041},{"id":20010,"n":"Yaourts lait entier nature Bio  Bio village - 12x125g","p":2.46,"u":"1,64 €/KG","img":"https://fd6-photos.leclercdrive.fr/image.ashx?id=2102992&use=l&cat=p&typeid=i","cat":284409},{"id":20013,"n":"Compote Charles & Alice Pommes Abricots - 4x100g","p":1.43,"u":"3,58 €/KG","img":"https://fd6-photos.leclercdrive.fr/image.ashx?id=2757350&use=l&cat=p&typeid=i","cat":284416},{"id":20015,"n":"Compote Charles & Alice Pommes Pêches - 4x100g","p":1.8,"u":"4,50 €/KG","img":"https://fd6-photos.leclercdrive.fr/image.ashx?id=2757680&use=l&cat=p&typeid=i","cat":284416},{"id":20030,"n":"Mayonnaise Colona Tube 500ml","p":2.98,"u":"5,96 €/L","img":"https://fd6-photos.leclercdrive.fr/image.ashx?id=2687176&use=l&cat=p&typeid=i","cat":298295},{"id":20031,"n":"Sauce Hannibal Colona 500ml","p":2.84,"u":"5,68 €/L","img":"https://fd6-photos.leclercdrive.fr/image.ashx?id=2687179&use=l&cat=p&typeid=i","cat":318431},{"id":20032,"n":"Whisky Jack Daniel's Old N°7 1L","p":28.5,"pp":25.65,"u":"25,65 €/L","img":"https://fd6-photos.leclercdrive.fr/image.ashx?id=2805189&use=l&cat=p&typeid=i","cat":284547},{"id":20033,"n":"Bière brune Leffe 6,5% - 75cl","p":3.02,"u":"4,03 €/L","img":"https://fd6-photos.leclercdrive.fr/image.ashx?id=2457482&use=l&cat=p&typeid=i","cat":334852},{"id":20038,"n":"Crème aux œufs La Laitière lit de caramel - 4x100g","p":1.86,"u":"4,65 €/KG","img":"https://fd6-photos.leclercdrive.fr/image.ashx?id=2744593&use=l&cat=p&typeid=i","cat":284419},{"id":20042,"n":"Bière blonde Leffe Rituel 9% - 75cl","p":3.3,"u":"4,40 €/L","img":"https://fd6-photos.leclercdrive.fr/image.ashx?id=1890052&use=l&cat=p&typeid=i","cat":334852},{"id":20044,"n":"Bière Leffe Ruby 5% - 75cl","p":3.05,"u":"4,07 €/L","img":"https://fd6-photos.leclercdrive.fr/image.ashx?id=1589629&use=l&cat=p&typeid=i","cat":334878},{"id":20047,"n":"Bière belge blonde Kasteel 11%vol. - 33cl","p":2.01,"u":"6,09 €/L","img":"https://fd6-photos.leclercdrive.fr/image.ashx?id=2483215&use=l&cat=p&typeid=i","cat":334872},{"id":20050,"n":"Bière belge Duvel 8,5%vol. - 33cl","p":1.92,"u":"5,82 €/L","img":"https://fd6-photos.leclercdrive.fr/image.ashx?id=2389304&use=l&cat=p&typeid=i","cat":334872},{"id":20060,"n":"Biscuits Gouda Delacre Canasta  Fourrés fromage - 75g","p":1.55,"u":"20,67 €/KG","img":"https://fd6-photos.leclercdrive.fr/image.ashx?id=2661841&use=l&cat=p&typeid=i","cat":297000},{"id":20075,"n":"Corned beef Hereford 340g","p":3.59,"u":"10,56 €/KG","img":"https://fd6-photos.leclercdrive.fr/image.ashx?id=2896946&use=l&cat=p&typeid=i","cat":305149},{"id":20081,"n":"Eau minérale naturelle St Amand Bouchon sport - 12x33cl","p":2.84,"u":"0,72 €/L","img":"https://fd6-photos.leclercdrive.fr/image.ashx?id=2877763&use=l&cat=p&typeid=i","cat":284535},{"id":20085,"n":"Bière bleue Chimay Brune - 9%vol. - 33cl","p":1.86,"u":"5,64 €/L","img":"https://fd6-photos.leclercdrive.fr/image.ashx?id=1758849&use=l&cat=p&typeid=i","cat":334872},{"id":20086,"n":"Bière brune Chimay Rouge - 7%vol. - 33cl","p":1.65,"u":"5,00 €/L","img":"https://fd6-photos.leclercdrive.fr/image.ashx?id=1758843&use=l&cat=p&typeid=i","cat":334872},{"id":20099,"n":"Boules Démanquillantes Inell x100","p":1.4,"u":"0,01 €/P","img":"https://fd6-photos.leclercdrive.fr/image.ashx?id=2558802&use=l&cat=p&typeid=i","cat":285593},{"id":20109,"n":"Whisky Bourbon John Davon's 40%vol. - 70cl","p":13.15,"u":"18,79 €/L","img":"https://fd6-photos.leclercdrive.fr/image.ashx?id=2907177&use=l&cat=p&typeid=i","cat":284547},{"id":20138,"n":"Chips Pom'Lisse Nature - 200g","p":1.19,"u":"5,95 €/KG","img":"https://fd6-photos.leclercdrive.fr/image.ashx?id=2710783&use=l&cat=p&typeid=i","cat":284447},{"id":20146,"n":"Brique de brebis Les Croisés 150g","p":2.45,"u":"16,33 €/KG","img":"https://fd6-photos.leclercdrive.fr/image.ashx?id=2645903&use=l&cat=p&typeid=i","cat":314031},{"id":20150,"n":"Sucre roux semoule Graeffe 1kg","p":3.13,"u":"3,13 €/KG","img":"https://fd6-photos.leclercdrive.fr/image.ashx?id=1793724&use=l&cat=p&typeid=i","cat":284502},{"id":20154,"n":"Pâtes Barilla Macaroni - 1kg","p":1.93,"u":"1,93 €/KG","img":"https://fd6-photos.leclercdrive.fr/image.ashx?id=2602317&use=l&cat=p&typeid=i","cat":284427},{"id":20172,"n":"Petits pots bébé P'TIT SOUPER Aubergine pâtes 8M+ - 2x200g","p":2.06,"u":"5,15 €/KG","img":"https://fd6-photos.leclercdrive.fr/image.ashx?id=2526511&use=l&cat=p&typeid=i","cat":312239},{"id":20175,"n":"Petits pots bébé P'TIT SOUPER  7 légumes 8M+ - 2x200g","p":1.67,"u":"4,18 €/KG","img":"https://fd6-photos.leclercdrive.fr/image.ashx?id=2526508&use=l&cat=p&typeid=i","cat":312239},{"id":20180,"n":"Crème Fraîche Elle&Vire Epaisse Légère - 12% MG - 33cl","p":1.64,"u":"4,97 €/L","img":"https://fd6-photos.leclercdrive.fr/image.ashx?id=2871949&use=l&cat=p&typeid=i","cat":284381},{"id":20183,"n":"Emmental français Entremont 45%mg - 250g","p":2.75,"u":"11,00 €/KG","img":"https://fd6-photos.leclercdrive.fr/image.ashx?id=2983138&use=l&cat=p&typeid=i","cat":314034},{"id":20195,"n":"Camembert Isigny Ste Mère Au lait cru - 250g","p":3.4,"u":"13,60 €/KG","img":"https://fd6-photos.leclercdrive.fr/image.ashx?id=2284415&use=l&cat=p&typeid=i","cat":314033},{"id":20213,"n":"Camembert Cœur de Lion  8 portions - 240g","p":2.32,"u":"9,67 €/KG","img":"https://fd6-photos.leclercdrive.fr/image.ashx?id=2767962&use=l&cat=p&typeid=i","cat":314033},{"id":20217,"n":"Préparation pour crème brûlée Délisse - 2x100g","p":1.45,"u":"7,25 €/KG","img":"https://fd6-photos.leclercdrive.fr/image.ashx?id=2686464&use=l&cat=p&typeid=i","cat":284419},{"id":20218,"n":"Mozzarella vache Casa Azzurra Boule - 125g","p":0.95,"u":"7,60 €/KG","img":"https://fd6-photos.leclercdrive.fr/image.ashx?id=2904302&use=l&cat=p&typeid=i","cat":314026},{"id":20220,"n":"Flan Délisse Chocolat - 12x100g","p":3.38,"u":"2,82 €/KG","img":"https://fd6-photos.leclercdrive.fr/image.ashx?id=2362264&use=l&cat=p&typeid=i","cat":284420},{"id":20221,"n":"Mascarpone Casa Azzurra 250g","p":2.5,"u":"10,00 €/KG","img":"https://fd6-photos.leclercdrive.fr/image.ashx?id=2290266&use=l&cat=p&typeid=i","cat":314026},{"id":20222,"n":"Ricotta Casa Azzurra 250g","p":1.54,"u":"6,16 €/KG","img":"https://fd6-photos.leclercdrive.fr/image.ashx?id=1849630&use=l&cat=p&typeid=i","cat":314026},{"id":20228,"n":"Crème aux oeufs Délisse Lit caramel - 4x100g","p":1.6,"u":"4,00 €/KG","img":"https://fd6-photos.leclercdrive.fr/image.ashx?id=2340003&use=l&cat=p&typeid=i","cat":284419},{"id":20230,"n":"Semoule au lait Délisse Vanille - 8x115g","p":2.16,"u":"2,35 €/KG","img":"https://fd6-photos.leclercdrive.fr/image.ashx?id=2558380&use=l&cat=p&typeid=i","cat":284418},{"id":20239,"n":"Gâteaux fourrés P'tit Déli Chocolat x7 - 189g","p":2.19,"u":"11,59 €/KG","img":"https://fd6-photos.leclercdrive.fr/image.ashx?id=2554517&use=l&cat=p&typeid=i","cat":284495},{"id":20244,"n":"Compotes Pom'Potes Gourdes BIO  Pomme Nature - 12x90g","p":6.27,"u":"5,81 €/KG","img":"https://fd6-photos.leclercdrive.fr/image.ashx?id=2901608&use=l&cat=p&typeid=i","cat":284508},{"id":20258,"n":"Biscuit bio Céréal Bio  Chocolat Noir intense - 132g","p":1.66,"u":"12,58 €/KG","img":"https://fd6-photos.leclercdrive.fr/image.ashx?id=2574278&use=l&cat=p&typeid=i","cat":284487},{"id":20288,"n":"Soufflés Snack's Tokapi Cacahuète - 55g","p":0.39,"u":"7,09 €/KG","img":"https://fd6-photos.leclercdrive.fr/image.ashx?id=2844517&use=l&cat=p&typeid=i","cat":284449},{"id":20291,"n":"Déodorant bille Manava Vanille 50ml","p":1.29,"u":"25,80 €/L","img":"https://fd6-photos.leclercdrive.fr/image.ashx?id=2481213&use=l&cat=p&typeid=i","cat":284595},{"id":20292,"n":"Déodorant bille Manava Anti traces 50ml","p":0.69,"u":"13,80 €/L","img":"https://fd6-photos.leclercdrive.fr/image.ashx?id=2481216&use=l&cat=p&typeid=i","cat":284595},{"id":20299,"n":"AOC Saint Mont rouge  Marquis de Seillan - 75cl","p":4.99,"pp":3.29,"u":"4,39 €/L","img":"https://fd6-photos.leclercdrive.fr/image.ashx?id=2753982&use=l&cat=p&typeid=i","cat":289556},{"id":20300,"n":"Tarte Tomates Chèvre Courgette Côté Table - 400g","p":2.79,"u":"6,98 €/KG","img":"https://fd6-photos.leclercdrive.fr/image.ashx?id=2791767&use=l&cat=p&typeid=i","cat":284257},{"id":20309,"n":"Jambon supérieur Tradilège -25% de sel - Découenné x4-160g","p":1.95,"u":"12,19 €/KG","img":"https://fd6-photos.leclercdrive.fr/image.ashx?id=2153186&use=l&cat=p&typeid=i","cat":316009},{"id":20329,"n":"Le Breizh Surimi  Compagnie des pêche x30 - 500g","p":4.25,"u":"8,50 €/KG","img":"https://fd6-photos.leclercdrive.fr/image.ashx?id=2973129&use=l&cat=p&typeid=i","cat":285189},{"id":20375,"n":"Saucisson Justin Bridou Bâton de Berger Noisette - 250g","p":4.81,"u":"19,24 €/KG","img":"https://fd6-photos.leclercdrive.fr/image.ashx?id=2948054&use=l&cat=p&typeid=i","cat":316006},{"id":20382,"n":"Saucisse Fuet Original Tournebon - 170g","p":3.33,"u":"19,59 €/KG","img":"https://fd6-photos.leclercdrive.fr/image.ashx?id=2166145&use=l&cat=p&typeid=i","cat":316006},{"id":20397,"n":"Tagliatelles Weight Watchers Poulet champignons 300g","p":3.44,"u":"11,47 €/KG","img":"https://fd6-photos.leclercdrive.fr/image.ashx?id=2960759&use=l&cat=p&typeid=i","cat":333665},{"id":20408,"n":"Déodorant bille Carré homme Anti traces et transpirant 50ml","p":0.69,"u":"13,80 €/L","img":"https://fd6-photos.leclercdrive.fr/image.ashx?id=2596772&use=l&cat=p&typeid=i","cat":284618},{"id":20413,"n":"Petites gambas fettucine Marie Au pesto tomates confites 280g","p":3.15,"u":"11,25 €/KG","img":"https://fd6-photos.leclercdrive.fr/image.ashx?id=2921537&use=l&cat=p&typeid=i","cat":333665},{"id":20414,"n":"Essuie-tout blanc Mimosa Super absorbant - x2","p":2.75,"u":"1,38 €/P","img":"https://fd6-photos.leclercdrive.fr/image.ashx?id=2727371&use=l&cat=p&typeid=i","cat":284635},{"id":20418,"n":"Cabillaud au citron Marie Printanière de légumes - 290g","p":3.42,"u":"11,79 €/KG","img":"https://fd6-photos.leclercdrive.fr/image.ashx?id=2317417&use=l&cat=p&typeid=i","cat":333665},{"id":20447,"n":"Chips Pom'lisse Nature - 350g","p":1.89,"u":"5,40 €/KG","img":"https://fd6-photos.leclercdrive.fr/image.ashx?id=2710786&use=l&cat=p&typeid=i","cat":284447},{"id":20452,"n":"Paëlla Valenciana Fleury Michon 400g","p":3.74,"u":"9,35 €/KG","img":"https://fd6-photos.leclercdrive.fr/image.ashx?id=2656739&use=l&cat=p&typeid=i","cat":333665},{"id":20455,"n":"Taboulé à la menthe Bonduelle 300g","p":1.38,"u":"4,60 €/KG","img":"https://fd6-photos.leclercdrive.fr/image.ashx?id=2907893&use=l&cat=p&typeid=i","cat":333657},{"id":20468,"n":"Blanc de poulet Fleury Michon -25% de sel - x2 - 80g","p":1.43,"u":"17,88 €/KG","img":"https://fd6-photos.leclercdrive.fr/image.ashx?id=2885971&use=l&cat=p&typeid=i","cat":316010},{"id":20476,"n":"Cocktail Punch Old Nick Coco 16%vol. - 70cl","p":5.38,"u":"7,69 €/L","img":"https://fd6-photos.leclercdrive.fr/image.ashx?id=2999213&use=l&cat=p&typeid=i","cat":284551},{"id":20484,"n":"AOP Cabernet d'Anjou rosé Plessis-Duval - 75cl","p":4.61,"u":"6,15 €/L","img":"https://fd6-photos.leclercdrive.fr/image.ashx?id=2941035&use=l&cat=p&typeid=i","cat":289558},{"id":20488,"n":"Crème de cassis de Dijon Guyot 15%vol. - 70cl","p":5.95,"pp":4.16,"u":"5,94 €/L","img":"https://fd6-photos.leclercdrive.fr/image.ashx?id=1727598&use=l&cat=p&typeid=i","cat":286032},{"id":20495,"n":"Boisson Jafaden Cranberry Light - 1L","p":1.59,"u":"1,59 €/L","img":"https://fd6-photos.leclercdrive.fr/image.ashx?id=2584014&use=l&cat=p&typeid=i","cat":284915},{"id":20501,"n":"Yaourts aux fruits Délisse Fruits Jaunes - 8x125g","p":2.29,"u":"2,29 €/KG","img":"https://fd6-photos.leclercdrive.fr/image.ashx?id=2533319&use=l&cat=p&typeid=i","cat":284410},{"id":20545,"n":"Haricots verts Bio Bio Village 600g","p":1.46,"u":"2,43 €/KG","img":"https://fd6-photos.leclercdrive.fr/image.ashx?id=2891812&use=l&cat=p&typeid=i","cat":319805},{"id":20603,"n":"Sauce à l'Echalote Rustica Déshydratée 33g","p":0.68,"u":"20,61 €/KG","img":"https://fd6-photos.leclercdrive.fr/image.ashx?id=2188835&use=l&cat=p&typeid=i","cat":288381},{"id":20612,"n":"Thon Pêche Océan A la catalane - 2x135g","p":1.87,"u":"6,93 €/KG","img":"https://fd6-photos.leclercdrive.fr/image.ashx?id=2941432&use=l&cat=p&typeid=i","cat":303867},{"id":20627,"n":"Chipolatas Férial x12 - 660g","p":7.29,"u":"11,05 €/KG","img":"https://fd6-photos.leclercdrive.fr/image.ashx?id=2837099&use=l&cat=p&typeid=i","cat":284334},{"id":20628,"n":"Merguez Férial x12 - 660g","p":7.39,"u":"11,20 €/KG","img":"https://fd6-photos.leclercdrive.fr/image.ashx?id=2852285&use=l&cat=p&typeid=i","cat":284334},{"id":20634,"n":"Lait céréales Blédidej 6 mois Vanille - 4x250ml","p":3.28,"u":"3,28 €/L","img":"https://fd6-photos.leclercdrive.fr/image.ashx?id=2921046&use=l&cat=p&typeid=i","cat":312226},{"id":20635,"n":"Litière agglomérante Catsan  Pour chat - 5L","p":6.22,"u":"1,24 €/L","img":"https://fd6-photos.leclercdrive.fr/image.ashx?id=2681925&use=l&cat=p&typeid=i","cat":284683},{"id":20646,"n":"Filtre à thé Britley x30","p":1.64,"u":"0,05 €/P","img":"https://fd6-photos.leclercdrive.fr/image.ashx?id=2755058&use=l&cat=p&typeid=i","cat":293233},{"id":20648,"n":"Maquereaux Pêche Océan Moutarde à l'ancienne - 169g","p":1.66,"u":"9,82 €/KG","img":"https://fd6-photos.leclercdrive.fr/image.ashx?id=2515676&use=l&cat=p&typeid=i","cat":303868},{"id":20653,"n":"Lait démaquillant Inell Peaux normales et mixtes 250ml","p":1.89,"u":"7,56 €/L","img":"https://fd6-photos.leclercdrive.fr/image.ashx?id=2691619&use=l&cat=p&typeid=i","cat":284603},{"id":20683,"n":"Pommes duchesse Pom'lisse 750g","p":1.31,"u":"1,75 €/KG","img":"https://fd6-photos.leclercdrive.fr/image.ashx?id=2851577&use=l&cat=p&typeid=i","cat":319792},{"id":20684,"n":"Cordon bleu de poulet Eco+ 800g","p":3.94,"u":"4,93 €/KG","img":"https://fd6-photos.leclercdrive.fr/image.ashx?id=2779871&use=l&cat=p&typeid=i","cat":319780},{"id":20685,"n":"Purée 4 légumes Notre Jardin 750g","p":2.24,"u":"2,99 €/KG","img":"https://fd6-photos.leclercdrive.fr/image.ashx?id=2856160&use=l&cat=p&typeid=i","cat":319805},{"id":20686,"n":"Haricots plats Notre Jardin 1kg","p":1.79,"u":"1,79 €/KG","img":"https://fd6-photos.leclercdrive.fr/image.ashx?id=2431122&use=l&cat=p&typeid=i","cat":319805},{"id":20688,"n":"Tagliatelles carbonara Marie 330g","p":3.17,"u":"9,61 €/KG","img":"https://fd6-photos.leclercdrive.fr/image.ashx?id=2980920&use=l&cat=p&typeid=i","cat":333665},{"id":20692,"n":"Filet de saumon Fleury Michon purée de brocolis - 300g","p":3.82,"u":"12,73 €/KG","img":"https://fd6-photos.leclercdrive.fr/image.ashx?id=3003278&use=l&cat=p&typeid=i","cat":333665},{"id":20697,"n":"Sandwich Suédois Sodebo Jambon Cheddar 135g","p":1.53,"u":"11,33 €/KG","img":"https://fd6-photos.leclercdrive.fr/image.ashx?id=2912095&use=l&cat=p&typeid=i","cat":333658},{"id":20700,"n":"Macaroni sauce tomate Marie Boulettes de viande 280g","p":2.7,"u":"9,64 €/KG","img":"https://fd6-photos.leclercdrive.fr/image.ashx?id=2980968&use=l&cat=p&typeid=i","cat":333665},{"id":20706,"n":"Salade Notre jardin Bouquets de Mâche - 45g","p":0.61,"u":"13,56 €/KG","img":"https://fd6-photos.leclercdrive.fr/image.ashx?id=2850315&use=l&cat=p&typeid=i","cat":284353},{"id":20717,"n":"Sirop Frucci Cassis - 1L","p":3.11,"u":"3,11 €/L","img":"https://fd6-photos.leclercdrive.fr/image.ashx?id=2954079&use=l&cat=p&typeid=i","cat":295020},{"id":20721,"n":"Epinards Bonduelle Feuilles préservées - 750g","p":2.14,"u":"2,85 €/KG","img":"https://fd6-photos.leclercdrive.fr/image.ashx?id=2910028&use=l&cat=p&typeid=i","cat":319805},{"id":20724,"n":"Cheeseburger Charal 6x140g - 840g","p":8.67,"u":"10,32 €/KG","img":"https://fd6-photos.leclercdrive.fr/image.ashx?id=2741952&use=l&cat=p&typeid=i","cat":319822},{"id":20726,"n":"Yaourts Malo Nature Bio - 4x125g","p":1.74,"u":"3,48 €/KG","img":"https://fd6-photos.leclercdrive.fr/image.ashx?id=2908630&use=l&cat=p&typeid=i","cat":284409},{"id":20727,"n":"Yaourts Malo Vanille Bio - 4x125g","p":2.12,"u":"4,24 €/KG","img":"https://fd6-photos.leclercdrive.fr/image.ashx?id=2908633&use=l&cat=p&typeid=i","cat":286006},{"id":20744,"n":"Philadelphia Nature - 150g","p":1.78,"u":"11,87 €/KG","img":"https://fd6-photos.leclercdrive.fr/image.ashx?id=1586142&use=l&cat=p&typeid=i","cat":314029},{"id":20758,"n":"Riz cantonais Tables du Monde 900g","p":3.99,"u":"4,43 €/KG","img":"https://fd6-photos.leclercdrive.fr/image.ashx?id=2903953&use=l&cat=p&typeid=i","cat":284254},{"id":20762,"n":"Légumes vapeurs Notre Jardin Méditerranéens 2x200g","p":1.8,"u":"4,50 €/KG","img":"https://fd6-photos.leclercdrive.fr/image.ashx?id=2916689&use=l&cat=p&typeid=i","cat":319805},{"id":20775,"n":"Carottes râpées Menu Fraîcheur  1kg","p":1.98,"u":"1,98 €/KG","img":"https://fd6-photos.leclercdrive.fr/image.ashx?id=2850814&use=l&cat=p&typeid=i","cat":333657},{"id":20776,"n":"Taboulé Menu Fraîcheur A l'orientale - 1kg","p":2.77,"u":"2,77 €/KG","img":"https://fd6-photos.leclercdrive.fr/image.ashx?id=2846559&use=l&cat=p&typeid=i","cat":333657},{"id":20777,"n":"Piémontaise Menu Fraîcheur  Au jambon - 1kg","p":4.27,"u":"4,27 €/KG","img":"https://fd6-photos.leclercdrive.fr/image.ashx?id=2965488&use=l&cat=p&typeid=i","cat":333657},{"id":20789,"n":"Déodorant Carré Homme Anti-transpirant 200ml","p":1.35,"u":"6,75 €/L","img":"https://fd6-photos.leclercdrive.fr/image.ashx?id=2610693&use=l&cat=p&typeid=i","cat":284618},{"id":20792,"n":"Cire Institut Siliss Professionnelle - 400g","p":5.6,"u":"14,00 €/KG","img":"https://fd6-photos.leclercdrive.fr/image.ashx?id=2699684&use=l&cat=p&typeid=i","cat":325351},{"id":20828,"n":"AOP Côtes de Bourg rouge Château du Bousquet - 75cl","p":8.41,"u":"11,21 €/L","img":"https://fd6-photos.leclercdrive.fr/image.ashx?id=2313942&use=l&cat=p&typeid=i","cat":289556},{"id":20834,"n":"AOP Saumur Champigny rouge Charles de Villeneuve - 75cl","p":5.95,"pp":4.46,"u":"5,95 €/L","img":"https://fd6-photos.leclercdrive.fr/image.ashx?id=2859275&use=l&cat=p&typeid=i","cat":289556},{"id":20840,"n":"Yaourts Mamie Nova Panaché de fruits - 6x150g","p":3.41,"u":"3,79 €/KG","img":"https://fd6-photos.leclercdrive.fr/image.ashx?id=2886954&use=l&cat=p&typeid=i","cat":284410},{"id":20856,"n":"Chipolatas aux herbes Férial 330g","p":3.49,"u":"10,58 €/KG","img":"https://fd6-photos.leclercdrive.fr/image.ashx?id=2590529&use=l&cat=p&typeid=i","cat":284334},{"id":20858,"n":"Saucisses de Toulouse Férial x4 - 500g","p":4.16,"u":"8,32 €/KG","img":"https://fd6-photos.leclercdrive.fr/image.ashx?id=2590538&use=l&cat=p&typeid=i","cat":284334},{"id":20862,"n":"Sauce Provençale Turini 190g","p":0.58,"u":"3,05 €/KG","img":"https://fd6-photos.leclercdrive.fr/image.ashx?id=2386152&use=l&cat=p&typeid=i","cat":287599},{"id":20863,"n":"Allumettes de bacon Herta Fumées 200g","p":2.09,"u":"10,45 €/KG","img":"https://fd6-photos.leclercdrive.fr/image.ashx?id=2876242&use=l&cat=p&typeid=i","cat":316011},{"id":20872,"n":"Pains au chocolat pur beurre  6x1 p","p":3.2,"u":"0,53 €/P","img":"https://fd6-photos.leclercdrive.fr/image.ashx?id=2071001&use=l&cat=p&typeid=i","cat":284984},{"id":20882,"n":"Colin pané Alaska Cité Marine MSC - 200g","p":2.5,"u":"12,50 €/KG","img":"https://fd6-photos.leclercdrive.fr/image.ashx?id=2844142&use=l&cat=p&typeid=i","cat":284344},{"id":20986,"n":"Sauce Napolitaine Turini 190g","p":0.85,"u":"4,47 €/KG","img":"https://fd6-photos.leclercdrive.fr/image.ashx?id=2552430&use=l&cat=p&typeid=i","cat":287599},{"id":20987,"n":"Liqueur Litchi Soho 15%vol. - 70cl","p":8.25,"pp":6.25,"u":"8,93 €/L","img":"https://fd6-photos.leclercdrive.fr/image.ashx?id=2971927&use=l&cat=p&typeid=i","cat":286032},{"id":21017,"n":"Poisson Pané Findus  Colin d'Alaska - x10 - 510g","p":4.26,"u":"8,35 €/KG","img":"https://fd6-photos.leclercdrive.fr/image.ashx?id=2735332&use=l&cat=p&typeid=i","cat":319788},{"id":21027,"n":"Sauce bolognaise Turini 190g","p":0.85,"u":"4,47 €/KG","img":"https://fd6-photos.leclercdrive.fr/image.ashx?id=2634869&use=l&cat=p&typeid=i","cat":287599},{"id":21040,"n":"Whisky Monkey Shoulder 40%vol - 70cl","p":24.8,"pp":22.8,"u":"32,57 €/L","img":"https://fd6-photos.leclercdrive.fr/image.ashx?id=2917528&use=l&cat=p&typeid=i","cat":284547},{"id":21081,"n":"Bière blonde Rince Cochon 50cl","p":1.83,"u":"3,66 €/L","img":"https://fd6-photos.leclercdrive.fr/image.ashx?id=2021232&use=l&cat=p&typeid=i","cat":334853},{"id":21115,"n":"Lambrusco Rosato Vilaveroni 75cl","p":4.15,"u":"5,53 €/L","img":"https://fd6-photos.leclercdrive.fr/image.ashx?id=2333030&use=l&cat=p&typeid=i","cat":289558},{"id":21221,"n":"Déodorant bille Nivea  Pearl & Beauty - 50ml","p":2.33,"u":"46,60 €/L","img":"https://fd6-photos.leclercdrive.fr/image.ashx?id=2871061&use=l&cat=p&typeid=i","cat":284595},{"id":21222,"n":"Déodorant Bille Homme Nivea Men Dry Impact 72H - 50ml","p":2.09,"u":"41,80 €/L","img":"https://fd6-photos.leclercdrive.fr/image.ashx?id=2865995&use=l&cat=p&typeid=i","cat":284618},{"id":21241,"n":"Spirales Insectivor Anti-moustiques - x10","p":1.74,"u":"0,17 €/P","img":"https://fd6-photos.leclercdrive.fr/image.ashx?id=2675682&use=l&cat=p&typeid=i","cat":298368},{"id":21244,"n":"Pièges anti-fourmis Insectivor x2","p":3.34,"u":"1,67 €/P","img":"https://fd6-photos.leclercdrive.fr/image.ashx?id=2302725&use=l&cat=p&typeid=i","cat":298368},{"id":21246,"n":"Pièges Insectivor Anti-mites alimentaires - x2","p":2.77,"u":"1,39 €/P","img":"https://fd6-photos.leclercdrive.fr/image.ashx?id=1962780&use=l&cat=p&typeid=i","cat":298368},{"id":21287,"n":"Délice de poulet et dinde Isla Délice Halal  - 160g","p":2.75,"u":"17,19 €/KG","img":"https://fd6-photos.leclercdrive.fr/image.ashx?id=2833687&use=l&cat=p&typeid=i","cat":316013},{"id":21326,"n":"Tapenade olives noires NRT 90g","p":1.82,"u":"20,22 €/KG","img":"https://fd6-photos.leclercdrive.fr/image.ashx?id=2873204&use=l&cat=p&typeid=i","cat":284451},{"id":21370,"n":"Emincés pour chat Tous mes amis Viande 4x390g","p":4.2,"u":"2,69 €/KG","img":"https://fd6-photos.leclercdrive.fr/image.ashx?id=2050669&use=l&cat=p&typeid=i","cat":285601},{"id":21485,"n":"Eau gazeuse La Pétillante Naturelle - 6x1L","p":2.34,"u":"0,39 €/L","img":"https://fd6-photos.leclercdrive.fr/image.ashx?id=2452966&use=l&cat=p&typeid=i","cat":284536},{"id":21502,"n":"Copie double perforée Esquisse 21x29,7cm 5x5 - 200 pages","p":1.79,"img":"https://fd6-photos.leclercdrive.fr/image.ashx?id=1929759&use=l&cat=p&typeid=i","cat":284697},{"id":21572,"n":"Baguette La Boulangère Viennoise fendue 340g","p":1.4,"u":"4,12 €/KG","img":"https://fd6-photos.leclercdrive.fr/image.ashx?id=2912392&use=l&cat=p&typeid=i","cat":284985},{"id":21573,"n":"Bonbons LUTTI Arlequin Original 250g","p":1.57,"u":"6,28 €/KG","img":"https://fd6-photos.leclercdrive.fr/image.ashx?id=2817422&use=l&cat=p&typeid=i","cat":304252},{"id":21580,"n":"Steak haché Isla Délice 100% boeuf Halal x10 800g","p":11.25,"u":"14,06 €/KG","img":"https://fd6-photos.leclercdrive.fr/image.ashx?id=2349233&use=l&cat=p&typeid=i","cat":319778},{"id":21581,"n":"Burger Isla Délice  Halal  - x10 800g","p":9.72,"u":"12,15 €/KG","img":"https://fd6-photos.leclercdrive.fr/image.ashx?id=1587519&use=l&cat=p&typeid=i","cat":319778},{"id":21584,"n":"Olives noires Crespo Dénoyautées - 170g","p":1.43,"u":"8,41 €/KG","img":"https://fd6-photos.leclercdrive.fr/image.ashx?id=2616892&use=l&cat=p&typeid=i","cat":284458},{"id":21592,"n":"Filets de cabillaud Findus MSC - x10 - 510g","p":7.71,"u":"15,12 €/KG","img":"https://fd6-photos.leclercdrive.fr/image.ashx?id=2735329&use=l&cat=p&typeid=i","cat":319788},{"id":21606,"n":"Cornichons Maille extra fins 380g","p":3.19,"u":"8,39 €/KG","img":"https://fd6-photos.leclercdrive.fr/image.ashx?id=2945826&use=l&cat=p&typeid=i","cat":284458},{"id":21609,"n":"Cornichons Extra-Fins MAILLE 220g","p":2.24,"u":"10,18 €/KG","img":"https://fd6-photos.leclercdrive.fr/image.ashx?id=2945823&use=l&cat=p&typeid=i","cat":284458},{"id":21610,"n":"Lotion fraîcheur Inell Tonique - 250ml","p":1.53,"u":"6,12 €/L","img":"https://fd6-photos.leclercdrive.fr/image.ashx?id=2694172&use=l&cat=p&typeid=i","cat":284603},{"id":21611,"n":"Lotion douceur Inell Tonique - 250ml","p":1.52,"u":"6,08 €/L","img":"https://fd6-photos.leclercdrive.fr/image.ashx?id=2707561&use=l&cat=p&typeid=i","cat":284603},{"id":21612,"n":"Liquide vaisselle Eco+ Citron 1L","p":0.66,"u":"0,66 €/L","img":"https://fd6-photos.leclercdrive.fr/image.ashx?id=2874368&use=l&cat=p&typeid=i","cat":284655},{"id":21652,"n":"Biscuits P'tit Déli Galettes Suédoise chocolat 150g","p":2.38,"u":"15,87 €/KG","img":"https://fd6-photos.leclercdrive.fr/image.ashx?id=1951046&use=l&cat=p&typeid=i","cat":284490},{"id":21655,"n":"Boîtes chiens Lydog Mitonnées Agneau poulet veau - 3x410g","p":3.9,"u":"3,17 €/KG","img":"https://fd6-photos.leclercdrive.fr/image.ashx?id=2710488&use=l&cat=p&typeid=i","cat":288578},{"id":21656,"n":"Boîte chiens Lydog Bouchées Boeuf carottes - 1,25kg","p":2.65,"u":"2,12 €/KG","img":"https://fd6-photos.leclercdrive.fr/image.ashx?id=2710491&use=l&cat=p&typeid=i","cat":288578},{"id":21658,"n":"Boîte chiens Lydog Terrines Cabillaud saumon - 1.2kg","p":2.42,"u":"1,95 €/KG","img":"https://fd6-photos.leclercdrive.fr/image.ashx?id=2493667&use=l&cat=p&typeid=i","cat":288578},{"id":21662,"n":"Boîte chiens Lydog Bouchées Poulet légumes - 1,2kg","p":2.02,"u":"1,68 €/KG","img":"https://fd6-photos.leclercdrive.fr/image.ashx?id=2548100&use=l&cat=p&typeid=i","cat":288578},{"id":21663,"n":"Bouchées au poulet foie et  aux carottes Lydog - 1.23kg","p":2.39,"u":"1,94 €/KG","img":"https://fd6-photos.leclercdrive.fr/image.ashx?id=2691225&use=l&cat=p&typeid=i","cat":288578},{"id":21676,"n":"Bûche de chèvre Ste Maure Sélection Soignon - 200g","p":2.97,"u":"14,85 €/KG","img":"https://fd6-photos.leclercdrive.fr/image.ashx?id=2799925&use=l&cat=p&typeid=i","cat":314031},{"id":21685,"n":"Nuggets de poulet Côté Croc x20 - 400g","p":3.0,"u":"7,50 €/KG","img":"https://fd6-photos.leclercdrive.fr/image.ashx?id=2837045&use=l&cat=p&typeid=i","cat":333684},{"id":21686,"n":"Saucisson sec Saint Azay Spécialité 200g","p":2.99,"u":"14,95 €/KG","img":"https://fd6-photos.leclercdrive.fr/image.ashx?id=2472053&use=l&cat=p&typeid=i","cat":316006},{"id":21687,"n":"Fromage Cheddar Burger Les Croisés 10 Tranches - 200g","p":1.25,"u":"6,25 €/KG","img":"https://fd6-photos.leclercdrive.fr/image.ashx?id=2946835&use=l&cat=p&typeid=i","cat":314028},{"id":21688,"n":"Fromage Emmental Croque Les Croisés 10 Tranches - 200g","p":1.19,"u":"5,95 €/KG","img":"https://fd6-photos.leclercdrive.fr/image.ashx?id=2893316&use=l&cat=p&typeid=i","cat":314028},{"id":21699,"n":"Crème fraîche Eco  Epaisse - 30% MG - 50cl","p":1.89,"u":"3,78 €/L","img":"https://fd6-photos.leclercdrive.fr/image.ashx?id=2981445&use=l&cat=p&typeid=i","cat":284381},{"id":21701,"n":"Glace Eco+ Vanille - 500g","p":1.25,"u":"2,50 €/KG","img":"https://fd6-photos.leclercdrive.fr/image.ashx?id=2711580&use=l&cat=p&typeid=i","cat":284263},{"id":21702,"n":"Haricots verts Eco+ Très fins - 1kg","p":1.41,"u":"1,41 €/KG","img":"https://fd6-photos.leclercdrive.fr/image.ashx?id=2847934&use=l&cat=p&typeid=i","cat":319805},{"id":21703,"n":"Fromage frais Eco+ Nature 20%MG - 1kg","p":1.79,"u":"1,79 €/KG","img":"https://fd6-photos.leclercdrive.fr/image.ashx?id=2699919&use=l&cat=p&typeid=i","cat":284409},{"id":21876,"n":"Haché moelleux Férial A la bolognaise - 500g","p":6.09,"u":"12,18 €/KG","img":"https://fd6-photos.leclercdrive.fr/image.ashx?id=2904019&use=l&cat=p&typeid=i","cat":284332},{"id":21877,"n":"Purée surgelée Pom'lisse Pommes de terre 750g","p":2.1,"u":"2,80 €/KG","img":"https://fd6-photos.leclercdrive.fr/image.ashx?id=2759777&use=l&cat=p&typeid=i","cat":319793},{"id":21911,"n":"Tomato Ketchup Heinz - 342g","p":1.48,"u":"4,33 €/KG","img":"https://fd6-photos.leclercdrive.fr/image.ashx?id=2955288&use=l&cat=p&typeid=i","cat":284455},{"id":22033,"n":"Gin Brighton's London Dry 37.5%vol - 70cl","p":9.99,"u":"14,27 €/L","img":"https://fd6-photos.leclercdrive.fr/image.ashx?id=2907183&use=l&cat=p&typeid=i","cat":284550},{"id":22065,"n":"Filets de maquereaux Saupiquet A la moutarde - 3x169g","p":5.99,"u":"11,81 €/KG","img":"https://fd6-photos.leclercdrive.fr/image.ashx?id=2826972&use=l&cat=p&typeid=i","cat":303868},{"id":22066,"n":"Filets de maquereaux Saupiquet Tomate basilic - 3x169g","p":5.99,"u":"11,81 €/KG","img":"https://fd6-photos.leclercdrive.fr/image.ashx?id=2826975&use=l&cat=p&typeid=i","cat":303868},{"id":22087,"n":"Sucettes Chupa Chups Mini Assortiment x30 180g","p":1.88,"u":"10,44 €/KG","img":"https://fd6-photos.leclercdrive.fr/image.ashx?id=2647606&use=l&cat=p&typeid=i","cat":304250},{"id":22112,"n":"Vodka Sobieski 37.5%vol - 70cl","p":11.26,"u":"16,09 €/L","img":"https://fd6-photos.leclercdrive.fr/image.ashx?id=2948474&use=l&cat=p&typeid=i","cat":284550},{"id":22115,"n":"Cidre brut Les Goelleries Bretagne 4.5%vol. - 1,5L","p":1.87,"u":"1,25 €/L","img":"https://fd6-photos.leclercdrive.fr/image.ashx?id=2842277&use=l&cat=p&typeid=i","cat":334880},{"id":22116,"n":"Pain de mie complet Epi d'Or Grandes tranches - 550g","p":1.22,"u":"2,22 €/KG","img":"https://fd6-photos.leclercdrive.fr/image.ashx?id=2861292&use=l&cat=p&typeid=i","cat":284477},{"id":22117,"n":"Pain de mie complet Epi d'Or Grandes tranches - 825g","p":1.78,"u":"2,16 €/KG","img":"https://fd6-photos.leclercdrive.fr/image.ashx?id=2860736&use=l&cat=p&typeid=i","cat":284477},{"id":22141,"n":"Riz Basmati Comptoir du grain Sélection Riz long - 5x90g","p":1.81,"u":"4,02 €/KG","img":"https://fd6-photos.leclercdrive.fr/image.ashx?id=2076685&use=l&cat=p&typeid=i","cat":284428},{"id":22142,"n":"Terrines chats Tous mes amis Spécial chaton - 4x400g","p":4.86,"u":"3,04 €/KG","img":"https://fd6-photos.leclercdrive.fr/image.ashx?id=2865194&use=l&cat=p&typeid=i","cat":285601},{"id":22143,"n":"Emincés Tous Mes Amis En sauce - 4x400g","p":4.39,"u":"2,74 €/KG","img":"https://fd6-photos.leclercdrive.fr/image.ashx?id=2865197&use=l&cat=p&typeid=i","cat":285601},{"id":22207,"n":"Blanc de Poulet Tradilège -25% de sel - 4 Tranches - 160g","p":1.92,"u":"12,00 €/KG","img":"https://fd6-photos.leclercdrive.fr/image.ashx?id=2837090&use=l&cat=p&typeid=i","cat":316010},{"id":22212,"n":"Vin de l'Union Européenne rouge Vieux Papes - BIB 5L","p":12.41,"u":"2,48 €/L","img":"https://fd6-photos.leclercdrive.fr/image.ashx?id=2136139&use=l&cat=p&typeid=i","cat":289556},{"id":22229,"n":"Terrines chats Tous mes ami Foie volaille - 800g","p":2.01,"u":"2,51 €/KG","img":"https://fd6-photos.leclercdrive.fr/image.ashx?id=2520032&use=l&cat=p&typeid=i","cat":285601},{"id":22249,"n":"Sandwich Baguette Mega Viennois  Sodebo Thon Oeuf - 270g","p":1.74,"u":"6,44 €/KG","img":"https://fd6-photos.leclercdrive.fr/image.ashx?id=2694596&use=l&cat=p&typeid=i","cat":333658},{"id":22253,"n":"Le Cheesecake Gü  Citron - 2x90g","p":3.31,"u":"36,78 €/KG","img":"https://fd6-photos.leclercdrive.fr/image.ashx?id=2516905&use=l&cat=p&typeid=i","cat":284419},{"id":22373,"n":"Carré pour la vaisselle Mamison x5","p":1.35,"img":"https://fd6-photos.leclercdrive.fr/image.ashx?id=2622010&use=l&cat=p&typeid=i","cat":284667},{"id":22374,"n":"Chiffons secs Clair Dépouissiérants x20","p":1.97,"img":"https://fd6-photos.leclercdrive.fr/image.ashx?id=2558778&use=l&cat=p&typeid=i","cat":325364},{"id":22388,"n":"IGP Ile de Beauté vin rosé Terres Ocrées 11.5%vol - BIB 3L","p":12.99,"u":"4,33 €/L","img":"https://fd6-photos.leclercdrive.fr/image.ashx?id=2863036&use=l&cat=p&typeid=i","cat":289560},{"id":22477,"n":"Pignons de pin Couleurs Vives 125g","p":5.99,"u":"47,92 €/KG","img":"https://fd6-photos.leclercdrive.fr/image.ashx?id=2617201&use=l&cat=p&typeid=i","cat":284357},{"id":22487,"n":"IGP Pays d'Oc rosé Roche Mazet Grenache Cinsault - BIB 3L","p":10.74,"u":"3,58 €/L","img":"https://fd6-photos.leclercdrive.fr/image.ashx?id=2597118&use=l&cat=p&typeid=i","cat":289560},{"id":22488,"n":"IGP Pays d'Oc rouge Roche Mazet Cabernet Sauvignon 12.5% BIB 3L","p":10.6,"u":"3,53 €/L","img":"https://fd6-photos.leclercdrive.fr/image.ashx?id=2597121&use=l&cat=p&typeid=i","cat":289560},{"id":22489,"n":"IGP Pays d'oc blancRoche Mazet Sauvignon - BIB 3L","p":11.85,"u":"3,95 €/L","img":"https://fd6-photos.leclercdrive.fr/image.ashx?id=2597124&use=l&cat=p&typeid=i","cat":289557},{"id":22506,"n":"Yaourts aromatisés Délisse 4 saveurs - 8x125g","p":2.79,"u":"2,79 €/KG","img":"https://fd6-photos.leclercdrive.fr/image.ashx?id=2790952&use=l&cat=p&typeid=i","cat":286006},{"id":22512,"n":"Compote Douceur du Verger  Pomme Abricot - 4x100g","p":1.09,"u":"2,73 €/KG","img":"https://fd6-photos.leclercdrive.fr/image.ashx?id=2391747&use=l&cat=p&typeid=i","cat":284416},{"id":22515,"n":"Boisson énergisante X-tense Canette - 6x25cl","p":2.94,"u":"1,96 €/L","img":"https://fd6-photos.leclercdrive.fr/image.ashx?id=2956062&use=l&cat=p&typeid=i","cat":284533},{"id":22517,"n":"Vodka Poliakov Flask 37.5%vol - 20cl","p":3.85,"u":"19,25 €/L","img":"https://fd6-photos.leclercdrive.fr/image.ashx?id=2484029&use=l&cat=p&typeid=i","cat":284550},{"id":22565,"n":"Yaourt Malo Vanille lait entier 4x125g","p":2.27,"u":"4,54 €/KG","img":"https://fd6-photos.leclercdrive.fr/image.ashx?id=2908021&use=l&cat=p&typeid=i","cat":286006},{"id":22566,"n":"Yaourts Malo Nature - 4x125g","p":1.6,"u":"3,20 €/KG","img":"https://fd6-photos.leclercdrive.fr/image.ashx?id=2908018&use=l&cat=p&typeid=i","cat":284409},{"id":22587,"n":"IGP Côtés de Gascogne vin blanc Terrasses d'Autan 11.5% BIB 3L","p":8.49,"u":"2,83 €/L","img":"https://fd6-photos.leclercdrive.fr/image.ashx?id=2872700&use=l&cat=p&typeid=i","cat":289560},{"id":22588,"n":"IGP Pays d'Oc Chardonnay Blanc Vieux Carion 12% vol BIB 3L","p":8.99,"u":"3,00 €/L","img":"https://fd6-photos.leclercdrive.fr/image.ashx?id=2591397&use=l&cat=p&typeid=i","cat":289560},{"id":22596,"n":"IGP Pays d'Oc Merlot vin rouge Vieux Carion - 4x25 cl","p":4.75,"u":"4,75 €/L","img":"https://fd6-photos.leclercdrive.fr/image.ashx?id=2824751&use=l&cat=p&typeid=i","cat":289556},{"id":22621,"n":"AOC Côtes du Rhône vin rosé Grégoire XI - 75 cl","p":2.99,"u":"3,99 €/L","img":"https://fd6-photos.leclercdrive.fr/image.ashx?id=2890003&use=l&cat=p&typeid=i","cat":289558},{"id":22659,"n":"Cancoillotte nature NRT IGP 250g","p":1.97,"u":"7,88 €/KG","img":"https://fd6-photos.leclercdrive.fr/image.ashx?id=2663845&use=l&cat=p&typeid=i","cat":314037},{"id":22660,"n":"Cancoillotte à l'ail NRT IGP 250g","p":1.97,"u":"7,88 €/KG","img":"https://fd6-photos.leclercdrive.fr/image.ashx?id=2663848&use=l&cat=p&typeid=i","cat":314037},{"id":22689,"n":"Confiture extra bio Bio Village Fraises - 370g","p":1.79,"u":"4,84 €/KG","img":"https://fd6-photos.leclercdrive.fr/image.ashx?id=2965626&use=l&cat=p&typeid=i","cat":284480},{"id":22690,"n":"Confiture extra bio Bio Village Abricots - 370g","p":1.85,"u":"5,00 €/KG","img":"https://fd6-photos.leclercdrive.fr/image.ashx?id=2965629&use=l&cat=p&typeid=i","cat":284480},{"id":22786,"n":"Desserts lactés Délisse Chocolat caramel - 6x60g","p":1.36,"u":"3,78 €/KG","img":"https://fd6-photos.leclercdrive.fr/image.ashx?id=2318420&use=l&cat=p&typeid=i","cat":285041},{"id":22787,"n":"Saumon Ronde des Mers Petites tranches - 100g","p":3.69,"u":"36,90 €/KG","img":"https://fd6-photos.leclercdrive.fr/image.ashx?id=2966243&use=l&cat=p&typeid=i","cat":285188},{"id":22799,"n":"Mayonnaise Lesieur 710g","p":3.16,"u":"4,45 €/KG","img":"https://fd6-photos.leclercdrive.fr/image.ashx?id=2917693&use=l&cat=p&typeid=i","cat":298295},{"id":22803,"n":"Brioche tranchée Epi d'Or Nature - 700g","p":2.22,"u":"3,17 €/KG","img":"https://fd6-photos.leclercdrive.fr/image.ashx?id=2860733&use=l&cat=p&typeid=i","cat":284478},{"id":22804,"n":"Boisson végétale Bio Village Soja nature bio - 1l","p":0.88,"u":"0,88 €/L","img":"https://fd6-photos.leclercdrive.fr/image.ashx?id=2372350&use=l&cat=p&typeid=i","cat":316067},{"id":22805,"n":"Boisson végétale Bio Village Soja vanille bio - 1l","p":1.42,"u":"1,42 €/L","img":"https://fd6-photos.leclercdrive.fr/image.ashx?id=2357707&use=l&cat=p&typeid=i","cat":316067},{"id":22891,"n":"Eponges magiques Mamison x3","p":0.99,"u":"0,33 €/P","img":"https://fd6-photos.leclercdrive.fr/image.ashx?id=2978522&use=l&cat=p&typeid=i","cat":284667},{"id":22894,"n":"Nettoyant spray Clair Ultra dégraissant - 750ml","p":1.18,"u":"1,57 €/L","img":"https://fd6-photos.leclercdrive.fr/image.ashx?id=2840386&use=l&cat=p&typeid=i","cat":325357},{"id":22895,"n":"Nettoyant spray Clair javel Salle de bains 750ml","p":1.45,"u":"1,93 €/L","img":"https://fd6-photos.leclercdrive.fr/image.ashx?id=2840473&use=l&cat=p&typeid=i","cat":325357},{"id":22898,"n":"Nettoyant Silex vitres d'insert Barbecue ultra décapante 750ml","p":4.36,"u":"5,81 €/L","img":"https://fd6-photos.leclercdrive.fr/image.ashx?id=2657087&use=l&cat=p&typeid=i","cat":325363},{"id":22900,"n":"Eau de Cologne Belles Saisons Lavande 250ml","p":1.69,"u":"6,76 €/L","img":"https://fd6-photos.leclercdrive.fr/image.ashx?id=1099560&use=l&cat=p&typeid=i","cat":291525},{"id":22906,"n":"Gel à raser Carré Homme Sensitive - 75ml","p":1.15,"u":"15,33 €/L","img":"https://fd6-photos.leclercdrive.fr/image.ashx?id=2762952&use=l&cat=p&typeid=i","cat":284617},{"id":22907,"n":"Bière blonde Abbaye Alveringem Canette - 6.2%vol. - 50cl","p":1.39,"u":"2,78 €/L","img":"https://fd6-photos.leclercdrive.fr/image.ashx?id=2637898&use=l&cat=p&typeid=i","cat":334852},{"id":22911,"n":"Gants de ménage Mamison Taille S 1 paire","p":1.01,"img":"https://fd6-photos.leclercdrive.fr/image.ashx?id=2635676&use=l&cat=p&typeid=i","cat":284668},{"id":22913,"n":"Gel désinfectant mains Primoplast - 75ml","p":0.96,"u":"12,80 €/L","img":"https://fd6-photos.leclercdrive.fr/image.ashx?id=2856489&use=l&cat=p&typeid=i","cat":284630},{"id":22960,"n":"Gants de ménage Mamison Taille M 1 paire","p":1.01,"img":"https://fd6-photos.leclercdrive.fr/image.ashx?id=2635679&use=l&cat=p&typeid=i","cat":284668},{"id":22963,"n":"Gants Mamison ultra résistant Taille M 1 paire","p":1.64,"img":"https://fd6-photos.leclercdrive.fr/image.ashx?id=676218&use=l&cat=p&typeid=i","cat":284668},{"id":22968,"n":"Eponges grattantes Mamison Surfaces délicates x2","p":1.49,"u":"0,75 €/P","img":"https://fd6-photos.leclercdrive.fr/image.ashx?id=2202392&use=l&cat=p&typeid=i","cat":284667},{"id":22969,"n":"Lavette Mamison multi-usages Microfibre plusieurs coloris x2","p":0.84,"u":"0,42 €/P","img":"https://fd6-photos.leclercdrive.fr/image.ashx?id=2595095&use=l&cat=p&typeid=i","cat":284667},{"id":22975,"n":"Crème visage hydrante  Inell Peau normale - 50ml","p":1.96,"u":"39,20 €/L","img":"https://fd6-photos.leclercdrive.fr/image.ashx?id=2691634&use=l&cat=p&typeid=i","cat":325345},{"id":22976,"n":"Crème visage nourrissante Inell Peau sèche - 50ml","p":1.96,"u":"39,20 €/L","img":"https://fd6-photos.leclercdrive.fr/image.ashx?id=2771124&use=l&cat=p&typeid=i","cat":325345},{"id":22979,"n":"Gel nettoyant Inell visage Purifiant px norm. mixtes 150ml","p":2.58,"u":"17,20 €/L","img":"https://fd6-photos.leclercdrive.fr/image.ashx?id=1961443&use=l&cat=p&typeid=i","cat":284603},{"id":22981,"n":"Eau de Cologne Belles Saisons Fraîcheur 250ml","p":1.69,"u":"6,76 €/L","img":"https://fd6-photos.leclercdrive.fr/image.ashx?id=1099557&use=l&cat=p&typeid=i","cat":291525},{"id":22996,"n":"Nettoyant détachant Clair Tapis moquettes 600ml","p":2.16,"u":"3,60 €/L","img":"https://fd6-photos.leclercdrive.fr/image.ashx?id=2242721&use=l&cat=p&typeid=i","cat":284907},{"id":23001,"n":"Smoothie innocent mangue passion 750ml","p":3.22,"u":"4,29 €/L","img":"https://fd6-photos.leclercdrive.fr/image.ashx?id=2872123&use=l&cat=p&typeid=i","cat":285435},{"id":23009,"n":"Liquide vaisselle Rainett Peau sensible écolabel 500ml","p":1.44,"u":"2,88 €/L","img":"https://fd6-photos.leclercdrive.fr/image.ashx?id=2293102&use=l&cat=p&typeid=i","cat":284655},{"id":23031,"n":"Biscottes Heudebert  Céréales complètes - 280g","p":1.74,"u":"6,21 €/KG","img":"https://fd6-photos.leclercdrive.fr/image.ashx?id=2498371&use=l&cat=p&typeid=i","cat":284479},{"id":23040,"n":"Café moulu Méo L'original Bio - 500g","p":8.38,"u":"16,76 €/KG","img":"https://fd6-photos.leclercdrive.fr/image.ashx?id=2571287&use=l&cat=p&typeid=i","cat":284750},{"id":23122,"n":"Fromage enfant Ficello Emmental à effilocher x4 - 84g","p":2.13,"u":"25,36 €/KG","img":"https://fd6-photos.leclercdrive.fr/image.ashx?id=2409553&use=l&cat=p&typeid=i","cat":314030},{"id":23123,"n":"Fromage enfant Ficello Nature à effilocher x4 -84g","p":1.97,"u":"23,45 €/KG","img":"https://fd6-photos.leclercdrive.fr/image.ashx?id=2375373&use=l&cat=p&typeid=i","cat":314030},{"id":23132,"n":"Pâte feuilletée Tablier Blanc Epaisse - 280g","p":1.55,"u":"5,54 €/KG","img":"https://fd6-photos.leclercdrive.fr/image.ashx?id=2635910&use=l&cat=p&typeid=i","cat":333681},{"id":23133,"n":"Pâte brisée Tablier Blanc Epaisse - 280g","p":1.65,"u":"5,89 €/KG","img":"https://fd6-photos.leclercdrive.fr/image.ashx?id=2635913&use=l&cat=p&typeid=i","cat":333681},{"id":23149,"n":"Bière Grimbergen Brassin De Noël 6.5%vol. - 12x25cl","p":9.49,"pp":7.12,"u":"2,37 €/L","img":"https://fd6-photos.leclercdrive.fr/image.ashx?id=2877715&use=l&cat=p&typeid=i","cat":334852},{"id":23154,"n":"AOP Crémant Wolfberger Demi-sec d'Alsace - 75cl","p":7.56,"u":"10,08 €/L","img":"https://fd6-photos.leclercdrive.fr/image.ashx?id=2764197&use=l&cat=p&typeid=i","cat":284545},{"id":23157,"n":"AOP Champagne Brut Nicolas Feuillatte - 75cl","p":26.29,"u":"35,05 €/L","img":"https://fd6-photos.leclercdrive.fr/image.ashx?id=2962791&use=l&cat=p&typeid=i","cat":284542},{"id":23168,"n":"Beurre léger Les Croisés Doux - 40% MG - 250g","p":1.75,"u":"7,00 €/KG","img":"https://fd6-photos.leclercdrive.fr/image.ashx?id=2839909&use=l&cat=p&typeid=i","cat":284379},{"id":23169,"n":"Papier toilette Mimosa Blanc - Ultra Moelleux - x6","p":3.29,"u":"0,55 €/P","img":"https://fd6-photos.leclercdrive.fr/image.ashx?id=2777857&use=l&cat=p&typeid=i","cat":284634},{"id":23176,"n":"Pur jus de tomate Bio Village Bio - 1L","p":2.77,"u":"2,77 €/L","img":"https://fd6-photos.leclercdrive.fr/image.ashx?id=1871725&use=l&cat=p&typeid=i","cat":284523},{"id":23177,"n":"Pur jus Bio Village Bio Carotte - 1L","p":2.87,"u":"2,87 €/L","img":"https://fd6-photos.leclercdrive.fr/image.ashx?id=2901533&use=l&cat=p&typeid=i","cat":284523},{"id":23179,"n":"Pur jus 7 fruits Bio Village Bio - 1L","p":2.78,"u":"2,78 €/L","img":"https://fd6-photos.leclercdrive.fr/image.ashx?id=2901530&use=l&cat=p&typeid=i","cat":284917},{"id":23180,"n":"Rasoirs jetables Carré Homme 3 lames - x4","p":2.65,"img":"https://fd6-photos.leclercdrive.fr/image.ashx?id=2704666&use=l&cat=p&typeid=i","cat":284616},{"id":23182,"n":"Rasoirs jetables Siliss 3 lames - x4","p":1.99,"u":"0,50 €/P","img":"https://fd6-photos.leclercdrive.fr/image.ashx?id=2699438&use=l&cat=p&typeid=i","cat":325352},{"id":23188,"n":"Tomato Ketchup Heinz - 250g","p":1.11,"u":"4,44 €/KG","img":"https://fd6-photos.leclercdrive.fr/image.ashx?id=2943801&use=l&cat=p&typeid=i","cat":284455},{"id":23190,"n":"Mayonnaise AMORA Recette Fouettée - 398g","p":2.54,"u":"6,38 €/KG","img":"https://fd6-photos.leclercdrive.fr/image.ashx?id=2598684&use=l&cat=p&typeid=i","cat":298295},{"id":23212,"n":"Compote Douceur du Verger Coupelle pomme framboise-4x100g","p":1.63,"u":"4,08 €/KG","img":"https://fd6-photos.leclercdrive.fr/image.ashx?id=2663494&use=l&cat=p&typeid=i","cat":284508},{"id":23215,"n":"Biscuits Cookies P'tit Déli Chocolat raisin cranberrie 200g","p":1.44,"u":"7,20 €/KG","img":"https://fd6-photos.leclercdrive.fr/image.ashx?id=2529593&use=l&cat=p&typeid=i","cat":325066},{"id":23216,"n":"Sauce Hollandaise Rustica 32g","p":0.64,"u":"20,00 €/KG","img":"https://fd6-photos.leclercdrive.fr/image.ashx?id=2865059&use=l&cat=p&typeid=i","cat":288381},{"id":23219,"n":"Sauce Pesto Turini Basilic - 185g","p":1.3,"u":"7,03 €/KG","img":"https://fd6-photos.leclercdrive.fr/image.ashx?id=2546248&use=l&cat=p&typeid=i","cat":287599},{"id":23220,"n":"Chips Pom'Lisse Légumes - 100g","p":1.99,"u":"19,90 €/KG","img":"https://fd6-photos.leclercdrive.fr/image.ashx?id=2919610&use=l&cat=p&typeid=i","cat":284447},{"id":23221,"n":"Sauce Tomates Turini Basilic - 420g","p":1.15,"u":"2,74 €/KG","img":"https://fd6-photos.leclercdrive.fr/image.ashx?id=2487458&use=l&cat=p&typeid=i","cat":287599},{"id":23227,"n":"Chips Bio Village Bio - Nature - 125g","p":1.98,"u":"15,84 €/KG","img":"https://fd6-photos.leclercdrive.fr/image.ashx?id=2743834&use=l&cat=p&typeid=i","cat":284447},{"id":23244,"n":"Désodorisant frigo Bien Air Sans parfum 40g","p":1.83,"u":"45,75 €/KG","img":"https://fd6-photos.leclercdrive.fr/image.ashx?id=2287737&use=l&cat=p&typeid=i","cat":311628},{"id":23249,"n":"Savon de Marseille Epsil Textiles délicats 4x200g","p":1.86,"u":"2,33 €/KG","img":"https://fd6-photos.leclercdrive.fr/image.ashx?id=2379591&use=l&cat=p&typeid=i","cat":284651},{"id":23251,"n":"Bâtonnets allume-feu Silex Sans odeur x24","p":2.05,"u":"0,09 €/P","img":"https://fd6-photos.leclercdrive.fr/image.ashx?id=2999721&use=l&cat=p&typeid=i","cat":300578},{"id":23253,"n":"Nettoyant spray Clair Surpuissant - 750ml","p":1.99,"u":"2,65 €/L","img":"https://fd6-photos.leclercdrive.fr/image.ashx?id=2520831&use=l&cat=p&typeid=i","cat":325357},{"id":23254,"n":"Baume après-rasage Carré Homme Apaisant px sensibles 100ml","p":2.69,"u":"26,90 €/L","img":"https://fd6-photos.leclercdrive.fr/image.ashx?id=2854234&use=l&cat=p&typeid=i","cat":288147},{"id":23255,"n":"Déodorant Carré Homme Vétiver longue durée 200ml","p":1.35,"u":"6,75 €/L","img":"https://fd6-photos.leclercdrive.fr/image.ashx?id=2375992&use=l&cat=p&typeid=i","cat":284618},{"id":23256,"n":"Ramequins aluminium Elembal x12","p":2.05,"u":"0,17 €/P","img":"https://fd6-photos.leclercdrive.fr/image.ashx?id=2966653&use=l&cat=p&typeid=i","cat":334134},{"id":23265,"n":"Vin mousseux blanc Paul Robin  Méthode trad. brut  - 75cl","p":3.49,"u":"4,65 €/L","img":"https://fd6-photos.leclercdrive.fr/image.ashx?id=2516326&use=l&cat=p&typeid=i","cat":284544},{"id":23268,"n":"Vin mousseux de France rosé  Muscador Doux 11.5%vol. - 75cl","p":2.66,"u":"3,55 €/L","img":"https://fd6-photos.leclercdrive.fr/image.ashx?id=2157055&use=l&cat=p&typeid=i","cat":284544},{"id":23271,"n":"Vin mousseux de France blanc Muscador doux 11.5% Vol 75cl","p":2.66,"u":"3,55 €/L","img":"https://fd6-photos.leclercdrive.fr/image.ashx?id=2157052&use=l&cat=p&typeid=i","cat":284544},{"id":23304,"n":"Feuilletés paniers Côté Table Saumon - 4x100g","p":4.48,"u":"11,20 €/KG","img":"https://fd6-photos.leclercdrive.fr/image.ashx?id=2549400&use=l&cat=p&typeid=i","cat":319776},{"id":23327,"n":"IGP vin blanc Côtes de Gascogne Bio Terrasses d'Autan 12% 75cl","p":3.99,"u":"5,32 €/L","img":"https://fd6-photos.leclercdrive.fr/image.ashx?id=2405365&use=l&cat=p&typeid=i","cat":289557},{"id":23336,"n":"Soufflés Grignot' Tokapi Bacon - 90g","p":0.89,"u":"9,89 €/KG","img":"https://fd6-photos.leclercdrive.fr/image.ashx?id=1034682&use=l&cat=p&typeid=i","cat":284449},{"id":23363,"n":"Lait bébé poudre Nidal Nestlé 1er âge - 0-6 mois - 800g","p":12.82,"u":"16,03 €/KG","img":"https://fd6-photos.leclercdrive.fr/image.ashx?id=2811638&use=l&cat=p&typeid=i","cat":284726},{"id":23371,"n":"Mozzarella Maxi Les Croisés - 250g","p":1.86,"u":"7,44 €/KG","img":"https://fd6-photos.leclercdrive.fr/image.ashx?id=2992534&use=l&cat=p&typeid=i","cat":314026},{"id":23372,"n":"Ricotta Les Croisés - 250g","p":1.29,"u":"5,16 €/KG","img":"https://fd6-photos.leclercdrive.fr/image.ashx?id=2133294&use=l&cat=p&typeid=i","cat":314026},{"id":23387,"n":"Gâteaux St Michel Savaroises Chocolat 8 sachets 220g","p":2.09,"u":"9,50 €/KG","img":"https://fd6-photos.leclercdrive.fr/image.ashx?id=2935693&use=l&cat=p&typeid=i","cat":284495},{"id":23397,"n":"Gaufres Rita fourrées Vanille x10 300g","p":1.52,"u":"5,07 €/KG","img":"https://fd6-photos.leclercdrive.fr/image.ashx?id=1654215&use=l&cat=p&typeid=i","cat":294777},{"id":23405,"n":"Pains au chocolat tournesol  10x1 p","p":3.95,"u":"0,40 €/P","img":"https://fd6-photos.leclercdrive.fr/image.ashx?id=2071010&use=l&cat=p&typeid=i","cat":284984},{"id":23411,"n":"Petits pains grillés Epi d'Or Froment - 400g","p":1.39,"u":"3,48 €/KG","img":"https://fd6-photos.leclercdrive.fr/image.ashx?id=2496413&use=l&cat=p&typeid=i","cat":284479},{"id":23412,"n":"Vermicelles Tables du Monde Haricot mungo - 100g","p":1.22,"u":"12,20 €/KG","img":"https://fd6-photos.leclercdrive.fr/image.ashx?id=2679723&use=l&cat=p&typeid=i","cat":288992},{"id":23416,"n":"Barquettes chats Tous mes amis Terrines 4 variétés - 4x85g","p":1.74,"u":"6,82 €/KG","img":"https://fd6-photos.leclercdrive.fr/image.ashx?id=2520026&use=l&cat=p&typeid=i","cat":285286},{"id":23429,"n":"Croquettes chat Tous mes amis Chatons - 2kg","p":4.07,"u":"2,04 €/KG","img":"https://fd6-photos.leclercdrive.fr/image.ashx?id=2710485&use=l&cat=p&typeid=i","cat":284680},{"id":23430,"n":"Croquettes chat Tous mes amis Lapin/volailles - 2kg","p":3.99,"u":"2,00 €/KG","img":"https://fd6-photos.leclercdrive.fr/image.ashx?id=2301605&use=l&cat=p&typeid=i","cat":284680},{"id":23432,"n":"Croquettes Lydog Petits chiens - Vollaile - 2kg","p":4.12,"u":"2,06 €/KG","img":"https://fd6-photos.leclercdrive.fr/image.ashx?id=2191126&use=l&cat=p&typeid=i","cat":294526},{"id":23433,"n":"Croquettes chiens Lydog Allégées - Volaille - 4kg","p":7.11,"u":"1,78 €/KG","img":"https://fd6-photos.leclercdrive.fr/image.ashx?id=1923562&use=l&cat=p&typeid=i","cat":284672},{"id":23434,"n":"Cacahuètes Tokapi Sans sel ajouté - 200g","p":0.76,"u":"3,80 €/KG","img":"https://fd6-photos.leclercdrive.fr/image.ashx?id=2858833&use=l&cat=p&typeid=i","cat":284448},{"id":23437,"n":"Maïs Notre Jardin Croquant - 285g","p":0.85,"u":"2,98 €/KG","img":"https://fd6-photos.leclercdrive.fr/image.ashx?id=2988048&use=l&cat=p&typeid=i","cat":312611},{"id":23438,"n":"Soufflés RingsTokapi Oignon - 60g","p":0.77,"u":"12,83 €/KG","img":"https://fd6-photos.leclercdrive.fr/image.ashx?id=2898838&use=l&cat=p&typeid=i","cat":284449},{"id":23439,"n":"Crème dessert Délisse Choco Billes bicompartiment 4x117g","p":1.99,"u":"4,25 €/KG","img":"https://fd6-photos.leclercdrive.fr/image.ashx?id=2965482&use=l&cat=p&typeid=i","cat":285041},{"id":23444,"n":"Quenelles Côté Table volaille Au naturel 255g","p":1.36,"u":"5,33 €/KG","img":"https://fd6-photos.leclercdrive.fr/image.ashx?id=2977870&use=l&cat=p&typeid=i","cat":284441},{"id":23450,"n":"Yaourts aux fruits Délisse Fruits rouges - 8x125g","p":2.29,"u":"2,29 €/KG","img":"https://fd6-photos.leclercdrive.fr/image.ashx?id=2616736&use=l&cat=p&typeid=i","cat":284410},{"id":23452,"n":"Terrines chats Tous mes amis Viandes variées - 4x400g","p":3.74,"u":"2,34 €/KG","img":"https://fd6-photos.leclercdrive.fr/image.ashx?id=2865191&use=l&cat=p&typeid=i","cat":285601},{"id":23459,"n":"Sauce Béchamel Rustica Déshydratée - 60g","p":0.49,"u":"8,17 €/KG","img":"https://fd6-photos.leclercdrive.fr/image.ashx?id=2188838&use=l&cat=p&typeid=i","cat":288381},{"id":23499,"n":"Huile Bio Village mélange 4 huiles biologiques - 75 cl","p":3.99,"u":"5,32 €/L","img":"https://fd6-photos.leclercdrive.fr/image.ashx?id=2882349&use=l&cat=p&typeid=i","cat":284453},{"id":23500,"n":"Bouillon de légumes Bio Village Bio - 8x10g","p":1.69,"u":"21,13 €/KG","img":"https://fd6-photos.leclercdrive.fr/image.ashx?id=1943409&use=l&cat=p&typeid=i","cat":288379},{"id":23510,"n":"Carpaccio au Parmesan Férial - 200g","p":4.35,"u":"21,75 €/KG","img":"https://fd6-photos.leclercdrive.fr/image.ashx?id=2881259&use=l&cat=p&typeid=i","cat":284328},{"id":23520,"n":"Bloc de fromage Leerdammer L'Original - 500g","p":5.41,"u":"10,82 €/KG","img":"https://fd6-photos.leclercdrive.fr/image.ashx?id=2699035&use=l&cat=p&typeid=i","cat":314034},{"id":23522,"n":"Bûche de chèvre Les Croisés Format famililal 25%mg 300g","p":2.95,"u":"9,83 €/KG","img":"https://fd6-photos.leclercdrive.fr/image.ashx?id=2949415&use=l&cat=p&typeid=i","cat":314031},{"id":23543,"n":"Bière blonde Leffe 6,6% - 12x33cl","p":13.23,"u":"3,34 €/L","img":"https://fd6-photos.leclercdrive.fr/image.ashx?id=2811578&use=l&cat=p&typeid=i","cat":334852},{"id":23545,"n":"Rösti McCain 800g","p":2.17,"u":"2,71 €/KG","img":"https://fd6-photos.leclercdrive.fr/image.ashx?id=2988728&use=l&cat=p&typeid=i","cat":319792},{"id":23546,"n":"Poêlée savoyarde Marie Aux lardons fumés - 900g","p":4.92,"u":"5,47 €/KG","img":"https://fd6-photos.leclercdrive.fr/image.ashx?id=2996782&use=l&cat=p&typeid=i","cat":319823},{"id":23552,"n":"Lait bébé poudre Nidal Nestlé 2e âge -6-12 mois - 800g","p":10.82,"u":"13,53 €/KG","img":"https://fd6-photos.leclercdrive.fr/image.ashx?id=2805597&use=l&cat=p&typeid=i","cat":284727},{"id":23583,"n":"Crème Fraîche Elle&Vire Epaisse Entière - 30% MG - 33cl","p":1.84,"u":"5,58 €/L","img":"https://fd6-photos.leclercdrive.fr/image.ashx?id=3003333&use=l&cat=p&typeid=i","cat":284381},{"id":23595,"n":"Fromage raclette Les Croisés 3 poivres 26%mg 250g","p":2.99,"u":"11,96 €/KG","img":"https://fd6-photos.leclercdrive.fr/image.ashx?id=2791782&use=l&cat=p&typeid=i","cat":314037},{"id":23598,"n":"Fromage raclette Les Croisés Sans croûte - 28%mg - 400g","p":3.95,"u":"9,88 €/KG","img":"https://fd6-photos.leclercdrive.fr/image.ashx?id=2969752&use=l&cat=p&typeid=i","cat":314037},{"id":23628,"n":"Fond de volaille Rustica 110g","p":2.18,"u":"19,82 €/KG","img":"https://fd6-photos.leclercdrive.fr/image.ashx?id=2140914&use=l&cat=p&typeid=i","cat":288379},{"id":23630,"n":"Mouliné de carottes Régal Soupe Poireaux pommes de terre 1L","p":2.16,"u":"2,16 €/L","img":"https://fd6-photos.leclercdrive.fr/image.ashx?id=2607506&use=l&cat=p&typeid=i","cat":284462},{"id":23631,"n":"Chocolat noir Equador Mini carrés 72% cacao 200g","p":4.35,"u":"21,75 €/KG","img":"https://fd6-photos.leclercdrive.fr/image.ashx?id=2856483&use=l&cat=p&typeid=i","cat":284956},{"id":23632,"n":"Liégeois Délisse Caramel - 4x100g","p":1.25,"u":"3,13 €/KG","img":"https://fd6-photos.leclercdrive.fr/image.ashx?id=2884240&use=l&cat=p&typeid=i","cat":285042},{"id":23636,"n":"Bouillon de volaille Rustica Dégraissé - Tablettes 12x10g","p":0.79,"u":"6,58 €/KG","img":"https://fd6-photos.leclercdrive.fr/image.ashx?id=1880033&use=l&cat=p&typeid=i","cat":288379},{"id":23712,"n":"Saumon fumé Eco+ Atlantique - 200g","p":4.73,"u":"23,65 €/KG","img":"https://fd6-photos.leclercdrive.fr/image.ashx?id=2856733&use=l&cat=p&typeid=i","cat":285188},{"id":23725,"n":"Liquide vaisselle Eco+ Pomme - 1L","p":0.74,"u":"0,74 €/L","img":"https://fd6-photos.leclercdrive.fr/image.ashx?id=2949161&use=l&cat=p&typeid=i","cat":284655},{"id":23726,"n":"Aluminium Eco+ 30m","p":1.91,"u":"0,06 €/MT","img":"https://fd6-photos.leclercdrive.fr/image.ashx?id=2880216&use=l&cat=p&typeid=i","cat":334134},{"id":23727,"n":"Sacs poubelle 100L Eco+ x10","p":0.8,"u":"0,08 €/P","img":"https://fd6-photos.leclercdrive.fr/image.ashx?id=2793137&use=l&cat=p&typeid=i","cat":285168},{"id":23728,"n":"Huile de tournesol Eco+ 1L","p":1.65,"u":"1,65 €/L","img":"https://fd6-photos.leclercdrive.fr/image.ashx?id=2913636&use=l&cat=p&typeid=i","cat":284453},{"id":23729,"n":"Tomato Ketchup Eco+ 560g","p":0.88,"u":"1,57 €/KG","img":"https://fd6-photos.leclercdrive.fr/image.ashx?id=2954328&use=l&cat=p&typeid=i","cat":284455},{"id":23753,"n":"Alcool modifié Primoplast 70° 250ml","p":2.2,"u":"8,80 €/L","img":"https://fd6-photos.leclercdrive.fr/image.ashx?id=2856498&use=l&cat=p&typeid=i","cat":284630},{"id":23754,"n":"Eau oxygénée Primoplast 250ml","p":1.86,"u":"7,44 €/L","img":"https://fd6-photos.leclercdrive.fr/image.ashx?id=2832936&use=l&cat=p&typeid=i","cat":284630},{"id":23779,"n":"Camembert 21% MG Bio Bio Village - 250g","p":2.57,"u":"10,28 €/KG","img":"https://fd6-photos.leclercdrive.fr/image.ashx?id=2201492&use=l&cat=p&typeid=i","cat":314033},{"id":23780,"n":"Fromage raclette Eco+ Tranché 2x400g","p":6.69,"u":"8,36 €/KG","img":"https://fd6-photos.leclercdrive.fr/image.ashx?id=2712861&use=l&cat=p&typeid=i","cat":314037},{"id":23791,"n":"Tartines craquantes Epi d'Or Au blé complet - 250g","p":1.29,"u":"5,16 €/KG","img":"https://fd6-photos.leclercdrive.fr/image.ashx?id=2843788&use=l&cat=p&typeid=i","cat":284479},{"id":23794,"n":"Pain grillé Epi d'Or Blé complet x24 - 500g","p":1.72,"u":"3,44 €/KG","img":"https://fd6-photos.leclercdrive.fr/image.ashx?id=2680545&use=l&cat=p&typeid=i","cat":284479},{"id":23797,"n":"Lentilles vertes Bio Village Bio 500g","p":2.12,"u":"4,24 €/KG","img":"https://fd6-photos.leclercdrive.fr/image.ashx?id=3002656&use=l&cat=p&typeid=i","cat":284430},{"id":23798,"n":"Riz Risotto Comptoir du Grain 500g","p":1.42,"u":"2,84 €/KG","img":"https://fd6-photos.leclercdrive.fr/image.ashx?id=2363283&use=l&cat=p&typeid=i","cat":284428},{"id":23799,"n":"Riz rond Comptoir du Grain Dessert - 1kg","p":1.94,"u":"1,94 €/KG","img":"https://fd6-photos.leclercdrive.fr/image.ashx?id=1957084&use=l&cat=p&typeid=i","cat":284428},{"id":23827,"n":"Cordon Bleu poulet Père Dodu  Les Bons plans x10 - 1kg","p":7.14,"u":"7,14 €/KG","img":"https://fd6-photos.leclercdrive.fr/image.ashx?id=2971095&use=l&cat=p&typeid=i","cat":333683},{"id":23842,"n":"Beurre Elle & Vire Tendre Doux 2x250g","p":5.2,"u":"10,40 €/KG","img":"https://fd6-photos.leclercdrive.fr/image.ashx?id=2959991&use=l&cat=p&typeid=i","cat":284379},{"id":23936,"n":"Fromage blanc jockey Stracciatella - 4x120g","p":2.03,"u":"4,23 €/KG","img":"https://fd6-photos.leclercdrive.fr/image.ashx?id=2280011&use=l&cat=p&typeid=i","cat":314999},{"id":23963,"n":"Beurre Tendre Les Croisés Demi-sel Allegé - 40% MG - 250g","p":2.25,"u":"9,00 €/KG","img":"https://fd6-photos.leclercdrive.fr/image.ashx?id=2839912&use=l&cat=p&typeid=i","cat":284379},{"id":23967,"n":"Lait demi-écrémé Grandlait Candia Bouteille - 6x50cl","p":5.42,"u":"1,81 €/L","img":"https://fd6-photos.leclercdrive.fr/image.ashx?id=2916195&use=l&cat=p&typeid=i","cat":284377},{"id":23968,"n":"Roquefort AOP Les Croisés Tranché 150g","p":2.29,"u":"15,27 €/KG","img":"https://fd6-photos.leclercdrive.fr/image.ashx?id=2676537&use=l&cat=p&typeid=i","cat":314032},{"id":23972,"n":"Fusili Côté Snack Pâtes Bolognaise - 300g","p":1.89,"u":"6,30 €/KG","img":"https://fd6-photos.leclercdrive.fr/image.ashx?id=2650898&use=l&cat=p&typeid=i","cat":334983},{"id":23973,"n":"Fusili Côté Snack Pâtes Carbonara - 300g","p":1.89,"u":"6,30 €/KG","img":"https://fd6-photos.leclercdrive.fr/image.ashx?id=2517682&use=l&cat=p&typeid=i","cat":334983},{"id":24009,"n":"Crackers Tuc Fromage - 100g","p":0.81,"u":"8,10 €/KG","img":"https://fd6-photos.leclercdrive.fr/image.ashx?id=3002291&use=l&cat=p&typeid=i","cat":297000},{"id":24035,"n":"Echalotes semoule Rustica 36g","p":1.29,"u":"35,83 €/KG","img":"https://fd6-photos.leclercdrive.fr/image.ashx?id=2772951&use=l&cat=p&typeid=i","cat":298297},{"id":24043,"n":"Thé vert Britley Menthe x25 sachets - 40g","p":0.79,"u":"19,75 €/KG","img":"https://fd6-photos.leclercdrive.fr/image.ashx?id=2672930&use=l&cat=p&typeid=i","cat":293233},{"id":24047,"n":"Yaourts aromatisés Délisse Vanille - 4x125g","p":1.29,"u":"2,58 €/KG","img":"https://fd6-photos.leclercdrive.fr/image.ashx?id=2804184&use=l&cat=p&typeid=i","cat":286006},{"id":24049,"n":"Pâtée chats Tous mes amis Thon en sauce - 80g","p":0.99,"u":"12,38 €/KG","img":"https://fd6-photos.leclercdrive.fr/image.ashx?id=2450306&use=l&cat=p&typeid=i","cat":285601},{"id":24050,"n":"Pâtée chats Tous mes amis Poulet en sauce - 80g","p":0.99,"u":"12,38 €/KG","img":"https://fd6-photos.leclercdrive.fr/image.ashx?id=2450309&use=l&cat=p&typeid=i","cat":285601},{"id":24051,"n":"Pâtée pour chats Tous mes amis Thon aux crevettes - 80g","p":0.99,"u":"12,38 €/KG","img":"https://fd6-photos.leclercdrive.fr/image.ashx?id=1971897&use=l&cat=p&typeid=i","cat":285601},{"id":24081,"n":"Mayonnaise Fins Gourmets MAILLE Bocal - 320g","p":2.7,"u":"8,44 €/KG","img":"https://fd6-photos.leclercdrive.fr/image.ashx?id=2812750&use=l&cat=p&typeid=i","cat":298295},{"id":24082,"n":"Mayonnaise Fine MAILLE Qualité Traiteur Bocal - 320g","p":2.49,"u":"7,78 €/KG","img":"https://fd6-photos.leclercdrive.fr/image.ashx?id=2908369&use=l&cat=p&typeid=i","cat":298295},{"id":24083,"n":"Nuggets de Poulet  Père Dodu  x50 - 1kg - Les Bons plans","p":7.54,"u":"7,54 €/KG","img":"https://fd6-photos.leclercdrive.fr/image.ashx?id=2957086&use=l&cat=p&typeid=i","cat":333684},{"id":24088,"n":"Pizza la Moelleuse Turini 6 Fromages - 600g","p":3.63,"u":"6,05 €/KG","img":"https://fd6-photos.leclercdrive.fr/image.ashx?id=2815638&use=l&cat=p&typeid=i","cat":284256},{"id":24094,"n":"Jus de pommes pressées Andros 1,5L","p":3.64,"u":"2,43 €/L","img":"https://fd6-photos.leclercdrive.fr/image.ashx?id=2902981&use=l&cat=p&typeid=i","cat":285435},{"id":24095,"n":"Jus de clémentines préssées Andros - 1,5L","p":4.06,"u":"2,71 €/L","img":"https://fd6-photos.leclercdrive.fr/image.ashx?id=2902984&use=l&cat=p&typeid=i","cat":285435},{"id":24160,"n":"Riz Comptoir du Grain 3 Riz Long/Rouge/Sauvage - 500g","p":1.86,"u":"3,72 €/KG","img":"https://fd6-photos.leclercdrive.fr/image.ashx?id=2549403&use=l&cat=p&typeid=i","cat":284428},{"id":24161,"n":"Boudin blanc Tradilège Truffé 1% x3 375g","p":3.99,"u":"10,64 €/KG","img":"https://fd6-photos.leclercdrive.fr/image.ashx?id=3002836&use=l&cat=p&typeid=i","cat":316012},{"id":24162,"n":"Vinaigre balsamique Bio Village Bio 50cl","p":3.49,"u":"6,98 €/L","img":"https://fd6-photos.leclercdrive.fr/image.ashx?id=2865206&use=l&cat=p&typeid=i","cat":298543},{"id":24163,"n":"Infusion Tiséa Tilleul Citron 25 sachets 34g","p":1.69,"u":"48,29 €/KG","img":"https://fd6-photos.leclercdrive.fr/image.ashx?id=2854240&use=l&cat=p&typeid=i","cat":293234},{"id":24164,"n":"Thé vert Briley 32.5g","p":0.79,"u":"24,69 €/KG","img":"https://fd6-photos.leclercdrive.fr/image.ashx?id=2645939&use=l&cat=p&typeid=i","cat":293233},{"id":24186,"n":"Bandes à découper Mercurochrome 5 bandes - 10x6cm","p":2.47,"img":"https://fd6-photos.leclercdrive.fr/image.ashx?id=2862152&use=l&cat=p&typeid=i","cat":284630},{"id":24214,"n":"Oeufs surprises au chocolat Princesses - x3 - 60g","p":2.29,"u":"38,17 €/KG","img":"https://fd6-photos.leclercdrive.fr/image.ashx?id=2864876&use=l&cat=p&typeid=i","cat":327789},{"id":24258,"n":"Philadelphia Nature - 300g","p":2.98,"u":"9,93 €/KG","img":"https://fd6-photos.leclercdrive.fr/image.ashx?id=2787863&use=l&cat=p&typeid=i","cat":314029},{"id":24293,"n":"Céréales Extra Kellogg's Chocolat Noir Noisettes - 500g","p":3.3,"u":"6,60 €/KG","img":"https://fd6-photos.leclercdrive.fr/image.ashx?id=2692284&use=l&cat=p&typeid=i","cat":309512},{"id":24294,"n":"Filets de maquereaux Saupiquet Escabèche - 3x169g","p":5.99,"u":"11,81 €/KG","img":"https://fd6-photos.leclercdrive.fr/image.ashx?id=2826978&use=l&cat=p&typeid=i","cat":303868},{"id":24296,"n":"Sauce apéritif Old El Paso Salsa doux - 312g","p":2.23,"u":"7,15 €/KG","img":"https://fd6-photos.leclercdrive.fr/image.ashx?id=2859944&use=l&cat=p&typeid=i","cat":288993},{"id":24326,"n":"Pizza Turini Chorizo - 200g","p":1.64,"u":"8,20 €/KG","img":"https://fd6-photos.leclercdrive.fr/image.ashx?id=2989658&use=l&cat=p&typeid=i","cat":333679},{"id":24390,"n":"Pétales de blé Eco+ Chocolat - 750g","p":2.03,"u":"2,71 €/KG","img":"https://fd6-photos.leclercdrive.fr/image.ashx?id=2756831&use=l&cat=p&typeid=i","cat":309513},{"id":24410,"n":"Bonbons Copains Copines Tendres fruits - 360 g","p":2.05,"u":"5,69 €/KG","img":"https://fd6-photos.leclercdrive.fr/image.ashx?id=2934694&use=l&cat=p&typeid=i","cat":304250},{"id":24492,"n":"Blanc de poulet Tradilège Doré à la broche - 120g","p":1.39,"u":"11,58 €/KG","img":"https://fd6-photos.leclercdrive.fr/image.ashx?id=2974864&use=l&cat=p&typeid=i","cat":316010},{"id":24495,"n":"Capsules Nescafé Dolce Gusto  Nesquik - x16","p":4.47,"u":"17,46 €/KG","img":"https://fd6-photos.leclercdrive.fr/image.ashx?id=2946634&use=l&cat=p&typeid=i","cat":293239},{"id":24500,"n":"Pain de mie nature Epi d'Or Sans croute - 500g","p":1.39,"u":"2,78 €/KG","img":"https://fd6-photos.leclercdrive.fr/image.ashx?id=2984658&use=l&cat=p&typeid=i","cat":284477},{"id":24520,"n":"Shampoing illuminant Dessange Cheveux blonds colorés - 250ml","p":3.27,"u":"13,08 €/L","img":"https://fd6-photos.leclercdrive.fr/image.ashx?id=2575621&use=l&cat=p&typeid=i","cat":284606},{"id":24574,"n":"Bandes de cire froide L.Dumont Visage x20 bandes","p":3.62,"u":"0,18 €/P","img":"https://fd6-photos.leclercdrive.fr/image.ashx?id=2606355&use=l&cat=p&typeid=i","cat":325351},{"id":24621,"n":"Gel toilette intime Cadum Surgras - 200ml","p":3.17,"u":"15,85 €/L","img":"https://fd6-photos.leclercdrive.fr/image.ashx?id=1963200&use=l&cat=p&typeid=i","cat":284627},{"id":24642,"n":"Déodorant Rexona Confidence Stick anti-transpirant - 45ml","p":4.75,"u":"105,56 €/L","img":"https://fd6-photos.leclercdrive.fr/image.ashx?id=2738194&use=l&cat=p&typeid=i","cat":284595},{"id":24652,"n":"Déodorant Stick Rexona Anti- Transpirant CleanScent 96H 45ml","p":3.75,"u":"83,33 €/L","img":"https://fd6-photos.leclercdrive.fr/image.ashx?id=2895101&use=l&cat=p&typeid=i","cat":284595},{"id":24662,"n":"Mozzarella maxi Galbani 250g","p":2.35,"u":"9,40 €/KG","img":"https://fd6-photos.leclercdrive.fr/image.ashx?id=2953392&use=l&cat=p&typeid=i","cat":314026},{"id":24666,"n":"Roquefort AOP Société Fromage de brebis - 100g","p":2.8,"u":"28,00 €/KG","img":"https://fd6-photos.leclercdrive.fr/image.ashx?id=2729683&use=l&cat=p&typeid=i","cat":314032},{"id":24672,"n":"Lait Matin Léger Lactel Sans lactose écrémé - 6x1l","p":10.02,"u":"1,67 €/L","img":"https://fd6-photos.leclercdrive.fr/image.ashx?id=2883546&use=l&cat=p&typeid=i","cat":317169},{"id":24674,"n":"Dentifrice Dentamyl 2en1 blancheur 75ml","p":1.3,"u":"17,33 €/L","img":"https://fd6-photos.leclercdrive.fr/image.ashx?id=2613834&use=l&cat=p&typeid=i","cat":284612},{"id":24694,"n":"Brosses à dent souple Dentamyl x4","p":0.99,"u":"0,25 €/P","img":"https://fd6-photos.leclercdrive.fr/image.ashx?id=2790946&use=l&cat=p&typeid=i","cat":284614},{"id":24759,"n":"Mini nems Tables du Monde porc x5/poulet x5 +sauce - 220g","p":2.99,"u":"13,59 €/KG","img":"https://fd6-photos.leclercdrive.fr/image.ashx?id=2613276&use=l&cat=p&typeid=i","cat":333673},{"id":24790,"n":"Oeufs De Nos Villages Plein air - Gros - x6","p":1.84,"u":"0,31 €/P","img":"https://fd6-photos.leclercdrive.fr/image.ashx?id=2228927&use=l&cat=p&typeid=i","cat":284378},{"id":24847,"n":"Gâche tranchée ovale NRT Beurre - 450g","p":2.48,"u":"5,51 €/KG","img":"https://fd6-photos.leclercdrive.fr/image.ashx?id=2670443&use=l&cat=p&typeid=i","cat":284478},{"id":24879,"n":"Boisson apéritif Voltano Base de vin Rosato 14.4%vol 1L","p":4.99,"u":"4,99 €/L","img":"https://fd6-photos.leclercdrive.fr/image.ashx?id=2473960&use=l&cat=p&typeid=i","cat":284913},{"id":24906,"n":"Mozzarella mini billes  Les Croisés - 150g","p":1.7,"u":"11,33 €/KG","img":"https://fd6-photos.leclercdrive.fr/image.ashx?id=2463468&use=l&cat=p&typeid=i","cat":314026},{"id":24961,"n":"Soin de jour L'Oréal Paris Age Perfect anti-âge - 50ml","p":11.97,"pp":7.9,"u":"158,00 €/L","img":"https://fd6-photos.leclercdrive.fr/image.ashx?id=2868047&use=l&cat=p&typeid=i","cat":325345},{"id":24968,"n":"Fromage de chèvre Petit Billy 45%mg - 200g","p":2.77,"u":"13,85 €/KG","img":"https://fd6-photos.leclercdrive.fr/image.ashx?id=2543136&use=l&cat=p&typeid=i","cat":314031},{"id":24970,"n":"Crottin de chèvre Rians 23%mg - 2x60g","p":2.79,"u":"23,25 €/KG","img":"https://fd6-photos.leclercdrive.fr/image.ashx?id=2762094&use=l&cat=p&typeid=i","cat":314031},{"id":24972,"n":"Chèvre à dorer Les Croisés x4 - 100g","p":1.77,"u":"17,70 €/KG","img":"https://fd6-photos.leclercdrive.fr/image.ashx?id=2978528&use=l&cat=p&typeid=i","cat":314027},{"id":24977,"n":"Pain hot dog Jacquet x4 -  240g","p":1.72,"u":"7,17 €/KG","img":"https://fd6-photos.leclercdrive.fr/image.ashx?id=2799293&use=l&cat=p&typeid=i","cat":284985},{"id":24982,"n":"Fromage à tartiner Philadelphia Light nature - 150g","p":2.15,"u":"14,33 €/KG","img":"https://fd6-photos.leclercdrive.fr/image.ashx?id=1626572&use=l&cat=p&typeid=i","cat":314029},{"id":25000,"n":"Jus d'orange Andros 1L+15% offert","p":2.49,"u":"2,17 €/L","img":"https://fd6-photos.leclercdrive.fr/image.ashx?id=2928846&use=l&cat=p&typeid=i","cat":285435},{"id":25006,"n":"Sauce béchamel Maggi Saveur à l'ancienne sachet -60g","p":0.68,"u":"11,33 €/KG","img":"https://fd6-photos.leclercdrive.fr/image.ashx?id=2697297&use=l&cat=p&typeid=i","cat":288381},{"id":25010,"n":"Barres Chocolatées KINDER Maxi Chocolat au Lait x10 - 210g","p":3.08,"u":"14,67 €/KG","img":"https://fd6-photos.leclercdrive.fr/image.ashx?id=2679609&use=l&cat=p&typeid=i","cat":284498},{"id":25034,"n":"Mousse Coiffante Franck Provost A l'Huile d'Argan - 300ml","p":5.2,"u":"17,33 €/L","img":"https://fd6-photos.leclercdrive.fr/image.ashx?id=2575615&use=l&cat=p&typeid=i","cat":284609},{"id":25035,"n":"Salade Menu Fraîcheur Concombre au fromage blanc 300g","p":1.64,"u":"5,47 €/KG","img":"https://fd6-photos.leclercdrive.fr/image.ashx?id=3005679&use=l&cat=p&typeid=i","cat":333657},{"id":25049,"n":"Lames de rasoir Carré Homme 3 lames - x4","p":3.45,"u":"0,86 €/P","img":"https://fd6-photos.leclercdrive.fr/image.ashx?id=2704624&use=l&cat=p&typeid=i","cat":284616},{"id":25051,"n":"Boulettes de boeuf Férial x30 - 900g","p":7.39,"u":"8,21 €/KG","img":"https://fd6-photos.leclercdrive.fr/image.ashx?id=2966520&use=l&cat=p&typeid=i","cat":319779},{"id":25061,"n":"Cornichons Rustica Vinaigre - 360g","p":1.65,"u":"4,58 €/KG","img":"https://fd6-photos.leclercdrive.fr/image.ashx?id=2799763&use=l&cat=p&typeid=i","cat":284458},{"id":25064,"n":"Film étirable Alfapac Extensible auto-adhérent 50m","p":2.25,"img":"https://fd6-photos.leclercdrive.fr/image.ashx?id=2918271&use=l&cat=p&typeid=i","cat":334134},{"id":25067,"n":"Oeufs frais De Nos Régions Plein Air - Label Rouge - x12","p":3.54,"u":"0,30 €/P","img":"https://fd6-photos.leclercdrive.fr/image.ashx?id=2969734&use=l&cat=p&typeid=i","cat":284378},{"id":25068,"n":"Oeufs frais De Nos Régions Plein Air - Label rouge - x6","p":1.79,"u":"0,30 €/P","img":"https://fd6-photos.leclercdrive.fr/image.ashx?id=2969722&use=l&cat=p&typeid=i","cat":284378},{"id":25069,"n":"Fromage à Tartiner St Môret  Nature Léger - 9 portions 180g","p":2.62,"u":"14,56 €/KG","img":"https://fd6-photos.leclercdrive.fr/image.ashx?id=2755453&use=l&cat=p&typeid=i","cat":314029},{"id":25072,"n":"Mascarpone Casa Azzurra 500g","p":5.16,"u":"10,32 €/KG","img":"https://fd6-photos.leclercdrive.fr/image.ashx?id=2290269&use=l&cat=p&typeid=i","cat":314026},{"id":25079,"n":"Mozzarella bufala Casa Azzurra Boule - 125g","p":2.37,"u":"18,96 €/KG","img":"https://fd6-photos.leclercdrive.fr/image.ashx?id=2899533&use=l&cat=p&typeid=i","cat":314026},{"id":25080,"n":"Parmigiano Reggiano AOP Les Croisés - 200G","p":5.26,"u":"26,30 €/KG","img":"https://fd6-photos.leclercdrive.fr/image.ashx?id=2903959&use=l&cat=p&typeid=i","cat":314034},{"id":25085,"n":"Lait bio Bio Village Bouteille  Demi-écrémé UHT -  6x50cl","p":5.22,"u":"1,74 €/L","img":"https://fd6-photos.leclercdrive.fr/image.ashx?id=2970009&use=l&cat=p&typeid=i","cat":284377},{"id":25093,"n":"Yaourts brassés Délisse Fruits jaunes - 8x125 g","p":2.28,"u":"2,28 €/KG","img":"https://fd6-photos.leclercdrive.fr/image.ashx?id=2495536&use=l&cat=p&typeid=i","cat":284410},{"id":25095,"n":"Yaourts brassés Délisse Fruits rouges - 8X125g","p":2.27,"u":"2,27 €/KG","img":"https://fd6-photos.leclercdrive.fr/image.ashx?id=2494217&use=l&cat=p&typeid=i","cat":284410},{"id":25124,"n":"Pur jus Multifruits Bio Village Bio - 6x20cl","p":3.11,"u":"2,59 €/L","img":"https://fd6-photos.leclercdrive.fr/image.ashx?id=2843626&use=l&cat=p&typeid=i","cat":284524},{"id":25125,"n":"Pur jus d'orange Bio Village Bio - 6x20cl","p":2.99,"u":"2,49 €/L","img":"https://fd6-photos.leclercdrive.fr/image.ashx?id=2671016&use=l&cat=p&typeid=i","cat":284521},{"id":25164,"n":"Crème dessert Délisse Chocolat noir 4x125g","p":1.15,"u":"2,30 €/KG","img":"https://fd6-photos.leclercdrive.fr/image.ashx?id=2694283&use=l&cat=p&typeid=i","cat":285041},{"id":25171,"n":"Lardons fumés Tradilège Moins 25% de sel 2x75g","p":1.65,"u":"11,00 €/KG","img":"https://fd6-photos.leclercdrive.fr/image.ashx?id=2816630&use=l&cat=p&typeid=i","cat":316011},{"id":25183,"n":"Confiture à l'orange Andros Allégée - 350g","p":1.2,"u":"3,43 €/KG","img":"https://fd6-photos.leclercdrive.fr/image.ashx?id=2398418&use=l&cat=p&typeid=i","cat":284480},{"id":25193,"n":"Dessert Déli'light Délisse Vanille - 8x125g","p":2.31,"u":"2,31 €/KG","img":"https://fd6-photos.leclercdrive.fr/image.ashx?id=2384692&use=l&cat=p&typeid=i","cat":315000},{"id":25203,"n":"Queues de crevettes Pêche Océan Décortiquées cuites 300g","p":6.58,"u":"21,93 €/KG","img":"https://fd6-photos.leclercdrive.fr/image.ashx?id=2955878&use=l&cat=p&typeid=i","cat":319787},{"id":25205,"n":"Pois carottes D'aucy  Tendres et fondants -530g","p":1.73,"u":"3,26 €/KG","img":"https://fd6-photos.leclercdrive.fr/image.ashx?id=2426367&use=l&cat=p&typeid=i","cat":312607},{"id":25207,"n":"Cornichons Rustica Extra fins - 185g","p":1.28,"u":"6,92 €/KG","img":"https://fd6-photos.leclercdrive.fr/image.ashx?id=2799760&use=l&cat=p&typeid=i","cat":284458},{"id":25337,"n":"Café moulu L'Or Absolu 100% Arabica - 2x250g","p":9.98,"u":"19,96 €/KG","img":"https://fd6-photos.leclercdrive.fr/image.ashx?id=2294935&use=l&cat=p&typeid=i","cat":284750},{"id":25342,"n":"Céréales Trésor Kellogg's Chocolat au lait - 1kg","p":6.36,"u":"6,36 €/KG","img":"https://fd6-photos.leclercdrive.fr/image.ashx?id=2598319&use=l&cat=p&typeid=i","cat":309513},{"id":25343,"n":"Céréales Trésor de Kellogg's Chocolat Noisettes - 1kg","p":6.49,"u":"6,49 €/KG","img":"https://fd6-photos.leclercdrive.fr/image.ashx?id=2598316&use=l&cat=p&typeid=i","cat":309513},{"id":25359,"n":"Tablette chocolat blanc Lindt Vanille - 100g","p":2.41,"u":"24,10 €/KG","img":"https://fd6-photos.leclercdrive.fr/image.ashx?id=2755318&use=l&cat=p&typeid=i","cat":284957},{"id":25361,"n":"Chocolat Pâtissier Nestlé Dessert : Caramel - 170g","p":3.06,"u":"18,00 €/KG","img":"https://fd6-photos.leclercdrive.fr/image.ashx?id=2902346&use=l&cat=p&typeid=i","cat":285562},{"id":25366,"n":"Tablette de chocolat noir Lindt 90% cacao - 100g","p":2.22,"u":"22,20 €/KG","img":"https://fd6-photos.leclercdrive.fr/image.ashx?id=2689502&use=l&cat=p&typeid=i","cat":284956},{"id":25370,"n":"Tablette chocolat Côte d'Or Chocolat lait/Noisettes - 200g","p":4.46,"u":"22,30 €/KG","img":"https://fd6-photos.leclercdrive.fr/image.ashx?id=2961218&use=l&cat=p&typeid=i","cat":284497},{"id":25372,"n":"Tablette chocolat Milka Au lait du pays Alpin - 200g","p":2.83,"u":"14,15 €/KG","img":"https://fd6-photos.leclercdrive.fr/image.ashx?id=2994455&use=l&cat=p&typeid=i","cat":284497},{"id":25393,"n":"Pâte à pizza Bio Bio village - 260g","p":1.82,"u":"7,00 €/KG","img":"https://fd6-photos.leclercdrive.fr/image.ashx?id=2879955&use=l&cat=p&typeid=i","cat":333681},{"id":25407,"n":"Bonbons LUTTI Luttimint Menthe - 250g","p":1.76,"u":"7,04 €/KG","img":"https://fd6-photos.leclercdrive.fr/image.ashx?id=2815019&use=l&cat=p&typeid=i","cat":304252},{"id":25408,"n":"Dragolo Haribo Sachet bonbons - 300g","p":1.52,"u":"5,07 €/KG","img":"https://fd6-photos.leclercdrive.fr/image.ashx?id=2803574&use=l&cat=p&typeid=i","cat":304250},{"id":25424,"n":"Pâtes Farfalle Panzani 1kg","p":2.02,"u":"2,02 €/KG","img":"https://fd6-photos.leclercdrive.fr/image.ashx?id=2876047&use=l&cat=p&typeid=i","cat":284427},{"id":25425,"n":"Biscuits apéritif Lay's 3D's Goût Cacahuetes - 85g","p":0.78,"u":"9,18 €/KG","img":"https://fd6-photos.leclercdrive.fr/image.ashx?id=2916824&use=l&cat=p&typeid=i","cat":284449},{"id":25432,"n":"Herbes de provence Ducros Boîte ménagère 40g","p":1.79,"u":"44,75 €/KG","img":"https://fd6-photos.leclercdrive.fr/image.ashx?id=2486548&use=l&cat=p&typeid=i","cat":298297},{"id":25445,"n":"Lait poudre Croissance Modilac  De 12 mois à 36 mois - 800g","p":13.57,"u":"16,96 €/KG","img":"https://fd6-photos.leclercdrive.fr/image.ashx?id=2873390&use=l&cat=p&typeid=i","cat":290219},{"id":25446,"n":"Lait croissance Nidal Nestlé Dès 12 mois - 800g","p":9.39,"u":"11,74 €/KG","img":"https://fd6-photos.leclercdrive.fr/image.ashx?id=2806405&use=l&cat=p&typeid=i","cat":290219},{"id":25485,"n":"Miel de fleurs Lune de Miel Spécialités 500g","p":4.36,"u":"8,72 €/KG","img":"https://fd6-photos.leclercdrive.fr/image.ashx?id=2972409&use=l&cat=p&typeid=i","cat":287643},{"id":25492,"n":"Confiture Bonne Maman Fraise & fraises des bois 370g","p":2.58,"u":"6,97 €/KG","img":"https://fd6-photos.leclercdrive.fr/image.ashx?id=2999841&use=l&cat=p&typeid=i","cat":284480},{"id":25493,"n":"Bouillon Cube Maggi Pot au feu - 180g","p":1.64,"u":"9,11 €/KG","img":"https://fd6-photos.leclercdrive.fr/image.ashx?id=2212315&use=l&cat=p&typeid=i","cat":288379},{"id":25500,"n":"Recharge Dentamyl x2 Pour brosse à dents à pile","p":4.35,"u":"2,18 €/P","img":"https://fd6-photos.leclercdrive.fr/image.ashx?id=1872582&use=l&cat=p&typeid=i","cat":297133},{"id":25515,"n":"Eau minérale naturelle Vittel 6x1L","p":2.52,"u":"0,42 €/L","img":"https://fd6-photos.leclercdrive.fr/image.ashx?id=2276654&use=l&cat=p&typeid=i","cat":284535},{"id":25516,"n":"Eau de source Cristaline 12x50cl","p":1.8,"u":"0,30 €/L","img":"https://fd6-photos.leclercdrive.fr/image.ashx?id=2872874&use=l&cat=p&typeid=i","cat":284535},{"id":25525,"n":"Boisson aux fruits Oasis Tropical - 4x50cl","p":4.45,"u":"2,23 €/L","img":"https://fd6-photos.leclercdrive.fr/image.ashx?id=3014446&use=l&cat=p&typeid=i","cat":295018},{"id":25540,"n":"Soda à l'orange Orangina 4x50cl","p":4.66,"u":"2,33 €/L","img":"https://fd6-photos.leclercdrive.fr/image.ashx?id=2574952&use=l&cat=p&typeid=i","cat":284532},{"id":25541,"n":"Soda à l'orange Orangina 6x25cl","p":4.56,"u":"3,04 €/L","img":"https://fd6-photos.leclercdrive.fr/image.ashx?id=2495653&use=l&cat=p&typeid=i","cat":284532},{"id":25550,"n":"Soda Schweppes Indian Tonic Zero - 1,5L","p":1.74,"u":"1,16 €/L","img":"https://fd6-photos.leclercdrive.fr/image.ashx?id=2852393&use=l&cat=p&typeid=i","cat":284531},{"id":25554,"n":"Soda Schweppes Saveur Citron Zero - 1,5L","p":1.76,"u":"1,17 €/L","img":"https://fd6-photos.leclercdrive.fr/image.ashx?id=2852396&use=l&cat=p&typeid=i","cat":284532},{"id":25557,"n":"Soda Schweppes Saveur Pomme - 1,5L","p":2.27,"u":"1,51 €/L","img":"https://fd6-photos.leclercdrive.fr/image.ashx?id=2852411&use=l&cat=p&typeid=i","cat":284532},{"id":25561,"n":"Jus de fruits Tropicana Multivitaminés Essentiels - 1L","p":2.49,"u":"2,49 €/L","img":"https://fd6-photos.leclercdrive.fr/image.ashx?id=2605641&use=l&cat=p&typeid=i","cat":284917},{"id":25567,"n":"Jus d'orange Jafaden A base de concentré  - 2L","p":3.49,"u":"1,75 €/L","img":"https://fd6-photos.leclercdrive.fr/image.ashx?id=2751892&use=l&cat=p&typeid=i","cat":284521},{"id":25575,"n":"Limonade artisanale Lorina Bouteille - 1L","p":2.98,"u":"2,98 €/L","img":"https://fd6-photos.leclercdrive.fr/image.ashx?id=2735137&use=l&cat=p&typeid=i","cat":284531},{"id":25576,"n":"Limonade Cristal Lorina 1,25L","p":2.28,"u":"1,82 €/L","img":"https://fd6-photos.leclercdrive.fr/image.ashx?id=2575555&use=l&cat=p&typeid=i","cat":284531},{"id":25587,"n":"Vin mousseux de France Kriter Blanc Brut - 75cl","p":4.94,"u":"6,59 €/L","img":"https://fd6-photos.leclercdrive.fr/image.ashx?id=2840868&use=l&cat=p&typeid=i","cat":284544},{"id":25589,"n":"Nectar Bio Pressade Orange pêche abricot - 1,5L","p":2.66,"u":"1,77 €/L","img":"https://fd6-photos.leclercdrive.fr/image.ashx?id=2732503&use=l&cat=p&typeid=i","cat":284521},{"id":25593,"n":"Boisson aux fruits Capri Sun Multivitaminé - 10x20cl","p":3.38,"u":"1,69 €/L","img":"https://fd6-photos.leclercdrive.fr/image.ashx?id=2447067&use=l&cat=p&typeid=i","cat":295018},{"id":25596,"n":"Nectar Bio Pressade Multifruits - 6x20cl","p":2.82,"u":"2,35 €/L","img":"https://fd6-photos.leclercdrive.fr/image.ashx?id=2732518&use=l&cat=p&typeid=i","cat":284524},{"id":25607,"n":"Eau minérale gazeuse Perrier  Naturelle  - 6x50cl","p":3.59,"u":"1,20 €/L","img":"https://fd6-photos.leclercdrive.fr/image.ashx?id=2493916&use=l&cat=p&typeid=i","cat":284536},{"id":25609,"n":"Saucisses aux lentilles  William Saurin- 840g","p":3.39,"u":"4,04 €/KG","img":"https://fd6-photos.leclercdrive.fr/image.ashx?id=2890070&use=l&cat=p&typeid=i","cat":284441},{"id":25614,"n":"Boisson Citronnade Pulco Citron - 1,5L","p":2.16,"u":"1,44 €/L","img":"https://fd6-photos.leclercdrive.fr/image.ashx?id=2941526&use=l&cat=p&typeid=i","cat":295018},{"id":25615,"n":"Concentré à diluer Pulco Agrumes - 70cl","p":2.8,"u":"4,00 €/L","img":"https://fd6-photos.leclercdrive.fr/image.ashx?id=2687851&use=l&cat=p&typeid=i","cat":295020},{"id":25627,"n":"Sirop Moulin de Valdonne Violette - 70cl","p":3.21,"u":"4,59 €/L","img":"https://fd6-photos.leclercdrive.fr/image.ashx?id=2756918&use=l&cat=p&typeid=i","cat":295020},{"id":25629,"n":"Taboulé Pierre Martinet Oriental à l'huile d'olive 1kg","p":4.68,"u":"4,68 €/KG","img":"https://fd6-photos.leclercdrive.fr/image.ashx?id=2662027&use=l&cat=p&typeid=i","cat":333657},{"id":25630,"n":"Taboulé Menu Fraîcheur Poulet - 500g","p":2.11,"u":"4,22 €/KG","img":"https://fd6-photos.leclercdrive.fr/image.ashx?id=2901449&use=l&cat=p&typeid=i","cat":333657},{"id":25632,"n":"Vodka Absolut 40% vol - 70cl","p":18.59,"u":"26,56 €/L","img":"https://fd6-photos.leclercdrive.fr/image.ashx?id=2887239&use=l&cat=p&typeid=i","cat":284550},{"id":25644,"n":"Faisselle Délisse 6%mg - 1kg","p":2.42,"u":"2,42 €/KG","img":"https://fd6-photos.leclercdrive.fr/image.ashx?id=2602352&use=l&cat=p&typeid=i","cat":284409},{"id":25661,"n":"Rasoir Siliss 3 lames - +1 recharge","p":4.25,"img":"https://fd6-photos.leclercdrive.fr/image.ashx?id=2699411&use=l&cat=p&typeid=i","cat":325352},{"id":25663,"n":"Chips à l'ancienne Pom'Lisse Nature - 270g","p":1.85,"u":"6,85 €/KG","img":"https://fd6-photos.leclercdrive.fr/image.ashx?id=2724835&use=l&cat=p&typeid=i","cat":284447},{"id":25685,"n":"Bouillon Cube Maggi Boeuf - 180g","p":1.69,"u":"9,39 €/KG","img":"https://fd6-photos.leclercdrive.fr/image.ashx?id=2882896&use=l&cat=p&typeid=i","cat":288379},{"id":25686,"n":"Bouillon Cube Maggi Volaille - 180g","p":1.52,"u":"8,44 €/KG","img":"https://fd6-photos.leclercdrive.fr/image.ashx?id=2737003&use=l&cat=p&typeid=i","cat":288379},{"id":25689,"n":"AOC Coteaux Varois rosé Terres de Saint-Louis - 75cl","p":5.49,"u":"7,32 €/L","img":"https://fd6-photos.leclercdrive.fr/image.ashx?id=2105905&use=l&cat=p&typeid=i","cat":289558},{"id":25729,"n":"Vinaigrette balsamique Puget Tomate séchée - 33cl","p":2.48,"u":"7,52 €/L","img":"https://fd6-photos.leclercdrive.fr/image.ashx?id=2912143&use=l&cat=p&typeid=i","cat":284456},{"id":25738,"n":"Blanc de poulet Fleury Michon -25% de sel x4 - 160g","p":2.2,"u":"13,75 €/KG","img":"https://fd6-photos.leclercdrive.fr/image.ashx?id=2885974&use=l&cat=p&typeid=i","cat":316010},{"id":25739,"n":"Bûche de chèvre Les Croisés Fondante 22%mg - 180g","p":1.84,"u":"10,22 €/KG","img":"https://fd6-photos.leclercdrive.fr/image.ashx?id=2946838&use=l&cat=p&typeid=i","cat":314031},{"id":25741,"n":"Grana Padano AOP Les Croisés - 200g","p":3.35,"u":"16,75 €/KG","img":"https://fd6-photos.leclercdrive.fr/image.ashx?id=2954088&use=l&cat=p&typeid=i","cat":314034},{"id":25742,"n":"Macédoine Menu Fraîcheur  Légumes - 300g","p":1.69,"u":"5,63 €/KG","img":"https://fd6-photos.leclercdrive.fr/image.ashx?id=2901446&use=l&cat=p&typeid=i","cat":333657},{"id":25743,"n":"Mascarpone Les Croisés - 500g","p":3.08,"u":"6,16 €/KG","img":"https://fd6-photos.leclercdrive.fr/image.ashx?id=2123626&use=l&cat=p&typeid=i","cat":314026},{"id":25744,"n":"Nems au Poulet Tables du Monde  x4  - 280g","p":1.79,"u":"6,39 €/KG","img":"https://fd6-photos.leclercdrive.fr/image.ashx?id=2953338&use=l&cat=p&typeid=i","cat":333673},{"id":25746,"n":"Saucisse de volaille Tradilège  x10 350g","p":1.58,"u":"4,51 €/KG","img":"https://fd6-photos.leclercdrive.fr/image.ashx?id=2625110&use=l&cat=p&typeid=i","cat":316012},{"id":25748,"n":"Hachés au colin d'Alaska Pêche Océan - 200g","p":2.24,"u":"11,20 €/KG","img":"https://fd6-photos.leclercdrive.fr/image.ashx?id=2953623&use=l&cat=p&typeid=i","cat":284344},{"id":25749,"n":"Hachés au saumon Pêche Océan à la ciboulette - 200g","p":2.25,"u":"11,25 €/KG","img":"https://fd6-photos.leclercdrive.fr/image.ashx?id=2953632&use=l&cat=p&typeid=i","cat":284344},{"id":25753,"n":"Génoises fourrées Eco+ Framboise - 300g","p":1.9,"u":"6,33 €/KG","img":"https://fd6-photos.leclercdrive.fr/image.ashx?id=2808197&use=l&cat=p&typeid=i","cat":284489},{"id":25759,"n":"Barquettes chats Gourmet Gold Double délice luxe mix - 12x85g","p":5.86,"u":"5,75 €/KG","img":"https://fd6-photos.leclercdrive.fr/image.ashx?id=2857096&use=l&cat=p&typeid=i","cat":285286},{"id":25762,"n":"Bâtonnets Dentastix Pedigree Grand chien x28 - 1080g","p":8.48,"u":"7,85 €/KG","img":"https://fd6-photos.leclercdrive.fr/image.ashx?id=2924776&use=l&cat=p&typeid=i","cat":294527},{"id":25764,"n":"Olives noires Tramier Dénoyautées - 150g","p":1.57,"u":"10,47 €/KG","img":"https://fd6-photos.leclercdrive.fr/image.ashx?id=2840814&use=l&cat=p&typeid=i","cat":284458},{"id":25765,"n":"Céréales Nestlé Mix Chocapic, Lion, Nesquik x6","p":2.2,"u":"11,58 €/KG","img":"https://fd6-photos.leclercdrive.fr/image.ashx?id=2981364&use=l&cat=p&typeid=i","cat":309513},{"id":25790,"n":"Sucre pure canne Bio Village En morceaux bio - 500g","p":2.09,"u":"4,18 €/KG","img":"https://fd6-photos.leclercdrive.fr/image.ashx?id=3010440&use=l&cat=p&typeid=i","cat":284502},{"id":25793,"n":"AOP Côtes du Rhône rouge Cellier des Dauphins - BIB 3L","p":11.53,"u":"3,84 €/L","img":"https://fd6-photos.leclercdrive.fr/image.ashx?id=2830006&use=l&cat=p&typeid=i","cat":289560},{"id":25805,"n":"Légumes pour pot au feu Panier du Primeur - 1kg","p":2.49,"u":"2,49 €/KG","img":"https://fd6-photos.leclercdrive.fr/image.ashx?id=2958717&use=l&cat=p&typeid=i","cat":284352},{"id":25808,"n":"Protection incontinence Chorys Homme - Important - x20","p":5.5,"u":"0,28 €/P","img":"https://fd6-photos.leclercdrive.fr/image.ashx?id=2672933&use=l&cat=p&typeid=i","cat":291514},{"id":25810,"n":"Coeur de crème Les Croisés 200g","p":1.99,"u":"9,95 €/KG","img":"https://fd6-photos.leclercdrive.fr/image.ashx?id=2375546&use=l&cat=p&typeid=i","cat":314033},{"id":25811,"n":"Salade Coleslaw Menu Fraîcheur  500g","p":1.83,"u":"3,66 €/KG","img":"https://fd6-photos.leclercdrive.fr/image.ashx?id=2645930&use=l&cat=p&typeid=i","cat":333657},{"id":25812,"n":"Coquillettes Coté Table Jambon fromage - 280g","p":1.89,"u":"6,75 €/KG","img":"https://fd6-photos.leclercdrive.fr/image.ashx?id=2727380&use=l&cat=p&typeid=i","cat":284953},{"id":25817,"n":"Emincés de saumon fumé ASC Ronde des mers - 100g","p":4.49,"u":"44,90 €/KG","img":"https://fd6-photos.leclercdrive.fr/image.ashx?id=2953620&use=l&cat=p&typeid=i","cat":285188},{"id":25818,"n":"Émincés de saumon fumé ASC Ronde de mers - 100g","p":4.65,"u":"46,50 €/KG","img":"https://fd6-photos.leclercdrive.fr/image.ashx?id=2953617&use=l&cat=p&typeid=i","cat":285188},{"id":25820,"n":"Flammekueche Coté Table 350g","p":1.88,"u":"5,37 €/KG","img":"https://fd6-photos.leclercdrive.fr/image.ashx?id=2064819&use=l&cat=p&typeid=i","cat":333680},{"id":25822,"n":"Fromage à tartiner Les Croisés Nature - 24%mg - 300g","p":1.84,"u":"6,13 €/KG","img":"https://fd6-photos.leclercdrive.fr/image.ashx?id=1975032&use=l&cat=p&typeid=i","cat":314029},{"id":25825,"n":"Fromage de brebis Les Croisés 210g","p":2.86,"u":"13,62 €/KG","img":"https://fd6-photos.leclercdrive.fr/image.ashx?id=2900112&use=l&cat=p&typeid=i","cat":329184},{"id":25836,"n":"Choucroute garnie  William Saurin - 800g","p":3.98,"u":"4,98 €/KG","img":"https://fd6-photos.leclercdrive.fr/image.ashx?id=2890058&use=l&cat=p&typeid=i","cat":284441},{"id":25839,"n":"Couscous parfumé Tipiak Prêt en 5 min  - 500g","p":2.21,"u":"4,42 €/KG","img":"https://fd6-photos.leclercdrive.fr/image.ashx?id=2946937&use=l&cat=p&typeid=i","cat":284429},{"id":25841,"n":"Couscous Tipiak  Prêt en 1 min 30 s - 500g","p":1.35,"u":"2,70 €/KG","img":"https://fd6-photos.leclercdrive.fr/image.ashx?id=2640431&use=l&cat=p&typeid=i","cat":284429},{"id":25848,"n":"Lait de coco Suzi Wan 500ml","p":2.59,"u":"5,18 €/L","img":"https://fd6-photos.leclercdrive.fr/image.ashx?id=2892934&use=l&cat=p&typeid=i","cat":288992},{"id":25855,"n":"Noix d'epaule Tulip Boîte - 340g","p":3.43,"u":"10,09 €/KG","img":"https://fd6-photos.leclercdrive.fr/image.ashx?id=2465598&use=l&cat=p&typeid=i","cat":305149},{"id":25856,"n":"Olives vertes La Ciota Farcies anchois - 120g","p":1.87,"u":"15,58 €/KG","img":"https://fd6-photos.leclercdrive.fr/image.ashx?id=2296575&use=l&cat=p&typeid=i","cat":284458},{"id":25868,"n":"Flocons d'avoine Quaker Oats Classic - 800g","p":2.3,"u":"2,88 €/KG","img":"https://fd6-photos.leclercdrive.fr/image.ashx?id=2344498&use=l&cat=p&typeid=i","cat":309512},{"id":25879,"n":"Bâtonnets Dentastix Pedigree Petit chien x28 - 440g","p":5.45,"u":"12,39 €/KG","img":"https://fd6-photos.leclercdrive.fr/image.ashx?id=2877106&use=l&cat=p&typeid=i","cat":294527},{"id":25889,"n":"Mignonnettes Côte d'Or Chocolat au lait - 24x10g","p":5.59,"u":"23,29 €/KG","img":"https://fd6-photos.leclercdrive.fr/image.ashx?id=3002210&use=l&cat=p&typeid=i","cat":284499},{"id":25898,"n":"Chocolat Nougatti Côte d'Or Nougat/chocolat au lait -270g","p":4.54,"u":"16,81 €/KG","img":"https://fd6-photos.leclercdrive.fr/image.ashx?id=2612388&use=l&cat=p&typeid=i","cat":284498},{"id":25914,"n":"Tablette chocolat Côte d'Or Chocolat noir praliné - 200g","p":3.93,"u":"19,65 €/KG","img":"https://fd6-photos.leclercdrive.fr/image.ashx?id=2941943&use=l&cat=p&typeid=i","cat":284956},{"id":25947,"n":"Escalope Milanaise Marie 2x300g","p":5.8,"u":"9,67 €/KG","img":"https://fd6-photos.leclercdrive.fr/image.ashx?id=2331813&use=l&cat=p&typeid=i","cat":333665},{"id":26014,"n":"Colin d'Alaska Marie Petites St Jacques Hisseo 900g","p":5.64,"u":"6,27 €/KG","img":"https://fd6-photos.leclercdrive.fr/image.ashx?id=2996758&use=l&cat=p&typeid=i","cat":319786},{"id":26026,"n":"Gel douche Eco+ Amande - 500ml","p":0.65,"u":"1,30 €/L","img":"https://fd6-photos.leclercdrive.fr/image.ashx?id=2979328&use=l&cat=p&typeid=i","cat":284594},{"id":26027,"n":"Gel douche Eco  Senteur vanille - 500ml","p":0.65,"u":"1,30 €/L","img":"https://fd6-photos.leclercdrive.fr/image.ashx?id=2079795&use=l&cat=p&typeid=i","cat":284594},{"id":26030,"n":"Masque Inell Film purifiant x2","p":0.99,"img":"https://fd6-photos.leclercdrive.fr/image.ashx?id=2691625&use=l&cat=p&typeid=i","cat":325346},{"id":26035,"n":"Bain de bouche Dentamyl Fraîcheur menthe - 500ml","p":1.89,"u":"3,78 €/L","img":"https://fd6-photos.leclercdrive.fr/image.ashx?id=2526604&use=l&cat=p&typeid=i","cat":284613},{"id":26038,"n":"Recharge savon mains Manava Crème Lait et miel - 250ml","p":0.57,"u":"2,28 €/L","img":"https://fd6-photos.leclercdrive.fr/image.ashx?id=2935489&use=l&cat=p&typeid=i","cat":284597},{"id":26040,"n":"Recharge savon mains Manava Gel spécial cuisine - 250ml","p":0.66,"u":"2,64 €/L","img":"https://fd6-photos.leclercdrive.fr/image.ashx?id=2618320&use=l&cat=p&typeid=i","cat":284597},{"id":26065,"n":"Saucisson Petit Justin Bridou  Bâton de Berger Nature - 100g","p":2.37,"u":"23,70 €/KG","img":"https://fd6-photos.leclercdrive.fr/image.ashx?id=2851036&use=l&cat=p&typeid=i","cat":316006},{"id":26075,"n":"Liqueur Pisang Ambon 17%vol. - 70cl","p":10.74,"u":"15,34 €/L","img":"https://fd6-photos.leclercdrive.fr/image.ashx?id=2262647&use=l&cat=p&typeid=i","cat":286032},{"id":26087,"n":"Fromage blanc sous mousse  gervita nature - 8x100g","p":3.49,"u":"4,36 €/KG","img":"https://fd6-photos.leclercdrive.fr/image.ashx?id=2265768&use=l&cat=p&typeid=i","cat":284409},{"id":26151,"n":"Sucre Eco+  En poudre - 1kg","p":0.97,"u":"0,97 €/KG","img":"https://fd6-photos.leclercdrive.fr/image.ashx?id=2675679&use=l&cat=p&typeid=i","cat":284502},{"id":26152,"n":"Salade Mexicaine Eco+ Au thon - 280g","p":1.12,"u":"4,00 €/KG","img":"https://fd6-photos.leclercdrive.fr/image.ashx?id=2884201&use=l&cat=p&typeid=i","cat":284437},{"id":26153,"n":"Salade Americaine Eco+ Au thon - 280g","p":1.12,"u":"4,00 €/KG","img":"https://fd6-photos.leclercdrive.fr/image.ashx?id=2873649&use=l&cat=p&typeid=i","cat":284437},{"id":26154,"n":"Salade Niçoise Eco+ Au thon - 280g","p":1.12,"u":"4,00 €/KG","img":"https://fd6-photos.leclercdrive.fr/image.ashx?id=2896012&use=l&cat=p&typeid=i","cat":284437},{"id":26161,"n":"Yaourt nature brassé bifidus Activia - 8x125g","p":2.7,"u":"2,70 €/KG","img":"https://fd6-photos.leclercdrive.fr/image.ashx?id=2741691&use=l&cat=p&typeid=i","cat":315000},{"id":26183,"n":"Adoucissant Hyperdou Rêve de fraîcheur - 3x250ml","p":1.23,"u":"1,64 €/L","img":"https://fd6-photos.leclercdrive.fr/image.ashx?id=2643318&use=l&cat=p&typeid=i","cat":284650},{"id":26185,"n":"Lingettes désinfectante Sanytol Multi-usage Eucalyptus - x72","p":1.57,"u":"0,03 €/P","img":"https://fd6-photos.leclercdrive.fr/image.ashx?id=2899353&use=l&cat=p&typeid=i","cat":325358},{"id":26193,"n":"Edulcorant Canderel sticks x120 - 120g","p":2.78,"u":"23,17 €/KG","img":"https://fd6-photos.leclercdrive.fr/image.ashx?id=2811011&use=l&cat=p&typeid=i","cat":324846},{"id":26223,"n":"Sauce Sacla'Italia Arrabbiata - 190g","p":2.12,"u":"11,16 €/KG","img":"https://fd6-photos.leclercdrive.fr/image.ashx?id=2971413&use=l&cat=p&typeid=i","cat":287599},{"id":26258,"n":"Madeleines coquilles P'tit déli Sachet 600g","p":2.39,"u":"3,98 €/KG","img":"https://fd6-photos.leclercdrive.fr/image.ashx?id=2540948&use=l&cat=p&typeid=i","cat":284492},{"id":26271,"n":"Rôti de porc Tradilège 6 tranches VPF 180g","p":2.38,"u":"13,22 €/KG","img":"https://fd6-photos.leclercdrive.fr/image.ashx?id=2675786&use=l&cat=p&typeid=i","cat":316009},{"id":26278,"n":"Mélange chili mexicain Ducros Sachet malin - 20g","p":1.42,"u":"71,00 €/KG","img":"https://fd6-photos.leclercdrive.fr/image.ashx?id=2326661&use=l&cat=p&typeid=i","cat":298297},{"id":26279,"n":"Mélange couscous royal Ducros Sachet malin - 20g","p":1.6,"u":"80,00 €/KG","img":"https://fd6-photos.leclercdrive.fr/image.ashx?id=2490491&use=l&cat=p&typeid=i","cat":298297},{"id":26281,"n":"Mélange malin Ducros Pour plats Mexicains - 40g","p":1.99,"u":"49,75 €/KG","img":"https://fd6-photos.leclercdrive.fr/image.ashx?id=2559445&use=l&cat=p&typeid=i","cat":298297},{"id":26286,"n":"Soupe instantanée Royco  Crème de Champignons - 4x200ml","p":1.42,"u":"23,67 €/KG","img":"https://fd6-photos.leclercdrive.fr/image.ashx?id=2650979&use=l&cat=p&typeid=i","cat":293527},{"id":26287,"n":"Sauce Sacla'Italia Caviar de tomate à l'ail - 190g","p":2.08,"u":"10,95 €/KG","img":"https://fd6-photos.leclercdrive.fr/image.ashx?id=2160225&use=l&cat=p&typeid=i","cat":287599},{"id":26289,"n":"Sauce froide Suzi Wan Aigre douce 330g","p":2.24,"u":"6,79 €/KG","img":"https://fd6-photos.leclercdrive.fr/image.ashx?id=2990886&use=l&cat=p&typeid=i","cat":288992},{"id":26303,"n":"Céréales Corn Flakes Eco+ sucrés - 750g","p":2.13,"u":"2,84 €/KG","img":"https://fd6-photos.leclercdrive.fr/image.ashx?id=2934643&use=l&cat=p&typeid=i","cat":309513},{"id":26307,"n":"Boisson énergisante Red Bull 473ml","p":2.06,"u":"4,36 €/L","img":"https://fd6-photos.leclercdrive.fr/image.ashx?id=3011986&use=l&cat=p&typeid=i","cat":284533},{"id":26309,"n":"Boîte chat Whiskas  Gelée mer & campagne - 8x400g","p":9.79,"u":"3,14 €/KG","img":"https://fd6-photos.leclercdrive.fr/image.ashx?id=2759628&use=l&cat=p&typeid=i","cat":285601},{"id":26310,"n":"Cornichons Kühne Aigre doux - 360g","p":2.39,"u":"6,64 €/KG","img":"https://fd6-photos.leclercdrive.fr/image.ashx?id=2550925&use=l&cat=p&typeid=i","cat":284458},{"id":26316,"n":"Mini-crêpes fourrées Tokapi Bacon - 65g","p":1.9,"u":"29,23 €/KG","img":"https://fd6-photos.leclercdrive.fr/image.ashx?id=2499079&use=l&cat=p&typeid=i","cat":297000},{"id":26319,"n":"Noix de cajou Tokapi Sans sel ajouté - 125g","p":1.79,"u":"14,32 €/KG","img":"https://fd6-photos.leclercdrive.fr/image.ashx?id=2794000&use=l&cat=p&typeid=i","cat":284448},{"id":26320,"n":"Oignons frits snack Kühne Boîte -  100g","p":1.3,"u":"13,00 €/KG","img":"https://fd6-photos.leclercdrive.fr/image.ashx?id=2447079&use=l&cat=p&typeid=i","cat":298297},{"id":26323,"n":"Soda Jean's Cola Canette - 12x15cl","p":3.75,"u":"2,08 €/L","img":"https://fd6-photos.leclercdrive.fr/image.ashx?id=2637895&use=l&cat=p&typeid=i","cat":284530},{"id":26361,"n":"Levure super active Vahiné Spécial pain sachet 6x27.6g","p":1.19,"u":"7,08 €/KG","img":"https://fd6-photos.leclercdrive.fr/image.ashx?id=2606259&use=l&cat=p&typeid=i","cat":294686},{"id":26376,"n":"Pepites de chocolat au lait Vahiné - 100g","p":2.33,"u":"23,30 €/KG","img":"https://fd6-photos.leclercdrive.fr/image.ashx?id=2983243&use=l&cat=p&typeid=i","cat":284504},{"id":26398,"n":"Sucre vanilliné Vahiné 10 sachets 75g","p":0.95,"u":"12,67 €/KG","img":"https://fd6-photos.leclercdrive.fr/image.ashx?id=2490539&use=l&cat=p&typeid=i","cat":294686},{"id":26449,"n":"Vin mousseux supérieur Opéra Brut 11%vol 75cl","p":3.25,"u":"4,33 €/L","img":"https://fd6-photos.leclercdrive.fr/image.ashx?id=2971999&use=l&cat=p&typeid=i","cat":284544},{"id":26457,"n":"Bière blonde Abbaye Alveringem 6.2%vol. - 6x25cl","p":3.4,"u":"2,27 €/L","img":"https://fd6-photos.leclercdrive.fr/image.ashx?id=2637892&use=l&cat=p&typeid=i","cat":334852},{"id":26461,"n":"Lait sans lactose Délisse UHT Bouteille -  1L","p":1.25,"u":"1,25 €/L","img":"https://fd6-photos.leclercdrive.fr/image.ashx?id=2610217&use=l&cat=p&typeid=i","cat":317169},{"id":26464,"n":"Steak haché 5% MG Bio Village Bio 2x100g","p":4.59,"u":"22,95 €/KG","img":"https://fd6-photos.leclercdrive.fr/image.ashx?id=2951338&use=l&cat=p&typeid=i","cat":284332},{"id":26484,"n":"Croquette chat stérilisé Ultima  Poulet - 3kg","p":12.34,"u":"4,11 €/KG","img":"https://fd6-photos.leclercdrive.fr/image.ashx?id=2918886&use=l&cat=p&typeid=i","cat":284680},{"id":26493,"n":"Pizza Merveillosa Turini Mozzarella - 335g","p":2.21,"u":"6,60 €/KG","img":"https://fd6-photos.leclercdrive.fr/image.ashx?id=2579363&use=l&cat=p&typeid=i","cat":284256},{"id":26494,"n":"Pizza Merveillosa Turini Thon - 355g","p":2.26,"u":"6,37 €/KG","img":"https://fd6-photos.leclercdrive.fr/image.ashx?id=2815238&use=l&cat=p&typeid=i","cat":284256},{"id":26512,"n":"Fromage blanc Délisse Fraise 5.5%MG - 500g","p":2.55,"u":"5,10 €/KG","img":"https://fd6-photos.leclercdrive.fr/image.ashx?id=3009514&use=l&cat=p&typeid=i","cat":284409},{"id":26562,"n":"Lait sans lactose Délisse UHT Bouteille -  6x1L","p":7.5,"u":"1,25 €/L","img":"https://fd6-photos.leclercdrive.fr/image.ashx?id=2366292&use=l&cat=p&typeid=i","cat":317169},{"id":26565,"n":"Lait Croissance Bio Village bio 10 à 36 mois - 6x1L","p":9.99,"u":"1,67 €/L","img":"https://fd6-photos.leclercdrive.fr/image.ashx?id=2802032&use=l&cat=p&typeid=i","cat":284728},{"id":26569,"n":"Filet de poulet blanc Le Gaulois 720g","p":9.44,"u":"13,11 €/KG","img":"https://fd6-photos.leclercdrive.fr/image.ashx?id=3003212&use=l&cat=p&typeid=i","cat":284336},{"id":26586,"n":"Fromage blanc Déli'light Vanille 0%MG - 8x100g","p":2.66,"u":"3,33 €/KG","img":"https://fd6-photos.leclercdrive.fr/image.ashx?id=2967591&use=l&cat=p&typeid=i","cat":315000},{"id":26611,"n":"Sel moulu Le Guérandais Tradition - 250g","p":1.74,"u":"6,96 €/KG","img":"https://fd6-photos.leclercdrive.fr/image.ashx?id=1954622&use=l&cat=p&typeid=i","cat":284457},{"id":26647,"n":"Chair à saucisses porc Férial 400g","p":3.49,"u":"8,73 €/KG","img":"https://fd6-photos.leclercdrive.fr/image.ashx?id=2953308&use=l&cat=p&typeid=i","cat":284332},{"id":26648,"n":"Couscous Grain Moyen Regia - 500G","p":1.52,"u":"3,04 €/KG","img":"https://fd6-photos.leclercdrive.fr/image.ashx?id=2870206&use=l&cat=p&typeid=i","cat":284429},{"id":26649,"n":"Cacahuètes Benenuts-Twinuts Nature Sel - 150g","p":1.07,"u":"7,13 €/KG","img":"https://fd6-photos.leclercdrive.fr/image.ashx?id=2967735&use=l&cat=p&typeid=i","cat":284448},{"id":26651,"n":"Farine de blé Coeur de Blé 1kg","p":1.12,"u":"1,12 €/KG","img":"https://fd6-photos.leclercdrive.fr/image.ashx?id=2642639&use=l&cat=p&typeid=i","cat":284503},{"id":26663,"n":"Farine de sarrasin Treblec 1kg","p":2.81,"u":"2,81 €/KG","img":"https://fd6-photos.leclercdrive.fr/image.ashx?id=2734843&use=l&cat=p&typeid=i","cat":284503},{"id":26708,"n":"Cacahuètes Benenuts-Twinuts Bacon Grillé - 150g","p":1.09,"u":"7,27 €/KG","img":"https://fd6-photos.leclercdrive.fr/image.ashx?id=2967738&use=l&cat=p&typeid=i","cat":284448},{"id":26713,"n":"Brownie Brossard Chocolat pépites 285g","p":2.7,"u":"9,47 €/KG","img":"https://fd6-photos.leclercdrive.fr/image.ashx?id=2977492&use=l&cat=p&typeid=i","cat":294776},{"id":26720,"n":"Lentilles Préparées Cassegrain Tendres et Fondantes 130g","p":1.14,"u":"8,77 €/KG","img":"https://fd6-photos.leclercdrive.fr/image.ashx?id=2912992&use=l&cat=p&typeid=i","cat":312609},{"id":26722,"n":"Ratatouille Cuisinée Cassegrain à la Provençale 660g","p":3.61,"u":"5,47 €/KG","img":"https://fd6-photos.leclercdrive.fr/image.ashx?id=2902660&use=l&cat=p&typeid=i","cat":312612},{"id":26733,"n":"Dessert végétal au soja Sojasun Nature - 12x100g","p":3.2,"u":"2,67 €/KG","img":"https://fd6-photos.leclercdrive.fr/image.ashx?id=2355665&use=l&cat=p&typeid=i","cat":316071},{"id":26765,"n":"Mayonnaise Rustica A la moutarde de Dijon - 470g","p":1.6,"u":"3,40 €/KG","img":"https://fd6-photos.leclercdrive.fr/image.ashx?id=2954361&use=l&cat=p&typeid=i","cat":298295},{"id":26797,"n":"Compote Douceur du Verger Coupelle pomme fraise - 4x100g","p":1.15,"u":"2,88 €/KG","img":"https://fd6-photos.leclercdrive.fr/image.ashx?id=2663503&use=l&cat=p&typeid=i","cat":284508},{"id":26801,"n":"Langue de boeuf Hénaff Sauce Madère 410g","p":5.52,"u":"13,46 €/KG","img":"https://fd6-photos.leclercdrive.fr/image.ashx?id=2334359&use=l&cat=p&typeid=i","cat":284441},{"id":26805,"n":"Crêpes dentelle Gavottes Nature étui 125g","p":2.03,"u":"16,24 €/KG","img":"https://fd6-photos.leclercdrive.fr/image.ashx?id=2664473&use=l&cat=p&typeid=i","cat":284487},{"id":26808,"n":"Thon blanc entier Connétable Naturel Label Rouge - 120g","p":3.53,"u":"29,42 €/KG","img":"https://fd6-photos.leclercdrive.fr/image.ashx?id=2901935&use=l&cat=p&typeid=i","cat":303867},{"id":26813,"n":"Vin mousseux Opéra Supérieur demi-sec 11%vol 75cl","p":3.02,"u":"4,03 €/L","img":"https://fd6-photos.leclercdrive.fr/image.ashx?id=2911378&use=l&cat=p&typeid=i","cat":284544},{"id":26818,"n":"Boisson base vin rosée Very Pamp Pamplemousse - 75cl","p":3.01,"u":"4,01 €/L","img":"https://fd6-photos.leclercdrive.fr/image.ashx?id=2446629&use=l&cat=p&typeid=i","cat":304569},{"id":26820,"n":"IGP Pays d'Oc rouge Roche Mazet Merlot - BIB 3L","p":11.58,"u":"3,86 €/L","img":"https://fd6-photos.leclercdrive.fr/image.ashx?id=2597387&use=l&cat=p&typeid=i","cat":289560},{"id":26840,"n":"Spray Détachant Vanish  Avant-lavage - 750ml","p":4.86,"u":"6,48 €/L","img":"https://fd6-photos.leclercdrive.fr/image.ashx?id=2963913&use=l&cat=p&typeid=i","cat":284651},{"id":26877,"n":"Crackers Mini pizza Tokapi 85g","p":0.69,"u":"8,12 €/KG","img":"https://fd6-photos.leclercdrive.fr/image.ashx?id=2351232&use=l&cat=p&typeid=i","cat":297000},{"id":26926,"n":"Couches bébé Mots d'Enfants -T3 Ultra confort - 4/9kg - x162","p":19.7,"u":"0,12 €/P","img":"https://fd6-photos.leclercdrive.fr/image.ashx?id=2573987&use=l&cat=p&typeid=i","cat":284737},{"id":26978,"n":"Chewing-gum menthol Airwaves Eucalyptus s/sucre 5x10","p":2.2,"img":"https://fd6-photos.leclercdrive.fr/image.ashx?id=2355902&use=l&cat=p&typeid=i","cat":304251},{"id":26979,"n":"Chewing-gum Airwaves Cool cassis s/sucre 5x10","p":2.2,"img":"https://fd6-photos.leclercdrive.fr/image.ashx?id=2355905&use=l&cat=p&typeid=i","cat":304251},{"id":26980,"n":"Chewing-gum Airwaves Black menthol sans sucre 5x10","p":2.2,"img":"https://fd6-photos.leclercdrive.fr/image.ashx?id=2355908&use=l&cat=p&typeid=i","cat":304251},{"id":26988,"n":"Courgette Eco+ 1kg","p":2.49,"u":"2,49 €/KG","img":"https://fd6-photos.leclercdrive.fr/image.ashx?id=2625692&use=l&cat=p&typeid=i","cat":284352},{"id":26998,"n":"Sachet repas chats Gourmet Les filettines en sauce -12x85g","p":5.47,"u":"5,36 €/KG","img":"https://fd6-photos.leclercdrive.fr/image.ashx?id=2902277&use=l&cat=p&typeid=i","cat":285286},{"id":27026,"n":"Huggies® Little Swimmers® Maxipack Taille 3-4 x20","p":12.28,"u":"0,61 €/P","img":"https://fd6-photos.leclercdrive.fr/image.ashx?id=2844703&use=l&cat=p&typeid=i","cat":290634},{"id":27088,"n":"Glace à l'eau Stick Smicy 5 parfums x20 - 845g","p":2.74,"u":"3,24 €/KG","img":"https://fd6-photos.leclercdrive.fr/image.ashx?id=2073057&use=l&cat=p&typeid=i","cat":285250},{"id":27091,"n":"Mayonnaise Rustica A la moutarde de Dijon - 235g","p":1.13,"u":"4,81 €/KG","img":"https://fd6-photos.leclercdrive.fr/image.ashx?id=2954358&use=l&cat=p&typeid=i","cat":298295},{"id":27093,"n":"Compote Douceur du Verger Coupelle pomme abricot - 4x100g","p":1.19,"u":"2,98 €/KG","img":"https://fd6-photos.leclercdrive.fr/image.ashx?id=2663500&use=l&cat=p&typeid=i","cat":284508},{"id":27096,"n":"Mayonnaise allégée Rustica 450g","p":1.14,"u":"2,53 €/KG","img":"https://fd6-photos.leclercdrive.fr/image.ashx?id=3005682&use=l&cat=p&typeid=i","cat":298295},{"id":27098,"n":"Café moulu Plantation Brésil - 250g","p":3.7,"u":"14,80 €/KG","img":"https://fd6-photos.leclercdrive.fr/image.ashx?id=2607512&use=l&cat=p&typeid=i","cat":284750},{"id":27105,"n":"Corned Beef Hereford 7 Oz  - 200g","p":2.31,"u":"11,55 €/KG","img":"https://fd6-photos.leclercdrive.fr/image.ashx?id=2896943&use=l&cat=p&typeid=i","cat":305149},{"id":27106,"n":"Couches bébé Mots d'Enfants Mini - T2 : 3/6kg - x35 changes","p":5.18,"u":"0,15 €/P","img":"https://fd6-photos.leclercdrive.fr/image.ashx?id=2904568&use=l&cat=p&typeid=i","cat":284737},{"id":27108,"n":"Steak haché 5%mg Férial façon bouchère - 250g","p":4.49,"u":"17,96 €/KG","img":"https://fd6-photos.leclercdrive.fr/image.ashx?id=2903989&use=l&cat=p&typeid=i","cat":284332},{"id":27109,"n":"Steak haché 15mg Férial Façon bouchère - 250g","p":3.99,"u":"15,96 €/KG","img":"https://fd6-photos.leclercdrive.fr/image.ashx?id=2903992&use=l&cat=p&typeid=i","cat":284332},{"id":27114,"n":"Lait céréales Blédidej 12 mois Chocolat - 4x250ml","p":3.61,"u":"3,61 €/L","img":"https://fd6-photos.leclercdrive.fr/image.ashx?id=2921058&use=l&cat=p&typeid=i","cat":312226},{"id":27126,"n":"Sucre Beghin Say Saveur vergeoise brune - 500g","p":1.58,"u":"3,16 €/KG","img":"https://fd6-photos.leclercdrive.fr/image.ashx?id=2860178&use=l&cat=p&typeid=i","cat":284502},{"id":27129,"n":"Papillotes Préparation Maggi Poulet ail et oignons - 36g","p":0.76,"u":"21,11 €/KG","img":"https://fd6-photos.leclercdrive.fr/image.ashx?id=2965295&use=l&cat=p&typeid=i","cat":288380},{"id":27137,"n":"Friandises Picnic Fido Festival 3 variétés  x15  -126g","p":1.59,"u":"12,62 €/KG","img":"https://fd6-photos.leclercdrive.fr/image.ashx?id=2382595&use=l&cat=p&typeid=i","cat":294527},{"id":27141,"n":"Bière blonde Saint Omer 4%vol. - 1L","p":1.75,"u":"1,75 €/L","img":"https://fd6-photos.leclercdrive.fr/image.ashx?id=2939334&use=l&cat=p&typeid=i","cat":334873},{"id":27149,"n":"Bonbons Croibleu Sève de pin - 250g","p":2.27,"u":"9,08 €/KG","img":"https://fd6-photos.leclercdrive.fr/image.ashx?id=1640045&use=l&cat=p&typeid=i","cat":304252},{"id":27152,"n":"Graisse à frire de boeuf Sans odeur - 1kg","p":4.04,"u":"4,04 €/KG","img":"https://fd6-photos.leclercdrive.fr/image.ashx?id=1753526&use=l&cat=p&typeid=i","cat":284453},{"id":27153,"n":"Gaufres lait fourrées Rita Goût vergeoise barquette 300g","p":1.47,"u":"4,90 €/KG","img":"https://fd6-photos.leclercdrive.fr/image.ashx?id=1560787&use=l&cat=p&typeid=i","cat":294777},{"id":27158,"n":"Mini Barre Chocolat Lait KitKat x21 barres - 350g","p":4.84,"u":"13,83 €/KG","img":"https://fd6-photos.leclercdrive.fr/image.ashx?id=2762611&use=l&cat=p&typeid=i","cat":284498},{"id":27172,"n":"Boisson lactée allégé Candy'UP Chocolat - 6x20cl","p":2.75,"u":"2,29 €/L","img":"https://fd6-photos.leclercdrive.fr/image.ashx?id=2492148&use=l&cat=p&typeid=i","cat":295246},{"id":27174,"n":"Bière blonde Tripel Karmeliet 8,4% - 75cl","p":4.6,"u":"6,13 €/L","img":"https://fd6-photos.leclercdrive.fr/image.ashx?id=2861180&use=l&cat=p&typeid=i","cat":334872},{"id":27178,"n":"Friandises Fun Tastix Fido Jambon fromage - 150g","p":1.64,"u":"10,93 €/KG","img":"https://fd6-photos.leclercdrive.fr/image.ashx?id=2681212&use=l&cat=p&typeid=i","cat":294527},{"id":27186,"n":"Bière blonde Leffe Triple 8,5% - 75cl","p":3.19,"u":"4,25 €/L","img":"https://fd6-photos.leclercdrive.fr/image.ashx?id=1890049&use=l&cat=p&typeid=i","cat":334852},{"id":27189,"n":"Cornichons Kühne Spécial Sandwich - 185g","p":1.96,"u":"10,59 €/KG","img":"https://fd6-photos.leclercdrive.fr/image.ashx?id=2058418&use=l&cat=p&typeid=i","cat":284458},{"id":27207,"n":"Eau minérale naturelle St Amand Gazeuse - 6x1L","p":2.65,"u":"0,44 €/L","img":"https://fd6-photos.leclercdrive.fr/image.ashx?id=2549606&use=l&cat=p&typeid=i","cat":284536},{"id":27213,"n":"Pain boulot coupé  500g","p":1.45,"u":"2,90 €/KG","img":"https://fd6-photos.leclercdrive.fr/image.ashx?id=612526&use=l&cat=p&typeid=i","cat":284359},{"id":27229,"n":"Couches bébé Mots d'Enfants Ecologique - T4 : 7/18kg - x32","p":8.99,"u":"0,28 €/P","img":"https://fd6-photos.leclercdrive.fr/image.ashx?id=2904562&use=l&cat=p&typeid=i","cat":284737},{"id":27230,"n":"Couches bébé Mots d'Enfants Ecologique - T5 : 11/25kg - x28","p":9.29,"u":"0,33 €/P","img":"https://fd6-photos.leclercdrive.fr/image.ashx?id=2487153&use=l&cat=p&typeid=i","cat":284737},{"id":27363,"n":"Steak haché 5% mg Bio  Bio village - 250g","p":5.97,"u":"23,88 €/KG","img":"https://fd6-photos.leclercdrive.fr/image.ashx?id=2954187&use=l&cat=p&typeid=i","cat":284332},{"id":27367,"n":"Vin d'Union Européenne blanc François D'Aubigné - 75 cl","p":1.49,"u":"1,99 €/L","img":"https://fd6-photos.leclercdrive.fr/image.ashx?id=2939043&use=l&cat=p&typeid=i","cat":289557},{"id":27377,"n":"Cordons bleus Isla Délice Halal - x4 400g","p":3.69,"u":"9,23 €/KG","img":"https://fd6-photos.leclercdrive.fr/image.ashx?id=2249689&use=l&cat=p&typeid=i","cat":319780},{"id":27379,"n":"Steak haché Isla Délice 80% pur boeuf Halal - 800g","p":10.37,"u":"12,96 €/KG","img":"https://fd6-photos.leclercdrive.fr/image.ashx?id=1583297&use=l&cat=p&typeid=i","cat":319778},{"id":27381,"n":"Boulettes de boeuf Isla Délice Halal - x27 - 810g","p":9.06,"u":"11,19 €/KG","img":"https://fd6-photos.leclercdrive.fr/image.ashx?id=1925102&use=l&cat=p&typeid=i","cat":319779},{"id":27382,"n":"Nuggets Isla Délice Halal - 400g","p":3.31,"u":"8,28 €/KG","img":"https://fd6-photos.leclercdrive.fr/image.ashx?id=2256104&use=l&cat=p&typeid=i","cat":319780},{"id":27398,"n":"Saucisse Isla Délice Halal - Goût volaille - 500g","p":2.25,"u":"4,50 €/KG","img":"https://fd6-photos.leclercdrive.fr/image.ashx?id=1989117&use=l&cat=p&typeid=i","cat":316013},{"id":27400,"n":"Mortadelle Isla Délice Halal Volaille olive 120g","p":1.22,"u":"10,17 €/KG","img":"https://fd6-photos.leclercdrive.fr/image.ashx?id=1551104&use=l&cat=p&typeid=i","cat":316013},{"id":27434,"n":"Coupelles Pêches DDV Sirop léger - 4x70 g","p":2.49,"u":"8,89 €/KG","img":"https://fd6-photos.leclercdrive.fr/image.ashx?id=2100784&use=l&cat=p&typeid=i","cat":284507},{"id":27454,"n":"Maïs Notre Jardin Croquant - 3x140g","p":1.83,"u":"4,36 €/KG","img":"https://fd6-photos.leclercdrive.fr/image.ashx?id=2988051&use=l&cat=p&typeid=i","cat":312611},{"id":27487,"n":"Dés Salakis basilic Fromage brebis - 300g","p":3.39,"u":"11,30 €/KG","img":"https://fd6-photos.leclercdrive.fr/image.ashx?id=2729695&use=l&cat=p&typeid=i","cat":314026},{"id":27523,"n":"Colin d'Alaska Pêche Océan À la parisienne - MSC - 400g","p":2.79,"u":"6,98 €/KG","img":"https://fd6-photos.leclercdrive.fr/image.ashx?id=2930120&use=l&cat=p&typeid=i","cat":319786},{"id":27524,"n":"Colin d'Alaska Côté Table A la provençale - MSC - 400g","p":2.79,"u":"6,98 €/KG","img":"https://fd6-photos.leclercdrive.fr/image.ashx?id=2930123&use=l&cat=p&typeid=i","cat":319786},{"id":27563,"n":"Blocs WC 3en1 Syphon Javel + Eau bleue - x2","p":1.5,"u":"0,75 €/P","img":"https://fd6-photos.leclercdrive.fr/image.ashx?id=2637643&use=l&cat=p&typeid=i","cat":284662},{"id":27564,"n":"Blé précuit Comptoir du Grain Sachet cuisson - x4 - 500g","p":1.58,"u":"3,16 €/KG","img":"https://fd6-photos.leclercdrive.fr/image.ashx?id=2515494&use=l&cat=p&typeid=i","cat":284429},{"id":27566,"n":"Ruban adhésif d'emballage Siléa Largeur 50mm x 66 mètres","p":2.87,"img":"https://fd6-photos.leclercdrive.fr/image.ashx?id=2162345&use=l&cat=p&typeid=i","cat":300576},{"id":27709,"n":"Dentifrice Dentamyl Soin complet sensitive 75ml","p":0.92,"u":"12,27 €/L","img":"https://fd6-photos.leclercdrive.fr/image.ashx?id=2489119&use=l&cat=p&typeid=i","cat":284612},{"id":27721,"n":"Emmental Les Croisés En tranches - 200g","p":1.94,"u":"9,70 €/KG","img":"https://fd6-photos.leclercdrive.fr/image.ashx?id=2436317&use=l&cat=p&typeid=i","cat":314028},{"id":27834,"n":"Pizza Crousti-moelleuse Marie 4 fromages - 510g","p":3.9,"u":"7,65 €/KG","img":"https://fd6-photos.leclercdrive.fr/image.ashx?id=2996749&use=l&cat=p&typeid=i","cat":284256},{"id":27836,"n":"Pizza Crousti-moelleuse Marie Poulet kebab - 530g","p":4.24,"u":"8,00 €/KG","img":"https://fd6-photos.leclercdrive.fr/image.ashx?id=2996752&use=l&cat=p&typeid=i","cat":284256},{"id":27941,"n":"Cotons Duo Démaquillants Inell Disques x110","p":0.97,"img":"https://fd6-photos.leclercdrive.fr/image.ashx?id=1709588&use=l&cat=p&typeid=i","cat":285593},{"id":27976,"n":"Eau minérale naturelle Vittel 8x33cl","p":2.7,"u":"1,02 €/L","img":"https://fd6-photos.leclercdrive.fr/image.ashx?id=3000423&use=l&cat=p&typeid=i","cat":284535},{"id":27977,"n":"Eau minérale naturelle Vittel 6x50cl","p":2.47,"u":"0,82 €/L","img":"https://fd6-photos.leclercdrive.fr/image.ashx?id=2999850&use=l&cat=p&typeid=i","cat":284535},{"id":28021,"n":"Dentifrice enfant Dentamyl Gel fraise - 75ml","p":1.25,"u":"16,67 €/L","img":"https://fd6-photos.leclercdrive.fr/image.ashx?id=2613831&use=l&cat=p&typeid=i","cat":288898},{"id":28023,"n":"Duo céréales Comptoir du Grain  Quinoa et Boulgour - 400g","p":2.06,"u":"5,15 €/KG","img":"https://fd6-photos.leclercdrive.fr/image.ashx?id=3012830&use=l&cat=p&typeid=i","cat":284429},{"id":28076,"n":"AOP Madiran rouge Terroirs de Tilhet - 75cl","p":5.25,"pp":3.46,"u":"4,61 €/L","img":"https://fd6-photos.leclercdrive.fr/image.ashx?id=2996830&use=l&cat=p&typeid=i","cat":289556},{"id":28083,"n":"Maïs Notre Jardin Tendre  - 2x300g","p":1.88,"u":"3,13 €/KG","img":"https://fd6-photos.leclercdrive.fr/image.ashx?id=3005661&use=l&cat=p&typeid=i","cat":312611},{"id":28099,"n":"Eau minérale gazeuse St Diery Naturelle - 6x1,25L","p":2.16,"u":"0,29 €/L","img":"https://fd6-photos.leclercdrive.fr/image.ashx?id=2863075&use=l&cat=p&typeid=i","cat":284536},{"id":28104,"n":"IGP Pays d'Oc Merlot vin rosé Vieux Carion 12.5% vol -75 cl","p":2.25,"u":"3,00 €/L","img":"https://fd6-photos.leclercdrive.fr/image.ashx?id=2903962&use=l&cat=p&typeid=i","cat":289558},{"id":28203,"n":"Fromage : Le Carré Les Croisés 23%mg - 230g","p":1.92,"u":"8,35 €/KG","img":"https://fd6-photos.leclercdrive.fr/image.ashx?id=2974801&use=l&cat=p&typeid=i","cat":314033},{"id":28209,"n":"Noix de cajou grillées Tokapi Salées - 125g","p":1.49,"u":"11,92 €/KG","img":"https://fd6-photos.leclercdrive.fr/image.ashx?id=2968625&use=l&cat=p&typeid=i","cat":284448},{"id":28211,"n":"Pistaches Tokapi Grillées et salées - 125g","p":1.85,"u":"14,80 €/KG","img":"https://fd6-photos.leclercdrive.fr/image.ashx?id=2795550&use=l&cat=p&typeid=i","cat":284448},{"id":28216,"n":"Café en grains Bio Village Bio 100% arabica - 250g","p":4.43,"u":"17,72 €/KG","img":"https://fd6-photos.leclercdrive.fr/image.ashx?id=1470434&use=l&cat=p&typeid=i","cat":293237},{"id":28217,"n":"Pain d'épices bio Bio Village Miel - Pré-tranché - 300g","p":1.65,"u":"5,50 €/KG","img":"https://fd6-photos.leclercdrive.fr/image.ashx?id=2355419&use=l&cat=p&typeid=i","cat":284493},{"id":28226,"n":"Cotons Duo Démaquillants Inell Duo ovale - Disques x70","p":1.56,"img":"https://fd6-photos.leclercdrive.fr/image.ashx?id=1709940&use=l&cat=p&typeid=i","cat":285593},{"id":28228,"n":"Chocolat Pâtissier Bio Village Bio - Noir  52% cacao - 200g","p":2.75,"u":"13,75 €/KG","img":"https://fd6-photos.leclercdrive.fr/image.ashx?id=2802305&use=l&cat=p&typeid=i","cat":285562},{"id":28241,"n":"Savon mains en crème Manava Lait et miel - 300ml","p":1.05,"u":"3,50 €/L","img":"https://fd6-photos.leclercdrive.fr/image.ashx?id=2935486&use=l&cat=p&typeid=i","cat":284597},{"id":28269,"n":"Sacs congélation Eco+ Moyen modèle - x75","p":1.71,"u":"0,02 €/P","img":"https://fd6-photos.leclercdrive.fr/image.ashx?id=2558748&use=l&cat=p&typeid=i","cat":334134},{"id":28278,"n":"Oranges à jus Panier du Primeur Filet 2kg","p":3.45,"u":"1,73 €/KG","img":"https://fd6-photos.leclercdrive.fr/image.ashx?id=2414570&use=l&cat=p&typeid=i","cat":284356},{"id":28280,"n":"Flan entremets Tablier Blanc Vanille x4 192g","p":0.99,"u":"5,16 €/KG","img":"https://fd6-photos.leclercdrive.fr/image.ashx?id=2487464&use=l&cat=p&typeid=i","cat":284505},{"id":28308,"n":"Paëlla Royale Côté Table Poulet, moule et chorizo 940g","p":3.69,"u":"3,93 €/KG","img":"https://fd6-photos.leclercdrive.fr/image.ashx?id=2977873&use=l&cat=p&typeid=i","cat":325094},{"id":28311,"n":"Liqueur Grand Marnier Orange & Cognac - 40%vol - 70cl","p":22.15,"u":"31,64 €/L","img":"https://fd6-photos.leclercdrive.fr/image.ashx?id=3007909&use=l&cat=p&typeid=i","cat":286032},{"id":28344,"n":"Olives vertes La Ciota Farcies poivrons - 120g","p":1.79,"u":"14,92 €/KG","img":"https://fd6-photos.leclercdrive.fr/image.ashx?id=2296584&use=l&cat=p&typeid=i","cat":284458},{"id":28353,"n":"AOP Reblochon de Savoie Pochat 45%mg - 450g","p":7.06,"u":"15,69 €/KG","img":"https://fd6-photos.leclercdrive.fr/image.ashx?id=2102761&use=l&cat=p&typeid=i","cat":314037},{"id":28368,"n":"Tablette de chocolat Equador Noir fleur de sel 100g","p":1.43,"u":"14,30 €/KG","img":"https://fd6-photos.leclercdrive.fr/image.ashx?id=2660565&use=l&cat=p&typeid=i","cat":284956},{"id":28415,"n":"Colin d'Alaska Pêche Océan À la moutarde - MSC - 400g","p":2.99,"u":"7,48 €/KG","img":"https://fd6-photos.leclercdrive.fr/image.ashx?id=2930117&use=l&cat=p&typeid=i","cat":319786},{"id":28419,"n":"Lingettes anti-transfert Texil Tous textiles x25","p":2.32,"u":"0,09 €/P","img":"https://fd6-photos.leclercdrive.fr/image.ashx?id=2964571&use=l&cat=p&typeid=i","cat":290450},{"id":28423,"n":"Choucroute d'Alsace NRT 370g","p":3.04,"u":"8,22 €/KG","img":"https://fd6-photos.leclercdrive.fr/image.ashx?id=2723246&use=l&cat=p&typeid=i","cat":333665},{"id":28432,"n":"Jus d'ananas Eco + Brique 1L","p":1.57,"u":"1,57 €/L","img":"https://fd6-photos.leclercdrive.fr/image.ashx?id=2802263&use=l&cat=p&typeid=i","cat":284916},{"id":28562,"n":"Oranges à déguster Panier du Primeur Filet 2kg","p":3.45,"u":"1,73 €/KG","img":"https://fd6-photos.leclercdrive.fr/image.ashx?id=2414567&use=l&cat=p&typeid=i","cat":284356},{"id":28576,"n":"Liqueur Passoa Passion 15%vol - 70cl","p":9.25,"u":"13,21 €/L","img":"https://fd6-photos.leclercdrive.fr/image.ashx?id=2503644&use=l&cat=p&typeid=i","cat":284551},{"id":28594,"n":"Soupe instantanée Royco  Crème d'asperges - 4x200ml","p":1.78,"u":"2,23 €/L","img":"https://fd6-photos.leclercdrive.fr/image.ashx?id=2650982&use=l&cat=p&typeid=i","cat":293527},{"id":28596,"n":"Soupe instantanée Royco  Crème de volaille - 4x200ml","p":1.83,"u":"2,29 €/L","img":"https://fd6-photos.leclercdrive.fr/image.ashx?id=2376413&use=l&cat=p&typeid=i","cat":293527},{"id":28613,"n":"Nectar multifruits  1L","p":0.98,"u":"0,98 €/L","img":"https://fd6-photos.leclercdrive.fr/image.ashx?id=2869263&use=l&cat=p&typeid=i","cat":284917},{"id":28614,"n":"Pur jus d'orange Eco+ Brique - 1L","p":1.87,"u":"1,87 €/L","img":"https://fd6-photos.leclercdrive.fr/image.ashx?id=2802260&use=l&cat=p&typeid=i","cat":284521},{"id":28715,"n":"Gel Toilette Intime Fraîcheur Intima Natural Aloe Vera 200ml","p":3.35,"u":"16,75 €/L","img":"https://fd6-photos.leclercdrive.fr/image.ashx?id=2959862&use=l&cat=p&typeid=i","cat":284627},{"id":28724,"n":"Nettoyant écologique Uni Vert Spécial Vitres - 750ml","p":1.79,"u":"2,39 €/L","img":"https://fd6-photos.leclercdrive.fr/image.ashx?id=2370993&use=l&cat=p&typeid=i","cat":325363},{"id":28727,"n":"Tablettes anti-calcaire Calgon  4 en 1 - x48","p":10.57,"u":"16,94 €/KG","img":"https://fd6-photos.leclercdrive.fr/image.ashx?id=2954881&use=l&cat=p&typeid=i","cat":284653},{"id":28730,"n":"Bain moussant Manava Vanille et ambre 500ml","p":2.2,"u":"4,40 €/L","img":"https://fd6-photos.leclercdrive.fr/image.ashx?id=2618326&use=l&cat=p&typeid=i","cat":284594},{"id":28753,"n":"Café Soluble Nescafé Cappuccino Café Viennois - 306g","p":4.85,"u":"15,85 €/KG","img":"https://fd6-photos.leclercdrive.fr/image.ashx?id=2874087&use=l&cat=p&typeid=i","cat":284843},{"id":28803,"n":"After Eight Chocolat Noël Nuit de Londres - 400g","p":8.71,"u":"21,78 €/KG","img":"https://fd6-photos.leclercdrive.fr/image.ashx?id=2918373&use=l&cat=p&typeid=i","cat":327595},{"id":28809,"n":"Pain burger géant Epi d'Or Nature x4 - 330g","p":0.87,"u":"2,64 €/KG","img":"https://fd6-photos.leclercdrive.fr/image.ashx?id=1861089&use=l&cat=p&typeid=i","cat":325067},{"id":28827,"n":"Chili con carne Côté Table Au piment de Cayenne - 820g","p":3.24,"u":"3,95 €/KG","img":"https://fd6-photos.leclercdrive.fr/image.ashx?id=2977156&use=l&cat=p&typeid=i","cat":325094},{"id":28828,"n":"Pâtes fraîches Turini Gnocchi 380g","p":1.09,"u":"2,87 €/KG","img":"https://fd6-photos.leclercdrive.fr/image.ashx?id=2254526&use=l&cat=p&typeid=i","cat":333682},{"id":28831,"n":"Cookies Méga pépites P'tit Déli Choco amandes caramelisées 184g","p":1.51,"u":"8,21 €/KG","img":"https://fd6-photos.leclercdrive.fr/image.ashx?id=2116128&use=l&cat=p&typeid=i","cat":325066},{"id":28832,"n":"Cookies Méga pépites P'tit Déli Chocolat 184g","p":1.51,"u":"8,21 €/KG","img":"https://fd6-photos.leclercdrive.fr/image.ashx?id=2722814&use=l&cat=p&typeid=i","cat":325066},{"id":28856,"n":"Pain burger Epi d'Or Géant complet x4 - 330g","p":0.97,"u":"2,94 €/KG","img":"https://fd6-photos.leclercdrive.fr/image.ashx?id=2042561&use=l&cat=p&typeid=i","cat":325067},{"id":28860,"n":"Pain de mie Epi d'or Complet - Spécial mie - 500g","p":1.47,"u":"2,94 €/KG","img":"https://fd6-photos.leclercdrive.fr/image.ashx?id=2807291&use=l&cat=p&typeid=i","cat":284477},{"id":28861,"n":"Pain de mie Epi d'Or Spécial mie - Nature - 500g","p":1.49,"u":"2,98 €/KG","img":"https://fd6-photos.leclercdrive.fr/image.ashx?id=2807294&use=l&cat=p&typeid=i","cat":284477},{"id":28864,"n":"Cassoulet au confit canard NRT - 300g","p":2.97,"u":"9,90 €/KG","img":"https://fd6-photos.leclercdrive.fr/image.ashx?id=2791926&use=l&cat=p&typeid=i","cat":284953},{"id":28869,"n":"Parmentier canard Sud Ouest NRT - 300g","p":2.85,"u":"9,50 €/KG","img":"https://fd6-photos.leclercdrive.fr/image.ashx?id=2723237&use=l&cat=p&typeid=i","cat":284953},{"id":28872,"n":"Saucisses de Toulouse lentilles NRT - 300g","p":2.46,"u":"8,20 €/KG","img":"https://fd6-photos.leclercdrive.fr/image.ashx?id=2723234&use=l&cat=p&typeid=i","cat":284953},{"id":28874,"n":"Thon blanc Bretagne NRT Nature - 160g","p":2.69,"u":"16,81 €/KG","img":"https://fd6-photos.leclercdrive.fr/image.ashx?id=2775445&use=l&cat=p&typeid=i","cat":303867},{"id":28966,"n":"Liqueur Malibu Coco 18% vol - 70cl","p":10.46,"u":"14,94 €/L","img":"https://fd6-photos.leclercdrive.fr/image.ashx?id=2993481&use=l&cat=p&typeid=i","cat":284551},{"id":28970,"n":"Oeufs de lompe Ronde des Mers MSC - 2x100g","p":4.5,"u":"22,50 €/KG","img":"https://fd6-photos.leclercdrive.fr/image.ashx?id=2456144&use=l&cat=p&typeid=i","cat":285191},{"id":28974,"n":"Saumon fumé MSC Sauvage Ronde des Mers x4T - 120g","p":6.65,"u":"55,42 €/KG","img":"https://fd6-photos.leclercdrive.fr/image.ashx?id=2837692&use=l&cat=p&typeid=i","cat":285188},{"id":28996,"n":"Mayonnaise de Dijon AMORA 235g","p":1.97,"u":"8,38 €/KG","img":"https://fd6-photos.leclercdrive.fr/image.ashx?id=2946649&use=l&cat=p&typeid=i","cat":298295},{"id":28997,"n":"Mayonnaise de Dijon Amora 235g","p":1.64,"u":"6,98 €/KG","img":"https://fd6-photos.leclercdrive.fr/image.ashx?id=2877208&use=l&cat=p&typeid=i","cat":298295},{"id":28999,"n":"Mayonnaise de Dijon Amora Sans conservateur  - 415g","p":2.24,"u":"5,40 €/KG","img":"https://fd6-photos.leclercdrive.fr/image.ashx?id=2964207&use=l&cat=p&typeid=i","cat":298295},{"id":29000,"n":"Mayonnaise de Dijon Amora 710g","p":3.29,"u":"4,63 €/KG","img":"https://fd6-photos.leclercdrive.fr/image.ashx?id=2598672&use=l&cat=p&typeid=i","cat":298295},{"id":29006,"n":"Escargots préparés Eco+ Recette bourguignonne - 89g","p":2.99,"u":"33,60 €/KG","img":"https://fd6-photos.leclercdrive.fr/image.ashx?id=2794758&use=l&cat=p&typeid=i","cat":319775},{"id":29009,"n":"Bûche glacée Eskiss Façon dame blanche - 530g","p":3.75,"u":"7,08 €/KG","img":"https://fd6-photos.leclercdrive.fr/image.ashx?id=2791293&use=l&cat=p&typeid=i","cat":284266},{"id":29014,"n":"Bloc de foie gras de canard Pierre de Chaumeyrac 300g","p":17.99,"u":"59,97 €/KG","img":"https://fd6-photos.leclercdrive.fr/image.ashx?id=2783014&use=l&cat=p&typeid=i","cat":316008},{"id":29017,"n":"Bloc de Foie gras canard 200g","p":9.49,"u":"47,45 €/KG","img":"https://fd6-photos.leclercdrive.fr/image.ashx?id=2814845&use=l&cat=p&typeid=i","cat":316008},{"id":29032,"n":"Chips Bret's Poulet braisé - 125g","p":1.17,"u":"9,36 €/KG","img":"https://fd6-photos.leclercdrive.fr/image.ashx?id=1927788&use=l&cat=p&typeid=i","cat":284447},{"id":29044,"n":"Cerneaux de noix Tablier Blanc 50g","p":1.3,"u":"26,00 €/KG","img":"https://fd6-photos.leclercdrive.fr/image.ashx?id=2460607&use=l&cat=p&typeid=i","cat":323809},{"id":29045,"n":"Noisettes Tablier Blanc En poudre 125g","p":2.75,"u":"22,00 €/KG","img":"https://fd6-photos.leclercdrive.fr/image.ashx?id=2460598&use=l&cat=p&typeid=i","cat":284504},{"id":29047,"n":"Pignons de pin Tablier Blanc 50g","p":2.39,"u":"47,80 €/KG","img":"https://fd6-photos.leclercdrive.fr/image.ashx?id=2867907&use=l&cat=p&typeid=i","cat":323809},{"id":29048,"n":"Pralin Tablier Blanc 100g","p":1.56,"u":"15,60 €/KG","img":"https://fd6-photos.leclercdrive.fr/image.ashx?id=2460604&use=l&cat=p&typeid=i","cat":284504},{"id":29075,"n":"Sauce Tzatziki Tables du Monde 100g","p":0.88,"u":"8,80 €/KG","img":"https://fd6-photos.leclercdrive.fr/image.ashx?id=2872445&use=l&cat=p&typeid=i","cat":315999},{"id":29082,"n":"Cocktail Punch Old Nick Pina Colada 16%vol. - 70cl","p":5.38,"u":"7,69 €/L","img":"https://fd6-photos.leclercdrive.fr/image.ashx?id=2926197&use=l&cat=p&typeid=i","cat":284551},{"id":29095,"n":"Yaourts brassés Délisse Vanille - 8x125g","p":2.65,"u":"2,65 €/KG","img":"https://fd6-photos.leclercdrive.fr/image.ashx?id=2372338&use=l&cat=p&typeid=i","cat":284410},{"id":29117,"n":"Bonbons sans sucres Confiséo Menthe - 150g","p":1.98,"u":"13,20 €/KG","img":"https://fd6-photos.leclercdrive.fr/image.ashx?id=2934697&use=l&cat=p&typeid=i","cat":304252},{"id":29119,"n":"Potage gourmand Régal Soupe 8 légumes à la crème - 1L","p":1.69,"u":"1,69 €/L","img":"https://fd6-photos.leclercdrive.fr/image.ashx?id=2607521&use=l&cat=p&typeid=i","cat":284462},{"id":29133,"n":"Sacs poubelle Haute 50L Elembal Poignées coulissantes - x15","p":1.94,"u":"0,13 €/P","img":"https://fd6-photos.leclercdrive.fr/image.ashx?id=2958726&use=l&cat=p&typeid=i","cat":285168},{"id":29134,"n":"Mousse coiffante Vitanove Effet boucles - 200ml","p":1.48,"u":"7,40 €/L","img":"https://fd6-photos.leclercdrive.fr/image.ashx?id=2490040&use=l&cat=p&typeid=i","cat":284609},{"id":29144,"n":"Roquefort AOP Baragnaudes Fromage de brebis - 150g","p":4.26,"u":"28,40 €/KG","img":"https://fd6-photos.leclercdrive.fr/image.ashx?id=2729692&use=l&cat=p&typeid=i","cat":314032},{"id":29174,"n":"Lait de douche Manava Pêche de vigne - 250ml","p":0.94,"u":"3,76 €/L","img":"https://fd6-photos.leclercdrive.fr/image.ashx?id=2618323&use=l&cat=p&typeid=i","cat":284594},{"id":29189,"n":"Bûche de chèvre Bio Bio Village 180g","p":2.66,"u":"14,78 €/KG","img":"https://fd6-photos.leclercdrive.fr/image.ashx?id=2070437&use=l&cat=p&typeid=i","cat":314031},{"id":29208,"n":"Dürüm spécial kebab Samia x8 - 800g","p":3.15,"u":"3,94 €/KG","img":"https://fd6-photos.leclercdrive.fr/image.ashx?id=2567678&use=l&cat=p&typeid=i","cat":289013},{"id":29212,"n":"Sauce Samouraï Samia Halal - 350ml","p":1.94,"u":"5,54 €/L","img":"https://fd6-photos.leclercdrive.fr/image.ashx?id=2756263&use=l&cat=p&typeid=i","cat":289013},{"id":29334,"n":"Biscuits miel sésame GERBLE  crousti'son - 4x5 200g","p":1.69,"u":"8,45 €/KG","img":"https://fd6-photos.leclercdrive.fr/image.ashx?id=2662280&use=l&cat=p&typeid=i","cat":318651},{"id":29346,"n":"Bière La Goudale de Noël 7.2%vol. - 75cl","p":2.79,"u":"3,72 €/L","img":"https://fd6-photos.leclercdrive.fr/image.ashx?id=2903158&use=l&cat=p&typeid=i","cat":334872},{"id":29358,"n":"Pur jus pamplemousse Jafaden Rose - 1L","p":1.68,"u":"1,68 €/L","img":"https://fd6-photos.leclercdrive.fr/image.ashx?id=2869269&use=l&cat=p&typeid=i","cat":284914},{"id":29361,"n":"Sacs poubelle haute 30L Elembal Poignées coulissantes - x25","p":3.23,"u":"0,13 €/P","img":"https://fd6-photos.leclercdrive.fr/image.ashx?id=2958723&use=l&cat=p&typeid=i","cat":285168},{"id":29364,"n":"Boisson base vin rosé Festalie Pamplemousse - 7.5% - 75 cl","p":1.89,"u":"2,52 €/L","img":"https://fd6-photos.leclercdrive.fr/image.ashx?id=2774891&use=l&cat=p&typeid=i","cat":304569},{"id":29370,"n":"AOP Crémant de Loire brut Les Caractères - 75cl","p":4.99,"u":"6,65 €/L","img":"https://fd6-photos.leclercdrive.fr/image.ashx?id=2898844&use=l&cat=p&typeid=i","cat":284545},{"id":29376,"n":"AOC Crémant de Limoux brut  Prieur Barsanne - 75cl","p":5.39,"u":"7,19 €/L","img":"https://fd6-photos.leclercdrive.fr/image.ashx?id=2709662&use=l&cat=p&typeid=i","cat":284545},{"id":29378,"n":"AOP Côtes du Rhône rouge Bio Rives & Terrasses - 3L","p":13.99,"u":"4,66 €/L","img":"https://fd6-photos.leclercdrive.fr/image.ashx?id=2742626&use=l&cat=p&typeid=i","cat":289560},{"id":29396,"n":"Mousse coiffante Vitanove Effet volume - 200ml","p":1.48,"u":"7,40 €/L","img":"https://fd6-photos.leclercdrive.fr/image.ashx?id=2490037&use=l&cat=p&typeid=i","cat":284609},{"id":29419,"n":"Tortillas chips Tokapi Nature - 150g","p":0.55,"u":"3,67 €/KG","img":"https://fd6-photos.leclercdrive.fr/image.ashx?id=2647955&use=l&cat=p&typeid=i","cat":287899},{"id":29447,"n":"Truite fumée Ronde des mers France 6 tranches - 150g","p":4.95,"u":"33,00 €/KG","img":"https://fd6-photos.leclercdrive.fr/image.ashx?id=2832939&use=l&cat=p&typeid=i","cat":285188},{"id":29493,"n":"Tomato Ketchup Bio Heinz - 580g","p":2.61,"u":"4,50 €/KG","img":"https://fd6-photos.leclercdrive.fr/image.ashx?id=2927726&use=l&cat=p&typeid=i","cat":284455},{"id":29535,"n":"Croûtons Epi d'Or Ail - 2x90g","p":1.19,"u":"6,61 €/KG","img":"https://fd6-photos.leclercdrive.fr/image.ashx?id=2606049&use=l&cat=p&typeid=i","cat":284464},{"id":29570,"n":"Saucisson Petit Justin Bridou  Bâton de Berger Nature - 160g","p":3.14,"u":"19,63 €/KG","img":"https://fd6-photos.leclercdrive.fr/image.ashx?id=2894893&use=l&cat=p&typeid=i","cat":316006},{"id":29701,"n":"Bonbons Confiséo Menthe fraîcheur - 360g","p":1.87,"u":"5,19 €/KG","img":"https://fd6-photos.leclercdrive.fr/image.ashx?id=2080774&use=l&cat=p&typeid=i","cat":304252},{"id":29729,"n":"Escalope de dinde Le Gaulois Extra tendre x2 - 250g","p":4.19,"u":"16,76 €/KG","img":"https://fd6-photos.leclercdrive.fr/image.ashx?id=2259649&use=l&cat=p&typeid=i","cat":284337},{"id":29753,"n":"Eau gazeuse La Pétillante Citron vert sans sucre - 1L","p":0.4,"u":"0,40 €/L","img":"https://fd6-photos.leclercdrive.fr/image.ashx?id=2669738&use=l&cat=p&typeid=i","cat":284536},{"id":29754,"n":"Eau gazeuse La Pétillante Citron sans sucre - 1L","p":0.4,"u":"0,40 €/L","img":"https://fd6-photos.leclercdrive.fr/image.ashx?id=2590442&use=l&cat=p&typeid=i","cat":284536},{"id":29758,"n":"Tequila San José 35%vol - 70cl","p":15.71,"u":"22,44 €/L","img":"https://fd6-photos.leclercdrive.fr/image.ashx?id=2243143&use=l&cat=p&typeid=i","cat":284550},{"id":29759,"n":"Bière Hoegaarden rosée 3% - 6x25cl","p":4.81,"u":"3,21 €/L","img":"https://fd6-photos.leclercdrive.fr/image.ashx?id=1562515&use=l&cat=p&typeid=i","cat":334878},{"id":29761,"n":"Taboulé Pierre Martinet Au poulet 500g","p":2.36,"u":"4,72 €/KG","img":"https://fd6-photos.leclercdrive.fr/image.ashx?id=2990526&use=l&cat=p&typeid=i","cat":333657},{"id":29764,"n":"Galettes blé noir Bio village Bio x4 - 200g","p":1.83,"u":"9,15 €/KG","img":"https://fd6-photos.leclercdrive.fr/image.ashx?id=2907258&use=l&cat=p&typeid=i","cat":333672},{"id":29768,"n":"Bière blonde 1664 5,5° - 50cl canette","p":1.19,"u":"2,38 €/L","img":"https://fd6-photos.leclercdrive.fr/image.ashx?id=2887563&use=l&cat=p&typeid=i","cat":334853},{"id":29773,"n":"Eau minérale naturelle Mag Source de magnésium - 6x1L","p":2.28,"u":"0,38 €/L","img":"https://fd6-photos.leclercdrive.fr/image.ashx?id=2423517&use=l&cat=p&typeid=i","cat":284535},{"id":29787,"n":"Champignons Menu Fraîcheur A la grecque - 300g","p":2.45,"u":"8,17 €/KG","img":"https://fd6-photos.leclercdrive.fr/image.ashx?id=2645915&use=l&cat=p&typeid=i","cat":333657},{"id":29794,"n":"Triangolo Fromage enfants vache Les Croisés 24 portions - 400g","p":2.67,"u":"6,68 €/KG","img":"https://fd6-photos.leclercdrive.fr/image.ashx?id=2791779&use=l&cat=p&typeid=i","cat":314030},{"id":29795,"n":"Fromage à tartiner Les Croisés Ail et fines herbes 24%mg 250g","p":2.09,"u":"8,36 €/KG","img":"https://fd6-photos.leclercdrive.fr/image.ashx?id=2476143&use=l&cat=p&typeid=i","cat":314029},{"id":29802,"n":"Kit Pâte à pizza Tablier Blanc 600g","p":2.59,"u":"4,32 €/KG","img":"https://fd6-photos.leclercdrive.fr/image.ashx?id=1731167&use=l&cat=p&typeid=i","cat":333681},{"id":29816,"n":"Bicarbonate alimentaire La Baleine - 800g","p":2.35,"u":"2,94 €/KG","img":"https://fd6-photos.leclercdrive.fr/image.ashx?id=2468335&use=l&cat=p&typeid=i","cat":284457},{"id":29828,"n":"Tarte Côté Table Chèvre épinards - 350g","p":2.9,"u":"8,29 €/KG","img":"https://fd6-photos.leclercdrive.fr/image.ashx?id=2858830&use=l&cat=p&typeid=i","cat":333680},{"id":29838,"n":"Bouillon cubes Knorr Bœuf - x15 cubes - 150g","p":1.59,"u":"10,60 €/KG","img":"https://fd6-photos.leclercdrive.fr/image.ashx?id=2848542&use=l&cat=p&typeid=i","cat":288379},{"id":29840,"n":"Bouillon cubes herbes Knorr Huile d'olive Puget x15 -150g","p":1.5,"u":"10,00 €/KG","img":"https://fd6-photos.leclercdrive.fr/image.ashx?id=2890601&use=l&cat=p&typeid=i","cat":288379},{"id":29841,"n":"Bouillon de Poule KNORR 15 Tablettes - 150g","p":1.25,"u":"8,33 €/KG","img":"https://fd6-photos.leclercdrive.fr/image.ashx?id=2906043&use=l&cat=p&typeid=i","cat":288379},{"id":29854,"n":"Beurre de Bretagne Les Croisés Doux - 82% MG - 250g","p":2.61,"u":"10,44 €/KG","img":"https://fd6-photos.leclercdrive.fr/image.ashx?id=2778042&use=l&cat=p&typeid=i","cat":284379},{"id":29855,"n":"Beurre de Bretagne Les Croisés Demi-sel - 80% MG - 250g","p":2.61,"u":"10,44 €/KG","img":"https://fd6-photos.leclercdrive.fr/image.ashx?id=2778048&use=l&cat=p&typeid=i","cat":284379},{"id":29856,"n":"Beurre Extra fin Les Croisés Doux - 82 % MG - 125g","p":1.49,"u":"11,92 €/KG","img":"https://fd6-photos.leclercdrive.fr/image.ashx?id=2791269&use=l&cat=p&typeid=i","cat":284379},{"id":29857,"n":"Beurre Les Croisés 80% MG  Demi-sel Extra fin - 125g","p":1.49,"u":"11,92 €/KG","img":"https://fd6-photos.leclercdrive.fr/image.ashx?id=2778063&use=l&cat=p&typeid=i","cat":284379},{"id":29861,"n":"Boisson lactée Délisse Fraise - 6x20cl","p":2.13,"u":"1,78 €/L","img":"https://fd6-photos.leclercdrive.fr/image.ashx?id=2174693&use=l&cat=p&typeid=i","cat":295246},{"id":29864,"n":"Crème fraîche entière Délisse Fleurette - 30% MG - 40cl","p":1.72,"u":"4,30 €/L","img":"https://fd6-photos.leclercdrive.fr/image.ashx?id=3002575&use=l&cat=p&typeid=i","cat":284381},{"id":29865,"n":"Crème fraîche légère Délisse Fleurette - 12% MG - 40cl","p":1.59,"u":"3,98 €/L","img":"https://fd6-photos.leclercdrive.fr/image.ashx?id=3002578&use=l&cat=p&typeid=i","cat":284381},{"id":29866,"n":"Crème légère fluide UHT Délisse Brique 12%mg - 1L","p":3.39,"u":"3,39 €/L","img":"https://fd6-photos.leclercdrive.fr/image.ashx?id=3015248&use=l&cat=p&typeid=i","cat":284381},{"id":29870,"n":"Crème d'Isigny AOP NRT 40%MG - 20cl","p":1.79,"u":"8,95 €/L","img":"https://fd6-photos.leclercdrive.fr/image.ashx?id=2771070&use=l&cat=p&typeid=i","cat":284381},{"id":29872,"n":"Crème semi-épaisse légère UHT Délisse 18%mg - 2x25cl","p":2.34,"u":"4,68 €/L","img":"https://fd6-photos.leclercdrive.fr/image.ashx?id=3002593&use=l&cat=p&typeid=i","cat":284381},{"id":29874,"n":"Emincés poireaux Notre Jardin A la crème 750g","p":2.5,"u":"3,33 €/KG","img":"https://fd6-photos.leclercdrive.fr/image.ashx?id=2873144&use=l&cat=p&typeid=i","cat":319805},{"id":29896,"n":"Peppermint Whist Club 17%vol. - 70cl","p":6.99,"u":"9,99 €/L","img":"https://fd6-photos.leclercdrive.fr/image.ashx?id=1730735&use=l&cat=p&typeid=i","cat":286032},{"id":29897,"n":"Liqueur pomme verte Manzella 17%vol. - 70cl","p":6.5,"u":"9,29 €/L","img":"https://fd6-photos.leclercdrive.fr/image.ashx?id=2715997&use=l&cat=p&typeid=i","cat":286032},{"id":29900,"n":"Bière belge Rince Cochon Blonde - 8.5%vol. - 33cl","p":2.08,"u":"6,30 €/L","img":"https://fd6-photos.leclercdrive.fr/image.ashx?id=2694695&use=l&cat=p&typeid=i","cat":334872},{"id":29906,"n":"Bière blonde Bellerose 6.5%vol. - 75cl","p":3.6,"u":"4,80 €/L","img":"https://fd6-photos.leclercdrive.fr/image.ashx?id=2744290&use=l&cat=p&typeid=i","cat":334872},{"id":29913,"n":"Bière belge Rince Cochon Fruits rouges - 7.5%vol. - 33cl","p":2.23,"u":"6,76 €/L","img":"https://fd6-photos.leclercdrive.fr/image.ashx?id=2694698&use=l&cat=p&typeid=i","cat":334872},{"id":29920,"n":"Bière blonde Page 24 Hildegarde 6.9%vol. - 75cl","p":3.15,"u":"4,20 €/L","img":"https://fd6-photos.leclercdrive.fr/image.ashx?id=1753715&use=l&cat=p&typeid=i","cat":334872},{"id":29921,"n":"Bière ambrée Page 24 Hildegarde 6.9%vol. - 75cl","p":3.15,"u":"4,20 €/L","img":"https://fd6-photos.leclercdrive.fr/image.ashx?id=1742261&use=l&cat=p&typeid=i","cat":334852},{"id":29927,"n":"Bière belge Rince Cochon Blonde - 8.5%vol. - 75cl","p":3.54,"u":"4,72 €/L","img":"https://fd6-photos.leclercdrive.fr/image.ashx?id=1741463&use=l&cat=p&typeid=i","cat":334872},{"id":29961,"n":"AOC Buzet rouge L'Excellence - 75cl","p":3.8,"u":"5,07 €/L","img":"https://fd6-photos.leclercdrive.fr/image.ashx?id=2831891&use=l&cat=p&typeid=i","cat":289556},{"id":29979,"n":"Paupiette de veau Marie  Jardinière de légumes - 300g","p":3.77,"u":"12,57 €/KG","img":"https://fd6-photos.leclercdrive.fr/image.ashx?id=2317420&use=l&cat=p&typeid=i","cat":333665},{"id":29982,"n":"Oeufs frais Matines  x20","p":4.7,"u":"0,24 €/P","img":"https://fd6-photos.leclercdrive.fr/image.ashx?id=2796234&use=l&cat=p&typeid=i","cat":284378},{"id":29987,"n":"Gaufres fines Bourdon Vergeoise -  900g","p":9.5,"u":"10,56 €/KG","img":"https://fd6-photos.leclercdrive.fr/image.ashx?id=1865966&use=l&cat=p&typeid=i","cat":294777},{"id":29998,"n":"Graisse à frire pure Boeuf 1kg","p":3.7,"u":"3,70 €/KG","img":"https://fd6-photos.leclercdrive.fr/image.ashx?id=1706841&use=l&cat=p&typeid=i","cat":284379},{"id":30042,"n":"Lait frais demi-écrémé Délisse Bouteille - 1L","p":1.13,"u":"1,13 €/L","img":"https://fd6-photos.leclercdrive.fr/image.ashx?id=2970581&use=l&cat=p&typeid=i","cat":285609},{"id":30043,"n":"Lait frais Délisse Entier Bouteille - 1L","p":1.33,"u":"1,33 €/L","img":"https://fd6-photos.leclercdrive.fr/image.ashx?id=2970584&use=l&cat=p&typeid=i","cat":285609},{"id":30045,"n":"Lait fermenté Délisse 1L","p":1.39,"u":"1,39 €/L","img":"https://fd6-photos.leclercdrive.fr/image.ashx?id=1889087&use=l&cat=p&typeid=i","cat":285609},{"id":30046,"n":"Lait bio Bio Village Bouteille  Demi-écrémé UHT -  50cl","p":0.87,"u":"1,74 €/L","img":"https://fd6-photos.leclercdrive.fr/image.ashx?id=2981912&use=l&cat=p&typeid=i","cat":284377},{"id":30054,"n":"Matière grasse doux 58% MG Bio Bio village - 250g","p":1.92,"u":"7,68 €/KG","img":"https://fd6-photos.leclercdrive.fr/image.ashx?id=2675780&use=l&cat=p&typeid=i","cat":315229},{"id":30059,"n":"Trio de fleurette Notre Jardin 1kg","p":2.48,"u":"2,48 €/KG","img":"https://fd6-photos.leclercdrive.fr/image.ashx?id=2873135&use=l&cat=p&typeid=i","cat":319805},{"id":30067,"n":"Assaisonnement En Poudre KNORR Secret d’Arômes Tube - 60g","p":1.37,"u":"22,83 €/KG","img":"https://fd6-photos.leclercdrive.fr/image.ashx?id=3014401&use=l&cat=p&typeid=i","cat":298297},{"id":30069,"n":"Roux minute Maïzena Béchamel - 250g","p":2.16,"u":"8,64 €/KG","img":"https://fd6-photos.leclercdrive.fr/image.ashx?id=2769603&use=l&cat=p&typeid=i","cat":288382},{"id":30084,"n":"Bacon Saint Azay 100g","p":1.62,"u":"16,20 €/KG","img":"https://fd6-photos.leclercdrive.fr/image.ashx?id=2943653&use=l&cat=p&typeid=i","cat":316007},{"id":30086,"n":"Blanc de dinde Tradilège x4 - 120g","p":1.79,"u":"14,92 €/KG","img":"https://fd6-photos.leclercdrive.fr/image.ashx?id=2840395&use=l&cat=p&typeid=i","cat":316010},{"id":30089,"n":"Blanc de poulet Tradilège 6 tranches - 180g","p":1.51,"u":"8,39 €/KG","img":"https://fd6-photos.leclercdrive.fr/image.ashx?id=2943677&use=l&cat=p&typeid=i","cat":316010},{"id":30091,"n":"Blanc de dinde Tradilège 6 tranches 180g","p":1.96,"u":"10,89 €/KG","img":"https://fd6-photos.leclercdrive.fr/image.ashx?id=2925744&use=l&cat=p&typeid=i","cat":316010},{"id":30093,"n":"Jambon supérieur Tradilège -25% de sel - Découenné x2-80g","p":1.69,"u":"21,13 €/KG","img":"https://fd6-photos.leclercdrive.fr/image.ashx?id=2153183&use=l&cat=p&typeid=i","cat":316009},{"id":30099,"n":"Duo pâté / mousse Tradilège Canard 2x50g","p":1.15,"u":"11,50 €/KG","img":"https://fd6-photos.leclercdrive.fr/image.ashx?id=2683583&use=l&cat=p&typeid=i","cat":316008},{"id":30110,"n":"Pommes de terre NRT à la Sarladaise - 600g","p":2.99,"u":"4,98 €/KG","img":"https://fd6-photos.leclercdrive.fr/image.ashx?id=2699816&use=l&cat=p&typeid=i","cat":319823},{"id":30114,"n":"Pansements Mercurochrome Hydrocolloïdes - x6","p":5.57,"u":"0,93 €/P","img":"https://fd6-photos.leclercdrive.fr/image.ashx?id=2663962&use=l&cat=p&typeid=i","cat":284630},{"id":30124,"n":"Soupe Régal Soupe Tomate et vermicelles - 1L","p":1.8,"u":"1,80 €/L","img":"https://fd6-photos.leclercdrive.fr/image.ashx?id=2607518&use=l&cat=p&typeid=i","cat":284462},{"id":30128,"n":"Céréales Chocapic Nestlé Chocolat - 1kg","p":5.9,"u":"5,90 €/KG","img":"https://fd6-photos.leclercdrive.fr/image.ashx?id=2977729&use=l&cat=p&typeid=i","cat":309513},{"id":30144,"n":"Croquettes chiens adulte Ultima Medium/maxi - poulet 7.5kg","p":23.19,"u":"3,09 €/KG","img":"https://fd6-photos.leclercdrive.fr/image.ashx?id=2872033&use=l&cat=p&typeid=i","cat":284672},{"id":30185,"n":"Haché moelleux oignon Férial x10 - 1kg","p":7.49,"u":"7,49 €/KG","img":"https://fd6-photos.leclercdrive.fr/image.ashx?id=2704517&use=l&cat=p&typeid=i","cat":319778},{"id":30186,"n":"Haché moelleux Férial x10 - 1kg","p":9.29,"u":"9,29 €/KG","img":"https://fd6-photos.leclercdrive.fr/image.ashx?id=2966514&use=l&cat=p&typeid=i","cat":319778},{"id":30189,"n":"Tortillas chips Tokapi Chili - 150g","p":0.99,"u":"6,60 €/KG","img":"https://fd6-photos.leclercdrive.fr/image.ashx?id=2647958&use=l&cat=p&typeid=i","cat":287899},{"id":30212,"n":"Soufflés l'Original Curly Cacahuète - 100g","p":0.87,"u":"8,70 €/KG","img":"https://fd6-photos.leclercdrive.fr/image.ashx?id=2693635&use=l&cat=p&typeid=i","cat":284449},{"id":30213,"n":"Soufflés l'Original Curly Cacahuète - 2x100g","p":1.72,"u":"8,60 €/KG","img":"https://fd6-photos.leclercdrive.fr/image.ashx?id=2962887&use=l&cat=p&typeid=i","cat":284449},{"id":30235,"n":"Bonbons Tic Tac  Menthe x100 - 49g","p":1.61,"u":"32,86 €/KG","img":"https://fd6-photos.leclercdrive.fr/image.ashx?id=2729470&use=l&cat=p&typeid=i","cat":304256},{"id":30256,"n":"Pâte à tartiner Nutella 825g","p":5.76,"u":"6,98 €/KG","img":"https://fd6-photos.leclercdrive.fr/image.ashx?id=2961813&use=l&cat=p&typeid=i","cat":284481},{"id":30257,"n":"Cassoulet La Belle Chaurienne Au canard 420g","p":3.11,"u":"7,40 €/KG","img":"https://fd6-photos.leclercdrive.fr/image.ashx?id=2831912&use=l&cat=p&typeid=i","cat":284440},{"id":30272,"n":"IGP Pays d'Oc rouge Merlot Les Ormes de Cambras 12.5% BIB 5L","p":14.18,"u":"2,84 €/L","img":"https://fd6-photos.leclercdrive.fr/image.ashx?id=2443871&use=l&cat=p&typeid=i","cat":289560},{"id":30273,"n":"IGP Pays d'OC rouge Les Ormes De Cambras Sauvignon 12% BIB 5L","p":14.76,"u":"2,95 €/L","img":"https://fd6-photos.leclercdrive.fr/image.ashx?id=2445115&use=l&cat=p&typeid=i","cat":289560},{"id":30349,"n":"Nettoyant écologique Uni Vert Salle de bain - 750ml","p":2.06,"u":"2,75 €/L","img":"https://fd6-photos.leclercdrive.fr/image.ashx?id=2531178&use=l&cat=p&typeid=i","cat":325357},{"id":30350,"n":"Nettoyant écologique Uni Vert Cuisine - 750ml","p":2.02,"u":"2,69 €/L","img":"https://fd6-photos.leclercdrive.fr/image.ashx?id=2531175&use=l&cat=p&typeid=i","cat":325357},{"id":30353,"n":"Eau minérale naturelle St Amand 6x1L","p":2.05,"u":"0,34 €/L","img":"https://fd6-photos.leclercdrive.fr/image.ashx?id=2983201&use=l&cat=p&typeid=i","cat":284535},{"id":30360,"n":"Bonbons Tic Tac 100 pastilles citron vert et orange - 49g","p":1.61,"u":"32,86 €/KG","img":"https://fd6-photos.leclercdrive.fr/image.ashx?id=2736280&use=l&cat=p&typeid=i","cat":304256},{"id":30362,"n":"Fleur de maïs Maïzena 400g","p":1.56,"u":"3,90 €/KG","img":"https://fd6-photos.leclercdrive.fr/image.ashx?id=2312770&use=l&cat=p&typeid=i","cat":288382},{"id":30372,"n":"Fleur de Maïs Maïzena Sans Gluten Format Famille 700g","p":2.44,"u":"3,49 €/KG","img":"https://fd6-photos.leclercdrive.fr/image.ashx?id=2773907&use=l&cat=p&typeid=i","cat":288382},{"id":30386,"n":"Crème dessert Mont Blanc Boîte Praliné - 570g","p":2.6,"u":"4,56 €/KG","img":"https://fd6-photos.leclercdrive.fr/image.ashx?id=3011596&use=l&cat=p&typeid=i","cat":284506},{"id":30395,"n":"Piment d'Espelette AOP Ducros - 40g","p":9.08,"u":"227,00 €/KG","img":"https://fd6-photos.leclercdrive.fr/image.ashx?id=2559463&use=l&cat=p&typeid=i","cat":298297},{"id":30407,"n":"Dés de fromage salade Boursin Ail & fines herbes -120g","p":1.99,"u":"16,58 €/KG","img":"https://fd6-photos.leclercdrive.fr/image.ashx?id=2864366&use=l&cat=p&typeid=i","cat":314027},{"id":30410,"n":"Lasagnes bolognaise Marie 300g","p":3.1,"u":"10,33 €/KG","img":"https://fd6-photos.leclercdrive.fr/image.ashx?id=2800339&use=l&cat=p&typeid=i","cat":333665},{"id":30413,"n":"Pommeau de Normandie NRT  17%vol. - 70cl","p":8.6,"u":"12,29 €/L","img":"https://fd6-photos.leclercdrive.fr/image.ashx?id=1647898&use=l&cat=p&typeid=i","cat":284913},{"id":30415,"n":"IGP Pays d'Oc rouge J-P Chenet Cabernet Syrah 13% vol - BIB 3L","p":10.48,"u":"3,49 €/L","img":"https://fd6-photos.leclercdrive.fr/image.ashx?id=2837451&use=l&cat=p&typeid=i","cat":289560},{"id":30420,"n":"Pizza Cuite sur pierre Turini Royale familiale - 570g","p":2.84,"u":"4,98 €/KG","img":"https://fd6-photos.leclercdrive.fr/image.ashx?id=2815241&use=l&cat=p&typeid=i","cat":284256},{"id":30477,"n":"Chocolat Pâtissier Nestlé Dessert : Praliné - 170g","p":3.09,"u":"18,18 €/KG","img":"https://fd6-photos.leclercdrive.fr/image.ashx?id=2895637&use=l&cat=p&typeid=i","cat":285562},{"id":30495,"n":"Filets de maquereaux Saupiquet A la catalane - 3x169g","p":5.99,"u":"11,81 €/KG","img":"https://fd6-photos.leclercdrive.fr/image.ashx?id=2826981&use=l&cat=p&typeid=i","cat":303868},{"id":30520,"n":"Fromage apéritif BoursinFromage Ail et fines herbes 20 roulés","p":3.26,"u":"32,60 €/KG","img":"https://fd6-photos.leclercdrive.fr/image.ashx?id=2918589&use=l&cat=p&typeid=i","cat":314027},{"id":30534,"n":"Gésiers de canard du Sud-Ouest tranchés - NRT - 120g","p":4.45,"u":"37,08 €/KG","img":"https://fd6-photos.leclercdrive.fr/image.ashx?id=2819962&use=l&cat=p&typeid=i","cat":284715},{"id":30570,"n":"Sauce Tube Ail Oignons Panzani Panzani - 180G","p":1.24,"u":"6,89 €/KG","img":"https://fd6-photos.leclercdrive.fr/image.ashx?id=3004804&use=l&cat=p&typeid=i","cat":288384},{"id":30573,"n":"Edulcorant sucralose Canderel Briquet x300","p":3.35,"u":"108,06 €/KG","img":"https://fd6-photos.leclercdrive.fr/image.ashx?id=2811014&use=l&cat=p&typeid=i","cat":324846},{"id":30575,"n":"Happy' Box Haribo Boîte bonbons - 600g","p":4.25,"u":"7,08 €/KG","img":"https://fd6-photos.leclercdrive.fr/image.ashx?id=2802353&use=l&cat=p&typeid=i","cat":304250},{"id":30576,"n":"Zanzigliss Haribo Sachet bonbons réglisse - 300g","p":1.64,"u":"5,47 €/KG","img":"https://fd6-photos.leclercdrive.fr/image.ashx?id=2802347&use=l&cat=p&typeid=i","cat":304250},{"id":30577,"n":"Les Schtroumpfs Pik Haribo Sachet bonbons acidulés - 275g","p":1.64,"u":"5,96 €/KG","img":"https://fd6-photos.leclercdrive.fr/image.ashx?id=2984898&use=l&cat=p&typeid=i","cat":304250},{"id":30578,"n":"Bonbons LUTTI Scoubidou Doux Fruits - 200g","p":1.26,"u":"6,30 €/KG","img":"https://fd6-photos.leclercdrive.fr/image.ashx?id=2817434&use=l&cat=p&typeid=i","cat":304250},{"id":30582,"n":"Petit pot de crème Délisse Vanille - 8x100g","p":3.48,"u":"4,35 €/KG","img":"https://fd6-photos.leclercdrive.fr/image.ashx?id=2544976&use=l&cat=p&typeid=i","cat":285041},{"id":30592,"n":"Fromage blanc Délisse Sucré 3% MG - 8x100g","p":2.29,"u":"2,86 €/KG","img":"https://fd6-photos.leclercdrive.fr/image.ashx?id=3012833&use=l&cat=p&typeid=i","cat":284409},{"id":30598,"n":"Actifidus Délisse Vanille - 4x125g","p":1.25,"u":"2,50 €/KG","img":"https://fd6-photos.leclercdrive.fr/image.ashx?id=2713649&use=l&cat=p&typeid=i","cat":315000},{"id":30600,"n":"Billes Chocolat au Lait KitKat Sachet  - 250g","p":3.94,"u":"15,76 €/KG","img":"https://fd6-photos.leclercdrive.fr/image.ashx?id=2806063&use=l&cat=p&typeid=i","cat":304238},{"id":30607,"n":"Soupe liquide Liebig  Potiron et kiri - Brique 1L","p":2.73,"u":"2,73 €/L","img":"https://fd6-photos.leclercdrive.fr/image.ashx?id=2892130&use=l&cat=p&typeid=i","cat":284462},{"id":30639,"n":"Eau déminéralisée Finissime  5L","p":1.66,"u":"0,33 €/L","img":"https://fd6-photos.leclercdrive.fr/image.ashx?id=2467796&use=l&cat=p&typeid=i","cat":284653},{"id":30640,"n":"Lapin chasseur Côté Table 280g","p":2.2,"u":"7,86 €/KG","img":"https://fd6-photos.leclercdrive.fr/image.ashx?id=2393866&use=l&cat=p&typeid=i","cat":284953},{"id":30641,"n":"Son d'avoine bio Bio Village 500g","p":2.69,"u":"5,38 €/KG","img":"https://fd6-photos.leclercdrive.fr/image.ashx?id=2664334&use=l&cat=p&typeid=i","cat":309512},{"id":30645,"n":"Salade Notre Jardin Duo Mâche et Roquette - 125g","p":1.68,"u":"13,44 €/KG","img":"https://fd6-photos.leclercdrive.fr/image.ashx?id=2720172&use=l&cat=p&typeid=i","cat":284353},{"id":30646,"n":"Salade Notre Jardin Feuille de chêne - 125g","p":0.95,"u":"7,60 €/KG","img":"https://fd6-photos.leclercdrive.fr/image.ashx?id=2693309&use=l&cat=p&typeid=i","cat":284353},{"id":30652,"n":"Purée pommes de terre Florette 2x200g","p":2.7,"u":"6,75 €/KG","img":"https://fd6-photos.leclercdrive.fr/image.ashx?id=2767678&use=l&cat=p&typeid=i","cat":333665},{"id":30653,"n":"Purée de carottes Florette 2x200g","p":3.05,"u":"7,63 €/KG","img":"https://fd6-photos.leclercdrive.fr/image.ashx?id=2790003&use=l&cat=p&typeid=i","cat":333665},{"id":30656,"n":"Bandes de cire froide Siliss Maillot aisselles - x16","p":2.19,"u":"0,14 €/P","img":"https://fd6-photos.leclercdrive.fr/image.ashx?id=2699450&use=l&cat=p&typeid=i","cat":325351},{"id":30685,"n":"Liquide vaisselle Palmolive Original  amande - 750ml","p":1.66,"u":"2,21 €/L","img":"https://fd6-photos.leclercdrive.fr/image.ashx?id=2690147&use=l&cat=p&typeid=i","cat":284655},{"id":30729,"n":"Crème Dépilatoire Siliss Maillot aisselles - 100ml","p":1.79,"u":"17,90 €/L","img":"https://fd6-photos.leclercdrive.fr/image.ashx?id=2699687&use=l&cat=p&typeid=i","cat":325351},{"id":30733,"n":"Déboucheur canalisations Syphon 1L","p":1.39,"u":"1,39 €/L","img":"https://fd6-photos.leclercdrive.fr/image.ashx?id=2794193&use=l&cat=p&typeid=i","cat":284908},{"id":30758,"n":"Eau de javel La Croix Précise Désinfectant fraîch - 750ml","p":1.33,"u":"1,77 €/L","img":"https://fd6-photos.leclercdrive.fr/image.ashx?id=2512327&use=l&cat=p&typeid=i","cat":284661},{"id":30780,"n":"Sacs poubelle 30L Eco+ x20","p":0.6,"u":"0,03 €/P","img":"https://fd6-photos.leclercdrive.fr/image.ashx?id=2801768&use=l&cat=p&typeid=i","cat":285168},{"id":30781,"n":"Sacs poubelle 50L Eco+ x10","p":0.41,"u":"0,04 €/P","img":"https://fd6-photos.leclercdrive.fr/image.ashx?id=2793143&use=l&cat=p&typeid=i","cat":285168},{"id":30791,"n":"Mouchoirs blancs 2 plis Eco+ Boîte mouchoirs en papier- x150","p":0.62,"img":"https://fd6-photos.leclercdrive.fr/image.ashx?id=2897751&use=l&cat=p&typeid=i","cat":284638},{"id":30808,"n":"Coton-tiges Eco+ Tige papier x200 bâtonnets","p":0.33,"img":"https://fd6-photos.leclercdrive.fr/image.ashx?id=2940893&use=l&cat=p&typeid=i","cat":284636},{"id":30815,"n":"Dissolvant Eco+ 250ml","p":1.33,"u":"5,32 €/L","img":"https://fd6-photos.leclercdrive.fr/image.ashx?id=1873934&use=l&cat=p&typeid=i","cat":325347},{"id":30816,"n":"Film étirable Eco+ 50m","p":0.97,"img":"https://fd6-photos.leclercdrive.fr/image.ashx?id=2751847&use=l&cat=p&typeid=i","cat":334134},{"id":30850,"n":"Blanquette veau Côté Table Champignons 285g","p":2.2,"u":"7,72 €/KG","img":"https://fd6-photos.leclercdrive.fr/image.ashx?id=2064822&use=l&cat=p&typeid=i","cat":284953},{"id":30856,"n":"Emincés de poulet Tradilège Rôti - 2x75g","p":2.09,"u":"13,93 €/KG","img":"https://fd6-photos.leclercdrive.fr/image.ashx?id=2930775&use=l&cat=p&typeid=i","cat":316011},{"id":30881,"n":"Tortillas Old El Paso de maïs et blé x8 - 335g","p":2.52,"u":"7,52 €/KG","img":"https://fd6-photos.leclercdrive.fr/image.ashx?id=2738794&use=l&cat=p&typeid=i","cat":288993},{"id":30882,"n":"Bloc de fromage Leerdammer L'Original - 250g","p":3.45,"u":"13,80 €/KG","img":"https://fd6-photos.leclercdrive.fr/image.ashx?id=2146096&use=l&cat=p&typeid=i","cat":314034},{"id":30898,"n":"Gâteaux aux pépites chocolat x6 Chaque Jour Sans Gluten 230g","p":3.35,"u":"14,57 €/KG","img":"https://fd6-photos.leclercdrive.fr/image.ashx?id=2691249&use=l&cat=p&typeid=i","cat":318654},{"id":30901,"n":"Cookies Chaque Jour sans gluten aux pépites de chocolat - 150g","p":2.44,"u":"16,27 €/KG","img":"https://fd6-photos.leclercdrive.fr/image.ashx?id=2669744&use=l&cat=p&typeid=i","cat":318654},{"id":30905,"n":"Coquilles moelleuses x6 Chaque Jour Sans Gluten 180g","p":2.2,"u":"12,22 €/KG","img":"https://fd6-photos.leclercdrive.fr/image.ashx?id=2710792&use=l&cat=p&typeid=i","cat":318654},{"id":30917,"n":"Pâtes Escalope volaille Marie Crème champignons - 900g","p":4.66,"u":"5,18 €/KG","img":"https://fd6-photos.leclercdrive.fr/image.ashx?id=2996794&use=l&cat=p&typeid=i","cat":284254},{"id":30925,"n":"Croquettes chat Ultima Adulte - Poulet - 7.5kg","p":24.75,"u":"3,30 €/KG","img":"https://fd6-photos.leclercdrive.fr/image.ashx?id=2886187&use=l&cat=p&typeid=i","cat":284680},{"id":30929,"n":"Tortillas chips Tables du Monde Nature - 200g","p":1.15,"u":"5,75 €/KG","img":"https://fd6-photos.leclercdrive.fr/image.ashx?id=2655695&use=l&cat=p&typeid=i","cat":288993},{"id":30932,"n":"Biscuits déli matin P'tit Déli  Chocolat allégé- 300g","p":1.85,"u":"6,17 €/KG","img":"https://fd6-photos.leclercdrive.fr/image.ashx?id=3001202&use=l&cat=p&typeid=i","cat":284491},{"id":30933,"n":"Biscuit chocolat noir Gerblé Sans Sucres Ajoutés - 126g","p":2.11,"u":"16,75 €/KG","img":"https://fd6-photos.leclercdrive.fr/image.ashx?id=2662799&use=l&cat=p&typeid=i","cat":318653},{"id":30947,"n":"Pâtes Collezione Barilla Tagliatelle - 500g","p":1.54,"u":"3,08 €/KG","img":"https://fd6-photos.leclercdrive.fr/image.ashx?id=2654119&use=l&cat=p&typeid=i","cat":284427},{"id":30949,"n":"plat cuisiné quinoa tomates olives bio bjorg- 250g","p":1.88,"u":"7,52 €/KG","img":"https://fd6-photos.leclercdrive.fr/image.ashx?id=2854444&use=l&cat=p&typeid=i","cat":287600},{"id":30951,"n":"Chocolat au lait Tablette d'Or Coeur de lait - 2x100g","p":1.95,"u":"9,75 €/KG","img":"https://fd6-photos.leclercdrive.fr/image.ashx?id=3010575&use=l&cat=p&typeid=i","cat":284497},{"id":30953,"n":"Couscous Grain Moyen Ferrero  - 500g","p":1.28,"u":"2,56 €/KG","img":"https://fd6-photos.leclercdrive.fr/image.ashx?id=2886777&use=l&cat=p&typeid=i","cat":284429},{"id":30989,"n":"Quiche lorraine Côté Table 2x150g","p":2.92,"u":"9,73 €/KG","img":"https://fd6-photos.leclercdrive.fr/image.ashx?id=2791770&use=l&cat=p&typeid=i","cat":284257},{"id":30995,"n":"Saucisse sèche Saint-Azay Aux noisettes - 250g","p":3.35,"u":"13,40 €/KG","img":"https://fd6-photos.leclercdrive.fr/image.ashx?id=2404145&use=l&cat=p&typeid=i","cat":316006},{"id":31004,"n":"Jus de citron jaune Sicile - 20cl","p":0.85,"u":"4,25 €/L","img":"https://fd6-photos.leclercdrive.fr/image.ashx?id=2656988&use=l&cat=p&typeid=i","cat":288383},{"id":31006,"n":"Oeillets Esquisse x336","p":0.74,"img":"https://fd6-photos.leclercdrive.fr/image.ashx?id=2131224&use=l&cat=p&typeid=i","cat":334133},{"id":31015,"n":"Lait Matin Léger Lactel Sans lactose écrémé - 1l","p":1.97,"u":"1,97 €/L","img":"https://fd6-photos.leclercdrive.fr/image.ashx?id=2883543&use=l&cat=p&typeid=i","cat":317169},{"id":31019,"n":"Feuilles de lasagne Turini 350g","p":2.69,"u":"7,69 €/KG","img":"https://fd6-photos.leclercdrive.fr/image.ashx?id=2617371&use=l&cat=p&typeid=i","cat":333682},{"id":31021,"n":"Gnocchi Turini 800g","p":2.29,"u":"2,86 €/KG","img":"https://fd6-photos.leclercdrive.fr/image.ashx?id=2254529&use=l&cat=p&typeid=i","cat":333682},{"id":31022,"n":"Gnocchi à poêler Turini 500g","p":1.42,"u":"2,84 €/KG","img":"https://fd6-photos.leclercdrive.fr/image.ashx?id=3014362&use=l&cat=p&typeid=i","cat":333682},{"id":31023,"n":"Ravioli Ricotta épinards Bio  Bio village - 250g","p":2.99,"u":"11,96 €/KG","img":"https://fd6-photos.leclercdrive.fr/image.ashx?id=2650252&use=l&cat=p&typeid=i","cat":333682},{"id":31027,"n":"Cappuccino soluble Plantation nature - 280g","p":3.21,"u":"11,46 €/KG","img":"https://fd6-photos.leclercdrive.fr/image.ashx?id=2819274&use=l&cat=p&typeid=i","cat":284843},{"id":31029,"n":"Escalope Cordon Bleu Père Dodu  Dinde - Comté x2 - 200g","p":2.36,"u":"11,80 €/KG","img":"https://fd6-photos.leclercdrive.fr/image.ashx?id=2957179&use=l&cat=p&typeid=i","cat":333683},{"id":31044,"n":"Haricots verts Notre Jardin Extra fins - 5 Fagots - 220g","p":2.15,"u":"9,77 €/KG","img":"https://fd6-photos.leclercdrive.fr/image.ashx?id=2988042&use=l&cat=p&typeid=i","cat":312606},{"id":31046,"n":"Assortiment crackers Tokapi Emmental - 100g","p":0.64,"u":"6,40 €/KG","img":"https://fd6-photos.leclercdrive.fr/image.ashx?id=2034386&use=l&cat=p&typeid=i","cat":297000},{"id":31048,"n":"Algues Nori Tanoshi 7 feuilles -18g","p":2.96,"u":"164,44 €/KG","img":"https://fd6-photos.leclercdrive.fr/image.ashx?id=2912041&use=l&cat=p&typeid=i","cat":288992},{"id":31050,"n":"Biscuits pavot citron GERBLE  - 4x4  200g","p":1.42,"u":"7,10 €/KG","img":"https://fd6-photos.leclercdrive.fr/image.ashx?id=2967001&use=l&cat=p&typeid=i","cat":318651},{"id":31052,"n":"Biscuits figue et son GERBLE   - 5x5, 210g","p":1.49,"u":"7,10 €/KG","img":"https://fd6-photos.leclercdrive.fr/image.ashx?id=2662319&use=l&cat=p&typeid=i","cat":318651},{"id":31054,"n":"Bouillon Cube Maggi Vollaile - x12 cubes - 120g","p":1.47,"u":"12,25 €/KG","img":"https://fd6-photos.leclercdrive.fr/image.ashx?id=2736982&use=l&cat=p&typeid=i","cat":288379},{"id":31058,"n":"Pâtes Barilla Capellini n°1 - 500g","p":1.02,"u":"2,04 €/KG","img":"https://fd6-photos.leclercdrive.fr/image.ashx?id=2392194&use=l&cat=p&typeid=i","cat":284427},{"id":31068,"n":"Chocolat Pâtissier Tablette dOr Lait - 170g","p":1.99,"u":"11,71 €/KG","img":"https://fd6-photos.leclercdrive.fr/image.ashx?id=2994175&use=l&cat=p&typeid=i","cat":285562},{"id":31069,"n":"Chocolat Pâtissier Tablette dOr Chocolat Blanc - 180g","p":2.03,"u":"11,28 €/KG","img":"https://fd6-photos.leclercdrive.fr/image.ashx?id=2562879&use=l&cat=p&typeid=i","cat":285562},{"id":31084,"n":"Crackers Tokapi Sésame et pavot - 100g","p":0.69,"u":"6,90 €/KG","img":"https://fd6-photos.leclercdrive.fr/image.ashx?id=1921880&use=l&cat=p&typeid=i","cat":297000},{"id":31086,"n":"Capsules Nescafé Dolce Gusto  Lungo Décaféiné - x16","p":4.84,"u":"43,21 €/KG","img":"https://fd6-photos.leclercdrive.fr/image.ashx?id=2836676&use=l&cat=p&typeid=i","cat":293239},{"id":31091,"n":"Croquettes chat Plénima Premium Poulet - Chat adulte - 450g","p":1.79,"u":"3,98 €/KG","img":"https://fd6-photos.leclercdrive.fr/image.ashx?id=2970732&use=l&cat=p&typeid=i","cat":284680},{"id":31095,"n":"Filets maquereaux Pêche Océan Citron olives - 176g","p":1.78,"u":"10,11 €/KG","img":"https://fd6-photos.leclercdrive.fr/image.ashx?id=2515679&use=l&cat=p&typeid=i","cat":303868},{"id":31097,"n":"Feuilletés Tokapi Emmental - 85g","p":0.98,"u":"11,53 €/KG","img":"https://fd6-photos.leclercdrive.fr/image.ashx?id=1884022&use=l&cat=p&typeid=i","cat":297000},{"id":31098,"n":"Capsules Nescafé Dolce Gusto  Café au Lait - x16","p":4.57,"u":"28,56 €/KG","img":"https://fd6-photos.leclercdrive.fr/image.ashx?id=2946637&use=l&cat=p&typeid=i","cat":293239},{"id":31101,"n":"Filets maquereaux Pêche Océan Sauce escabèche - 169g","p":1.15,"u":"6,80 €/KG","img":"https://fd6-photos.leclercdrive.fr/image.ashx?id=2394666&use=l&cat=p&typeid=i","cat":303868},{"id":31105,"n":"Gaufrettes P'tit Déli Praliné noisette x15 110g","p":0.87,"u":"7,91 €/KG","img":"https://fd6-photos.leclercdrive.fr/image.ashx?id=2418245&use=l&cat=p&typeid=i","cat":284488},{"id":31106,"n":"Gaufrettes P'tit Déli Chocolat x15 110g","p":1.08,"u":"9,82 €/KG","img":"https://fd6-photos.leclercdrive.fr/image.ashx?id=2436020&use=l&cat=p&typeid=i","cat":284488},{"id":31107,"n":"Gâteau P'tit Déli Tout chocolat 300g","p":2.15,"u":"7,17 €/KG","img":"https://fd6-photos.leclercdrive.fr/image.ashx?id=2562707&use=l&cat=p&typeid=i","cat":294776},{"id":31109,"n":"Gaufrettes P'tit Déli Framboise 160g","p":1.49,"u":"9,31 €/KG","img":"https://fd6-photos.leclercdrive.fr/image.ashx?id=2915290&use=l&cat=p&typeid=i","cat":284489},{"id":31110,"n":"Bonbons Confiséo Acacia assortiment fruit - 300g","p":1.91,"u":"6,37 €/KG","img":"https://fd6-photos.leclercdrive.fr/image.ashx?id=2934679&use=l&cat=p&typeid=i","cat":304252},{"id":31113,"n":"Haricots rouges Notre Jardin 500g","p":1.37,"u":"2,74 €/KG","img":"https://fd6-photos.leclercdrive.fr/image.ashx?id=2988054&use=l&cat=p&typeid=i","cat":312606},{"id":31118,"n":"Madeleines P'tit Déli Coquilles 250g","p":0.99,"u":"3,96 €/KG","img":"https://fd6-photos.leclercdrive.fr/image.ashx?id=2999499&use=l&cat=p&typeid=i","cat":284492},{"id":31119,"n":"Tartelettes P'tit Déli Chocolat noisettes - 150g","p":1.29,"u":"8,60 €/KG","img":"https://fd6-photos.leclercdrive.fr/image.ashx?id=2345556&use=l&cat=p&typeid=i","cat":284488},{"id":31132,"n":"Tartine croustillante Epi d'Or Céréales - 250g","p":1.41,"u":"5,64 €/KG","img":"https://fd6-photos.leclercdrive.fr/image.ashx?id=2535256&use=l&cat=p&typeid=i","cat":284479},{"id":31133,"n":"Tartine croustillante Epi d'Or Seigle - 250g","p":1.28,"u":"5,12 €/KG","img":"https://fd6-photos.leclercdrive.fr/image.ashx?id=2533325&use=l&cat=p&typeid=i","cat":284479},{"id":31136,"n":"Pâtes Torti Panzani 3 Minutes - 1Kg","p":2.27,"u":"2,27 €/KG","img":"https://fd6-photos.leclercdrive.fr/image.ashx?id=2896099&use=l&cat=p&typeid=i","cat":284427},{"id":31139,"n":"Tortillas chips Tables du Monde Chili - 200g","p":1.39,"u":"6,95 €/KG","img":"https://fd6-photos.leclercdrive.fr/image.ashx?id=2661544&use=l&cat=p&typeid=i","cat":288993},{"id":31143,"n":"Lait concentré sucré Délisse 397g","p":1.35,"u":"3,40 €/KG","img":"https://fd6-photos.leclercdrive.fr/image.ashx?id=2576588&use=l&cat=p&typeid=i","cat":299162},{"id":31146,"n":"Madeleines P'tit Déli Longues fourrées 240g","p":2.35,"u":"9,79 €/KG","img":"https://fd6-photos.leclercdrive.fr/image.ashx?id=2754204&use=l&cat=p&typeid=i","cat":284492},{"id":31149,"n":"Les p'tites spirales P'tit Déli Fraise 150g","p":1.55,"u":"10,33 €/KG","img":"https://fd6-photos.leclercdrive.fr/image.ashx?id=2660419&use=l&cat=p&typeid=i","cat":284495},{"id":31151,"n":"Financier P'tit Déli Aux amandes 200g","p":2.09,"u":"10,45 €/KG","img":"https://fd6-photos.leclercdrive.fr/image.ashx?id=2683913&use=l&cat=p&typeid=i","cat":284487},{"id":31156,"n":"Café Soluble Nescafé x25 - 50g","p":2.02,"u":"40,40 €/KG","img":"https://fd6-photos.leclercdrive.fr/image.ashx?id=2485131&use=l&cat=p&typeid=i","cat":284843},{"id":31171,"n":"Pop corn sucrés Tokapi Micro-ondable - 3x90g","p":1.47,"u":"5,44 €/KG","img":"https://fd6-photos.leclercdrive.fr/image.ashx?id=2351628&use=l&cat=p&typeid=i","cat":304249},{"id":31174,"n":"Pâtes penne rigate Panzani 1kg","p":1.97,"u":"1,97 €/KG","img":"https://fd6-photos.leclercdrive.fr/image.ashx?id=2876020&use=l&cat=p&typeid=i","cat":284427},{"id":31177,"n":"Miettes de thon Saupiquet Tomate - 160g","p":1.97,"u":"12,31 €/KG","img":"https://fd6-photos.leclercdrive.fr/image.ashx?id=2402868&use=l&cat=p&typeid=i","cat":303867},{"id":31178,"n":"Pois apéritif Tanoshi wasabi - sachet 100g","p":2.0,"u":"20,00 €/KG","img":"https://fd6-photos.leclercdrive.fr/image.ashx?id=2928522&use=l&cat=p&typeid=i","cat":288992},{"id":31183,"n":"Pain campagnard Schar 240g","p":3.43,"u":"14,29 €/KG","img":"https://fd6-photos.leclercdrive.fr/image.ashx?id=2267978&use=l&cat=p&typeid=i","cat":325069},{"id":31191,"n":"Riz sushi Tanoshi 450g","p":3.4,"u":"7,56 €/KG","img":"https://fd6-photos.leclercdrive.fr/image.ashx?id=2955788&use=l&cat=p&typeid=i","cat":288992},{"id":31193,"n":"Biscuit apéritif ancel Bretzels Sticks - 200g","p":0.99,"u":"4,95 €/KG","img":"https://fd6-photos.leclercdrive.fr/image.ashx?id=2895178&use=l&cat=p&typeid=i","cat":297000},{"id":31200,"n":"AOP Bordeaux rouge Baron de Lestac - BIB 3L","p":15.41,"u":"5,14 €/L","img":"https://fd6-photos.leclercdrive.fr/image.ashx?id=2420910&use=l&cat=p&typeid=i","cat":289560},{"id":31201,"n":"Eau minérale Wattwiller Naturelle - 6x1L","p":3.05,"u":"0,51 €/L","img":"https://fd6-photos.leclercdrive.fr/image.ashx?id=2584584&use=l&cat=p&typeid=i","cat":284535},{"id":31211,"n":"Grana Padano AOP Casa Azzurra Râpé -  100g","p":1.93,"u":"19,30 €/KG","img":"https://fd6-photos.leclercdrive.fr/image.ashx?id=2284730&use=l&cat=p&typeid=i","cat":314035},{"id":31223,"n":"Bain Dissolvant Inell Bain sans acétone - 75ml","p":3.99,"u":"53,20 €/L","img":"https://fd6-photos.leclercdrive.fr/image.ashx?id=2244820&use=l&cat=p&typeid=i","cat":325347},{"id":31265,"n":"Friandises chats Félix Original  Party mix - 60g","p":1.33,"u":"22,17 €/KG","img":"https://fd6-photos.leclercdrive.fr/image.ashx?id=2683346&use=l&cat=p&typeid=i","cat":285285},{"id":31266,"n":"Friandises chats Félix Grillade - 60g","p":1.26,"u":"21,00 €/KG","img":"https://fd6-photos.leclercdrive.fr/image.ashx?id=2336614&use=l&cat=p&typeid=i","cat":285285},{"id":31267,"n":"Friandises chats Félix Saveur océane Party mix  - 60g","p":1.23,"u":"20,50 €/KG","img":"https://fd6-photos.leclercdrive.fr/image.ashx?id=2910210&use=l&cat=p&typeid=i","cat":285285},{"id":31289,"n":"Emmental râpé Entremont 3x70g","p":2.36,"u":"11,24 €/KG","img":"https://fd6-photos.leclercdrive.fr/image.ashx?id=2983150&use=l&cat=p&typeid=i","cat":314035},{"id":31297,"n":"Fromage crémeux Les Croisés 36%mg - 200g","p":2.43,"u":"12,15 €/KG","img":"https://fd6-photos.leclercdrive.fr/image.ashx?id=2037379&use=l&cat=p&typeid=i","cat":329558},{"id":31301,"n":"Steak haché Férial  15%mg - X10 - 1kg","p":11.44,"u":"11,44 €/KG","img":"https://fd6-photos.leclercdrive.fr/image.ashx?id=3004657&use=l&cat=p&typeid=i","cat":319778},{"id":31389,"n":"Menus gourmands Tous mes amis pour chatons - 12x100g","p":4.29,"u":"3,58 €/KG","img":"https://fd6-photos.leclercdrive.fr/image.ashx?id=2027595&use=l&cat=p&typeid=i","cat":285286},{"id":31425,"n":"Liégois de fruits Andros Abricot coulis framboise 4x100g","p":2.52,"u":"6,30 €/KG","img":"https://fd6-photos.leclercdrive.fr/image.ashx?id=2575645&use=l&cat=p&typeid=i","cat":285042},{"id":31441,"n":"Plat bébé Blédina 12 mois  Courgette riz veau - 2x200g","p":3.03,"u":"7,58 €/KG","img":"https://fd6-photos.leclercdrive.fr/image.ashx?id=2975074&use=l&cat=p&typeid=i","cat":312237},{"id":31447,"n":"Tablette Chocolat Lait Crunch Céréales Croustillantes 2x100g","p":2.7,"u":"13,50 €/KG","img":"https://fd6-photos.leclercdrive.fr/image.ashx?id=2899740&use=l&cat=p&typeid=i","cat":284497},{"id":31450,"n":"Délice de jambon Tulip 340g","p":3.33,"u":"9,79 €/KG","img":"https://fd6-photos.leclercdrive.fr/image.ashx?id=2465592&use=l&cat=p&typeid=i","cat":305149},{"id":31590,"n":"Cahier de musique 48 pages 17x22","p":0.99,"img":"https://fd6-photos.leclercdrive.fr/image.ashx?id=1690925&use=l&cat=p&typeid=i","cat":284697},{"id":31641,"n":"Poulet basquaise Côté Table Riz 285g","p":1.81,"u":"6,35 €/KG","img":"https://fd6-photos.leclercdrive.fr/image.ashx?id=2476149&use=l&cat=p&typeid=i","cat":284953},{"id":31648,"n":"Fromage Gouda Losfeld En tranches - 200g","p":2.61,"u":"13,05 €/KG","img":"https://fd6-photos.leclercdrive.fr/image.ashx?id=2946281&use=l&cat=p&typeid=i","cat":314028},{"id":31652,"n":"Beurre Tendre Elle&Vire Doux - 82% MG - 250g","p":2.87,"u":"11,48 €/KG","img":"https://fd6-photos.leclercdrive.fr/image.ashx?id=2574374&use=l&cat=p&typeid=i","cat":284379},{"id":31656,"n":"Cornichons Rustica Aigre Doux - 360g","p":1.63,"u":"4,53 €/KG","img":"https://fd6-photos.leclercdrive.fr/image.ashx?id=2916698&use=l&cat=p&typeid=i","cat":284458},{"id":31682,"n":"Sachet repas chat Tous mes amis Viande en sauces - 4x100g","p":1.49,"u":"3,73 €/KG","img":"https://fd6-photos.leclercdrive.fr/image.ashx?id=2043005&use=l&cat=p&typeid=i","cat":285286},{"id":31709,"n":"Viande boeuf séchée Saint Azay 10 tranches - 80g","p":3.78,"u":"47,25 €/KG","img":"https://fd6-photos.leclercdrive.fr/image.ashx?id=2071366&use=l&cat=p&typeid=i","cat":316007},{"id":31710,"n":"Tiramisu Délisse 500g","p":3.29,"u":"6,58 €/KG","img":"https://fd6-photos.leclercdrive.fr/image.ashx?id=2415556&use=l&cat=p&typeid=i","cat":284419},{"id":31714,"n":"Pur jus de pomme Bio Village Bio - 6x20cl","p":3.25,"u":"2,71 €/L","img":"https://fd6-photos.leclercdrive.fr/image.ashx?id=2077442&use=l&cat=p&typeid=i","cat":284524},{"id":31717,"n":"Parmigiano Reg AOP Casa Azzurra Râpé -  60g","p":1.41,"u":"23,50 €/KG","img":"https://fd6-photos.leclercdrive.fr/image.ashx?id=2261951&use=l&cat=p&typeid=i","cat":314035},{"id":31728,"n":"Jus de pomme Jafaden Nectar - 2L","p":2.15,"u":"1,08 €/L","img":"https://fd6-photos.leclercdrive.fr/image.ashx?id=2956077&use=l&cat=p&typeid=i","cat":284522},{"id":31729,"n":"Jus de pomme Jafaden A base de concentré - 1L","p":0.95,"u":"0,95 €/L","img":"https://fd6-photos.leclercdrive.fr/image.ashx?id=2550842&use=l&cat=p&typeid=i","cat":284522},{"id":31730,"n":"Pur jus de pomme Jafaden 1L","p":0.99,"u":"0,99 €/L","img":"https://fd6-photos.leclercdrive.fr/image.ashx?id=1936638&use=l&cat=p&typeid=i","cat":284522},{"id":31731,"n":"Thé glacé Fresh Tea Pêche - 1L","p":1.03,"u":"1,03 €/L","img":"https://fd6-photos.leclercdrive.fr/image.ashx?id=2622251&use=l&cat=p&typeid=i","cat":295019},{"id":31733,"n":"Pur jus multifruits Jafaden 1L","p":1.39,"u":"1,39 €/L","img":"https://fd6-photos.leclercdrive.fr/image.ashx?id=2890006&use=l&cat=p&typeid=i","cat":284917},{"id":31735,"n":"Nectar multifruits Jafaden 1L","p":1.75,"u":"1,75 €/L","img":"https://fd6-photos.leclercdrive.fr/image.ashx?id=2956089&use=l&cat=p&typeid=i","cat":284917},{"id":31736,"n":"Nectar Jafaden Goyave - 1L","p":2.08,"u":"2,08 €/L","img":"https://fd6-photos.leclercdrive.fr/image.ashx?id=2956095&use=l&cat=p&typeid=i","cat":284916},{"id":31737,"n":"Nectar Jafaden Passion - 1L","p":2.71,"u":"2,71 €/L","img":"https://fd6-photos.leclercdrive.fr/image.ashx?id=2959602&use=l&cat=p&typeid=i","cat":284916},{"id":31830,"n":"Sachet repas chat Tous mes amis Viande en sauce - 12x100g","p":3.65,"u":"3,04 €/KG","img":"https://fd6-photos.leclercdrive.fr/image.ashx?id=2677077&use=l&cat=p&typeid=i","cat":285286},{"id":31863,"n":"AOP Camembert Graindorge Au lait cru - 250g","p":3.99,"pp":2.79,"u":"11,16 €/KG","img":"https://fd6-photos.leclercdrive.fr/image.ashx?id=2412600&use=l&cat=p&typeid=i","cat":314033},{"id":31899,"n":"Huile OPTIMA Tramier  1L","p":5.64,"u":"5,64 €/L","img":"https://fd6-photos.leclercdrive.fr/image.ashx?id=2680407&use=l&cat=p&typeid=i","cat":284453},{"id":31915,"n":"Mayonnaise à la moutarde de Dij  de Dijon Rustica - 235 g","p":1.28,"u":"5,45 €/KG","img":"https://fd6-photos.leclercdrive.fr/image.ashx?id=2954355&use=l&cat=p&typeid=i","cat":298295},{"id":31918,"n":"Sucre Tablier Blanc En morceaux - 1kg","p":1.96,"u":"1,96 €/KG","img":"https://fd6-photos.leclercdrive.fr/image.ashx?id=3010425&use=l&cat=p&typeid=i","cat":284502},{"id":31920,"n":"Matière grasse Rustica à tartiner 50%MG Omega 3 - 500g","p":1.98,"u":"3,96 €/KG","img":"https://fd6-photos.leclercdrive.fr/image.ashx?id=2904556&use=l&cat=p&typeid=i","cat":315229},{"id":31924,"n":"Déodorant bille Manava Peaux sensibles 50ml","p":1.15,"u":"23,00 €/L","img":"https://fd6-photos.leclercdrive.fr/image.ashx?id=2481222&use=l&cat=p&typeid=i","cat":284595},{"id":31933,"n":"Laque Iroise Fixation forte 300ml","p":1.95,"u":"6,50 €/L","img":"https://fd6-photos.leclercdrive.fr/image.ashx?id=2660568&use=l&cat=p&typeid=i","cat":284609},{"id":31934,"n":"Spray coiffant Vitanove Fixation forte - 250ml","p":1.19,"u":"4,76 €/L","img":"https://fd6-photos.leclercdrive.fr/image.ashx?id=2331697&use=l&cat=p&typeid=i","cat":284609},{"id":31935,"n":"Spray coiffant Vitanove Fixation extra forte - 250ml","p":1.39,"u":"5,56 €/L","img":"https://fd6-photos.leclercdrive.fr/image.ashx?id=2331700&use=l&cat=p&typeid=i","cat":284609},{"id":31936,"n":"Spray coiffant Vitanove Fixation extrême - 250ml","p":1.43,"u":"5,72 €/L","img":"https://fd6-photos.leclercdrive.fr/image.ashx?id=2331703&use=l&cat=p&typeid=i","cat":284609},{"id":31937,"n":"Laque Vitanove Fixation normale 300ml","p":1.95,"u":"6,50 €/L","img":"https://fd6-photos.leclercdrive.fr/image.ashx?id=2616739&use=l&cat=p&typeid=i","cat":284609},{"id":31941,"n":"IGP Ardèche rouge Pont d'Arc 13.5% vol - BIB 5L","p":11.2,"u":"2,24 €/L","img":"https://fd6-photos.leclercdrive.fr/image.ashx?id=2527913&use=l&cat=p&typeid=i","cat":289560},{"id":31965,"n":"Nettoyant spray Clair Cuisine et salle de bain 750ml","p":1.49,"u":"1,99 €/L","img":"https://fd6-photos.leclercdrive.fr/image.ashx?id=2466151&use=l&cat=p&typeid=i","cat":325357},{"id":31967,"n":"Gel nettoyant Clair Anticalcaire - 500ml","p":1.26,"u":"2,52 €/L","img":"https://fd6-photos.leclercdrive.fr/image.ashx?id=2634872&use=l&cat=p&typeid=i","cat":325362},{"id":31968,"n":"Crème Dépilatoire Siliss Sous la douche - 250ml","p":3.39,"u":"13,56 €/L","img":"https://fd6-photos.leclercdrive.fr/image.ashx?id=2842286&use=l&cat=p&typeid=i","cat":325351},{"id":31970,"n":"Soin visage Carré Homme Anti-âge anti-fatigue Q10- 50ml","p":3.7,"u":"74,00 €/L","img":"https://fd6-photos.leclercdrive.fr/image.ashx?id=2809689&use=l&cat=p&typeid=i","cat":284622},{"id":31981,"n":"Couches bébé Mots d'Enfants T4+ Ultra confort - 9/20kg - x24","p":5.8,"u":"0,24 €/P","img":"https://fd6-photos.leclercdrive.fr/image.ashx?id=2301472&use=l&cat=p&typeid=i","cat":284737},{"id":31982,"n":"Couches bébé Mots d'Enfants -T5 Ultra confort - 11/25kg - x23","p":5.6,"u":"0,24 €/P","img":"https://fd6-photos.leclercdrive.fr/image.ashx?id=2699462&use=l&cat=p&typeid=i","cat":284737},{"id":31983,"n":"Cidre rosé Les Goelleries 2.5%vol. - 75cl","p":2.29,"u":"3,05 €/L","img":"https://fd6-photos.leclercdrive.fr/image.ashx?id=2842295&use=l&cat=p&typeid=i","cat":334880},{"id":31985,"n":"Couches bébé Mots d'Enfants -T4 Ultra confort - 7/18kg - x26","p":5.29,"u":"0,20 €/P","img":"https://fd6-photos.leclercdrive.fr/image.ashx?id=2699456&use=l&cat=p&typeid=i","cat":284737},{"id":31988,"n":"Sachet repas chat Tous mes amis Poissons en gelée - 4x100g","p":1.33,"u":"3,33 €/KG","img":"https://fd6-photos.leclercdrive.fr/image.ashx?id=2043002&use=l&cat=p&typeid=i","cat":285286},{"id":32054,"n":"Eau minérale gazeuse St Diery  Naturelle - 6x50cl","p":1.39,"u":"0,46 €/L","img":"https://fd6-photos.leclercdrive.fr/image.ashx?id=2423532&use=l&cat=p&typeid=i","cat":284536},{"id":32059,"n":"Sachet repas chat Tous mes amis Viande en geléé - 12x100g","p":3.65,"u":"3,04 €/KG","img":"https://fd6-photos.leclercdrive.fr/image.ashx?id=2027598&use=l&cat=p&typeid=i","cat":285286},{"id":32064,"n":"Mousse à raser Carré Homme Sensible - 250ml","p":1.39,"u":"5,56 €/L","img":"https://fd6-photos.leclercdrive.fr/image.ashx?id=2704681&use=l&cat=p&typeid=i","cat":284617},{"id":32065,"n":"Couches bébé Mots d'Enfants T4 Douceur - 7/18kg - x74 changes","p":10.6,"u":"0,14 €/P","img":"https://fd6-photos.leclercdrive.fr/image.ashx?id=2907192&use=l&cat=p&typeid=i","cat":284737},{"id":32093,"n":"Poulet rôti Marie Pommes de terres fondantes 900g","p":5.15,"u":"5,72 €/KG","img":"https://fd6-photos.leclercdrive.fr/image.ashx?id=2996788&use=l&cat=p&typeid=i","cat":284254},{"id":32098,"n":"Biscuits Dinosaurus Lotus  Chocolat noir - 225g","p":2.04,"u":"9,07 €/KG","img":"https://fd6-photos.leclercdrive.fr/image.ashx?id=2859812&use=l&cat=p&typeid=i","cat":284488},{"id":32104,"n":"Goûter laitier Récré O'Lé Gourdes Saveur Vanille - 4x85g","p":2.33,"u":"6,85 €/KG","img":"https://fd6-photos.leclercdrive.fr/image.ashx?id=3008827&use=l&cat=p&typeid=i","cat":284506},{"id":32125,"n":"Mélange Fruité Tokapi Fruits et graines - 110g","p":1.65,"u":"15,00 €/KG","img":"https://fd6-photos.leclercdrive.fr/image.ashx?id=2794003&use=l&cat=p&typeid=i","cat":284448},{"id":32173,"n":"Classeur à levier Esquisse Violet - Dos 80mm","p":2.8,"img":"https://fd6-photos.leclercdrive.fr/image.ashx?id=1701007&use=l&cat=p&typeid=i","cat":284745},{"id":32183,"n":"Couches bébé Mots d'Enfants T4+ Douceur - 9/20kg - x70 changes","p":10.8,"u":"0,15 €/P","img":"https://fd6-photos.leclercdrive.fr/image.ashx?id=2699471&use=l&cat=p&typeid=i","cat":284737},{"id":32186,"n":"Couches bébé Mots d'Enfants T5 Douceur - 11/25kg - x66","p":10.7,"u":"0,16 €/P","img":"https://fd6-photos.leclercdrive.fr/image.ashx?id=2699474&use=l&cat=p&typeid=i","cat":284737},{"id":32202,"n":"Couches bébé Mots d'Enfants T3 Douceur - 4/9kg - x90 changes","p":11.4,"u":"0,13 €/P","img":"https://fd6-photos.leclercdrive.fr/image.ashx?id=2904571&use=l&cat=p&typeid=i","cat":284737},{"id":32213,"n":"Bacon fumé Herta Barquette 100g","p":2.08,"u":"20,80 €/KG","img":"https://fd6-photos.leclercdrive.fr/image.ashx?id=2876236&use=l&cat=p&typeid=i","cat":316011},{"id":32216,"n":"Sandwich XXL Daunat Poulet rôti Mayonnaise - 230g","p":2.27,"u":"9,87 €/KG","img":"https://fd6-photos.leclercdrive.fr/image.ashx?id=2892706&use=l&cat=p&typeid=i","cat":333658},{"id":32217,"n":"Sandwich XXL Daunat Thon Oeuf Crudités - 230g","p":2.11,"u":"9,17 €/KG","img":"https://fd6-photos.leclercdrive.fr/image.ashx?id=2892697&use=l&cat=p&typeid=i","cat":333658},{"id":32247,"n":"Baguette Tradition 3x250g + 1 baguette offerte","p":2.85,"u":"2,85 €/KG","img":"https://fd6-photos.leclercdrive.fr/image.ashx?id=2442057&use=l&cat=p&typeid=i","cat":284359},{"id":32254,"n":"Eau minérale naturelle St Amand 6x50cl","p":1.64,"u":"0,55 €/L","img":"https://fd6-photos.leclercdrive.fr/image.ashx?id=2877994&use=l&cat=p&typeid=i","cat":284535},{"id":32255,"n":"Déodorant Manava Pierre d'alun/Aloé véra - 200ml","p":1.44,"u":"7,20 €/L","img":"https://fd6-photos.leclercdrive.fr/image.ashx?id=2481225&use=l&cat=p&typeid=i","cat":284595},{"id":32258,"n":"Couches bébé Mots d'Enfants -T3 Ultra confort - 4/9kg - x29","p":5.85,"u":"0,20 €/P","img":"https://fd6-photos.leclercdrive.fr/image.ashx?id=2699453&use=l&cat=p&typeid=i","cat":284737},{"id":32267,"n":"Emmental fromage rapé Les Croisés - 325g","p":2.65,"u":"8,15 €/KG","img":"https://fd6-photos.leclercdrive.fr/image.ashx?id=2942786&use=l&cat=p&typeid=i","cat":314035},{"id":32268,"n":"Bûche de chèvre Les Croisés Non affiné 19%mg - 150g","p":1.89,"u":"12,60 €/KG","img":"https://fd6-photos.leclercdrive.fr/image.ashx?id=2919613&use=l&cat=p&typeid=i","cat":314031},{"id":32269,"n":"Maasdam fromage bloc  Les Croisés - 330g","p":2.47,"u":"7,48 €/KG","img":"https://fd6-photos.leclercdrive.fr/image.ashx?id=2081690&use=l&cat=p&typeid=i","cat":314034},{"id":32271,"n":"Pizza Turini Jambon emmental - 200g","p":1.22,"u":"6,10 €/KG","img":"https://fd6-photos.leclercdrive.fr/image.ashx?id=2989670&use=l&cat=p&typeid=i","cat":333679},{"id":32291,"n":"Bonbons sans sucres Confiséo Aux plantes - 150g","p":2.49,"u":"16,60 €/KG","img":"https://fd6-photos.leclercdrive.fr/image.ashx?id=2934700&use=l&cat=p&typeid=i","cat":304252},{"id":32293,"n":"Sucre de canne Tablier Blanc Cassonade 750g","p":1.55,"u":"2,07 €/KG","img":"https://fd6-photos.leclercdrive.fr/image.ashx?id=2501676&use=l&cat=p&typeid=i","cat":284502},{"id":32301,"n":"Biscuit Petit beurre P'tit Déli Tablette chocolat blanc - 150g","p":1.49,"u":"9,93 €/KG","img":"https://fd6-photos.leclercdrive.fr/image.ashx?id=2970738&use=l&cat=p&typeid=i","cat":284488},{"id":32316,"n":"Gin Brighton's London Dry 37.5%vol - 1L","p":15.69,"u":"15,69 €/L","img":"https://fd6-photos.leclercdrive.fr/image.ashx?id=2907189&use=l&cat=p&typeid=i","cat":284550},{"id":32335,"n":"100% Pur jus d'orange Jafaden Très pulpé - 1L","p":2.61,"u":"2,61 €/L","img":"https://fd6-photos.leclercdrive.fr/image.ashx?id=2869272&use=l&cat=p&typeid=i","cat":284521},{"id":32353,"n":"Mozzarella Les Croisés - 3x125g","p":2.75,"u":"7,33 €/KG","img":"https://fd6-photos.leclercdrive.fr/image.ashx?id=2822126&use=l&cat=p&typeid=i","cat":314026},{"id":32357,"n":"Yaourts en gourde Délisse 3 Abricots + 3 Fraises - 6x90g","p":2.96,"u":"5,48 €/KG","img":"https://fd6-photos.leclercdrive.fr/image.ashx?id=2699565&use=l&cat=p&typeid=i","cat":284415},{"id":32380,"n":"Farine de blé Eco+ 1kg","p":0.54,"u":"0,54 €/KG","img":"https://fd6-photos.leclercdrive.fr/image.ashx?id=2694076&use=l&cat=p&typeid=i","cat":284503},{"id":32386,"n":"Mélange forestier Notre Jardin 225g","p":2.57,"u":"11,42 €/KG","img":"https://fd6-photos.leclercdrive.fr/image.ashx?id=2613705&use=l&cat=p&typeid=i","cat":312612},{"id":32387,"n":"Ratatouille Notre Jardin A la provençale - 375g","p":1.07,"u":"2,85 €/KG","img":"https://fd6-photos.leclercdrive.fr/image.ashx?id=2526294&use=l&cat=p&typeid=i","cat":312612},{"id":32388,"n":"Maïs Notre Jardin Aux 2 poivrons - 270g","p":1.59,"u":"5,89 €/KG","img":"https://fd6-photos.leclercdrive.fr/image.ashx?id=2988057&use=l&cat=p&typeid=i","cat":312611},{"id":32389,"n":"Cuisse poulet blanc Volandrie x2 - 500g","p":2.85,"u":"5,70 €/KG","img":"https://fd6-photos.leclercdrive.fr/image.ashx?id=2647880&use=l&cat=p&typeid=i","cat":284336},{"id":32390,"n":"Cuisse poulet jaune Volandrie x2 - 500g","p":2.85,"u":"5,70 €/KG","img":"https://fd6-photos.leclercdrive.fr/image.ashx?id=2804187&use=l&cat=p&typeid=i","cat":284336},{"id":32391,"n":"Poulet blanc St Charmin Entier - 1.25kg","p":8.99,"u":"7,19 €/KG","img":"https://fd6-photos.leclercdrive.fr/image.ashx?id=2486092&use=l&cat=p&typeid=i","cat":284336},{"id":32393,"n":"Filet de poulet St Charmin Blanc Val de Loire x2 - 240g","p":5.49,"u":"22,88 €/KG","img":"https://fd6-photos.leclercdrive.fr/image.ashx?id=1921506&use=l&cat=p&typeid=i","cat":284336},{"id":32403,"n":"Cahier Esquisse - 96 pages Bleu- 21x29.7cm","p":1.1,"img":"https://fd6-photos.leclercdrive.fr/image.ashx?id=981862&use=l&cat=p&typeid=i","cat":284697},{"id":32404,"n":"Cahier Esquisse  - 96 pages Vert - 21x29.7cm","p":1.1,"img":"https://fd6-photos.leclercdrive.fr/image.ashx?id=981858&use=l&cat=p&typeid=i","cat":284697},{"id":32405,"n":"Cahier Esquisse  - 96 pages Jaune - 21x29.7cm","p":1.1,"img":"https://fd6-photos.leclercdrive.fr/image.ashx?id=981854&use=l&cat=p&typeid=i","cat":284697},{"id":32412,"n":"Cahier Esquisse Rouge - 24x32cm - 96p","p":1.39,"img":"https://fd6-photos.leclercdrive.fr/image.ashx?id=1703719&use=l&cat=p&typeid=i","cat":284697},{"id":32413,"n":"Cahier Esquisse Vert foncé - 24x32 cm- 96p","p":1.39,"img":"https://fd6-photos.leclercdrive.fr/image.ashx?id=981834&use=l&cat=p&typeid=i","cat":284697},{"id":32422,"n":"Poulet rôti Purée à l'ancienne La Cuisine d'Océane 300g","p":2.15,"u":"7,17 €/KG","img":"https://fd6-photos.leclercdrive.fr/image.ashx?id=2962377&use=l&cat=p&typeid=i","cat":284953},{"id":32436,"n":"AOP Côtes du Rhône rosé Cellier des Dauphins - BIB 3L","p":11.53,"u":"3,84 €/L","img":"https://fd6-photos.leclercdrive.fr/image.ashx?id=2829985&use=l&cat=p&typeid=i","cat":289560},{"id":32444,"n":"AOP Cabernet d'Anjou vin rosé  Soupçon de Fruit  - 75cl","p":5.19,"u":"6,92 €/L","img":"https://fd6-photos.leclercdrive.fr/image.ashx?id=2432388&use=l&cat=p&typeid=i","cat":289558},{"id":32478,"n":"Fruits rouges Fruistar 650g","p":4.81,"u":"7,40 €/KG","img":"https://fd6-photos.leclercdrive.fr/image.ashx?id=2898245&use=l&cat=p&typeid=i","cat":284268},{"id":32479,"n":"Culotte absorbante Tena Taille L - Plus - x8","p":8.43,"u":"1,05 €/P","img":"https://fd6-photos.leclercdrive.fr/image.ashx?id=2428585&use=l&cat=p&typeid=i","cat":284628},{"id":32480,"n":"Culotte absorbante Tena Taille M - Plus - x9","p":7.89,"u":"0,88 €/P","img":"https://fd6-photos.leclercdrive.fr/image.ashx?id=2428591&use=l&cat=p&typeid=i","cat":284628},{"id":32516,"n":"Saumon fumé Bio Bio Village Atlantique x4T - 120g","p":5.77,"u":"48,08 €/KG","img":"https://fd6-photos.leclercdrive.fr/image.ashx?id=2181831&use=l&cat=p&typeid=i","cat":285188},{"id":32552,"n":"Apéritif Lagoa Cocktail Mojito sans alcool 75cl","p":2.94,"u":"3,92 €/L","img":"https://fd6-photos.leclercdrive.fr/image.ashx?id=2519969&use=l&cat=p&typeid=i","cat":284549},{"id":32555,"n":"Fromage Maasdam Les Croisés tranches x14 - 27.1%mg - 350g","p":3.23,"u":"9,23 €/KG","img":"https://fd6-photos.leclercdrive.fr/image.ashx?id=2026322&use=l&cat=p&typeid=i","cat":314028},{"id":32556,"n":"Gouda Les Croisés 30.5%mg portion - 250g","p":3.25,"u":"13,00 €/KG","img":"https://fd6-photos.leclercdrive.fr/image.ashx?id=2900121&use=l&cat=p&typeid=i","cat":314034},{"id":32558,"n":"Mimolette Les Croisés 23.7%mg portion - 250g","p":2.97,"u":"11,88 €/KG","img":"https://fd6-photos.leclercdrive.fr/image.ashx?id=2796049&use=l&cat=p&typeid=i","cat":314034},{"id":32631,"n":"Biscuits palmier Bio Village Bio - 100g","p":1.25,"u":"12,50 €/KG","img":"https://fd6-photos.leclercdrive.fr/image.ashx?id=2610729&use=l&cat=p&typeid=i","cat":284487},{"id":32643,"n":"Pruneaux d'Agen Couleurs Vives Dénoyautés - 500g","p":3.99,"u":"7,98 €/KG","img":"https://fd6-photos.leclercdrive.fr/image.ashx?id=2124107&use=l&cat=p&typeid=i","cat":284357},{"id":32703,"n":"Fondant chocolat Gü Dessert 2x100g","p":3.29,"u":"16,45 €/KG","img":"https://fd6-photos.leclercdrive.fr/image.ashx?id=2851273&use=l&cat=p&typeid=i","cat":284419},{"id":32724,"n":"Pain grillé bio Bio Village Céréales et graines - 225g","p":1.59,"u":"7,07 €/KG","img":"https://fd6-photos.leclercdrive.fr/image.ashx?id=2595119&use=l&cat=p&typeid=i","cat":284479},{"id":32765,"n":"Bonbons Copains Copines Planch' acid goût fruit 225g","p":1.11,"u":"4,93 €/KG","img":"https://fd6-photos.leclercdrive.fr/image.ashx?id=2934709&use=l&cat=p&typeid=i","cat":304250},{"id":32786,"n":"Déodorant bille Manava Pierre d'alun - 50ml","p":0.99,"u":"19,80 €/L","img":"https://fd6-photos.leclercdrive.fr/image.ashx?id=2481219&use=l&cat=p&typeid=i","cat":284595},{"id":32804,"n":"Poulet jaune St Charmin Val de Loire - 1.25kg","p":8.99,"u":"7,19 €/KG","img":"https://fd6-photos.leclercdrive.fr/image.ashx?id=2907078&use=l&cat=p&typeid=i","cat":284336},{"id":32806,"n":"Cuisse poulet jaune St Charmin Val de Loire x2 - 480g","p":4.08,"u":"8,50 €/KG","img":"https://fd6-photos.leclercdrive.fr/image.ashx?id=2933307&use=l&cat=p&typeid=i","cat":284336},{"id":32809,"n":"Filets de poulet St Charmin Val de Loire x2 - 240g","p":5.49,"u":"22,88 €/KG","img":"https://fd6-photos.leclercdrive.fr/image.ashx?id=2933310&use=l&cat=p&typeid=i","cat":284336},{"id":32817,"n":"Eau minérale Mont Blanc 6x1.5L","p":2.82,"u":"0,31 €/L","img":"https://fd6-photos.leclercdrive.fr/image.ashx?id=2401110&use=l&cat=p&typeid=i","cat":284535},{"id":32829,"n":"Litière chats Tous mes Amis Optimale - 5L","p":4.5,"u":"0,90 €/L","img":"https://fd6-photos.leclercdrive.fr/image.ashx?id=2055220&use=l&cat=p&typeid=i","cat":284683},{"id":32878,"n":"Biscuits fins P'tit Déli Assortiment - 400g","p":4.55,"u":"11,38 €/KG","img":"https://fd6-photos.leclercdrive.fr/image.ashx?id=2563154&use=l&cat=p&typeid=i","cat":284490},{"id":32901,"n":"Escalopes de dinde Volandrie x2 - 240g","p":3.49,"u":"14,54 €/KG","img":"https://fd6-photos.leclercdrive.fr/image.ashx?id=2048860&use=l&cat=p&typeid=i","cat":284337},{"id":32902,"n":"Escalope de dinde Volandrie Extra fines x2 - 240g","p":3.49,"u":"14,54 €/KG","img":"https://fd6-photos.leclercdrive.fr/image.ashx?id=2048863&use=l&cat=p&typeid=i","cat":284337},{"id":32911,"n":"Sauce Andalouse Colona 235g","p":1.38,"u":"5,87 €/KG","img":"https://fd6-photos.leclercdrive.fr/image.ashx?id=2687197&use=l&cat=p&typeid=i","cat":318431},{"id":32915,"n":"Oignons frits Colona 100g","p":1.06,"u":"10,60 €/KG","img":"https://fd6-photos.leclercdrive.fr/image.ashx?id=2687230&use=l&cat=p&typeid=i","cat":298297},{"id":32949,"n":"Gel Douche Fa Cap tonique mixte flacon- 250ml","p":1.64,"u":"6,56 €/L","img":"https://fd6-photos.leclercdrive.fr/image.ashx?id=2995418&use=l&cat=p&typeid=i","cat":284594},{"id":32954,"n":"Bûche glacée Eskiss Poire Chocolat - 549g","p":3.89,"u":"7,09 €/KG","img":"https://fd6-photos.leclercdrive.fr/image.ashx?id=2968988&use=l&cat=p&typeid=i","cat":284266},{"id":32957,"n":"Poitrine fumée Herta 2x100g","p":3.03,"u":"15,15 €/KG","img":"https://fd6-photos.leclercdrive.fr/image.ashx?id=2787773&use=l&cat=p&typeid=i","cat":316011},{"id":32969,"n":"Mousse à raser Carré Homme Menthol 250ml","p":1.39,"u":"5,56 €/L","img":"https://fd6-photos.leclercdrive.fr/image.ashx?id=2997946&use=l&cat=p&typeid=i","cat":284617},{"id":32970,"n":"Lingettes Bionaïa Démaquillantes Bio x25","p":1.04,"u":"0,04 €/P","img":"https://fd6-photos.leclercdrive.fr/image.ashx?id=2376025&use=l&cat=p&typeid=i","cat":284603},{"id":32971,"n":"Mousse à raser Carré Homme Protectrice 250ml","p":1.12,"u":"4,48 €/L","img":"https://fd6-photos.leclercdrive.fr/image.ashx?id=2842289&use=l&cat=p&typeid=i","cat":284617},{"id":32972,"n":"Gel nettoyant Inell Visage 3 en 1 - 150ml","p":2.95,"u":"19,67 €/L","img":"https://fd6-photos.leclercdrive.fr/image.ashx?id=2644849&use=l&cat=p&typeid=i","cat":284603},{"id":32973,"n":"Eau micellaire Inell 500ml","p":2.36,"u":"4,72 €/L","img":"https://fd6-photos.leclercdrive.fr/image.ashx?id=1938870&use=l&cat=p&typeid=i","cat":284603},{"id":32976,"n":"Pomme de terre de consommation 5kg","p":2.79,"u":"0,56 €/KG","img":"https://fd6-photos.leclercdrive.fr/image.ashx?id=588142&use=l&cat=p&typeid=i","cat":284352},{"id":32981,"n":"Biscuits sec thé P'tit Déli 340g","p":1.22,"u":"3,59 €/KG","img":"https://fd6-photos.leclercdrive.fr/image.ashx?id=2679488&use=l&cat=p&typeid=i","cat":284487},{"id":32982,"n":"Pâtes coquillettes Turini Les 3 min - 1kg","p":1.52,"u":"1,52 €/KG","img":"https://fd6-photos.leclercdrive.fr/image.ashx?id=2607530&use=l&cat=p&typeid=i","cat":284427},{"id":32985,"n":"Riz long Comptoir du Grain Cuisson rapide - 2kg","p":3.36,"u":"1,68 €/KG","img":"https://fd6-photos.leclercdrive.fr/image.ashx?id=2226197&use=l&cat=p&typeid=i","cat":284428},{"id":32986,"n":"Pâtes penne Turini Les 3 min - 500g","p":0.99,"u":"1,98 €/KG","img":"https://fd6-photos.leclercdrive.fr/image.ashx?id=2744240&use=l&cat=p&typeid=i","cat":284427},{"id":33004,"n":"Mousse au chocolat Marie Morin A l'ancienne - 2x100g","p":3.74,"u":"18,70 €/KG","img":"https://fd6-photos.leclercdrive.fr/image.ashx?id=2631687&use=l&cat=p&typeid=i","cat":284417},{"id":33017,"n":"Eau gazeuse  Badoit rouge fortement pétillante - 6x1l","p":3.53,"u":"0,59 €/L","img":"https://fd6-photos.leclercdrive.fr/image.ashx?id=2831783&use=l&cat=p&typeid=i","cat":284536},{"id":33019,"n":"Crème Nourrissante Nivea Visage Corps Mains - 150ml","p":1.87,"u":"12,47 €/L","img":"https://fd6-photos.leclercdrive.fr/image.ashx?id=2600536&use=l&cat=p&typeid=i","cat":325350},{"id":33034,"n":"AOC Crémant Bourgogne brut Veuve Ambal - Tastevine - 75cl","p":7.95,"pp":6.95,"u":"9,27 €/L","img":"https://fd6-photos.leclercdrive.fr/image.ashx?id=1965240&use=l&cat=p&typeid=i","cat":284545},{"id":33036,"n":"Beurre allégé Les Croisés Doux - 60% MG - 250g","p":1.87,"u":"7,48 €/KG","img":"https://fd6-photos.leclercdrive.fr/image.ashx?id=2893319&use=l&cat=p&typeid=i","cat":284379},{"id":33046,"n":"Tuiles Tokapi Epicé - 170g","p":1.39,"u":"8,18 €/KG","img":"https://fd6-photos.leclercdrive.fr/image.ashx?id=2641277&use=l&cat=p&typeid=i","cat":287899},{"id":33049,"n":"Salade Notre Jardin Laitue iceberg - 90g","p":0.59,"u":"6,56 €/KG","img":"https://fd6-photos.leclercdrive.fr/image.ashx?id=2693312&use=l&cat=p&typeid=i","cat":284353},{"id":33097,"n":"Steak haché façon bouchère 560g Férial - 15%mg - X4","p":9.4,"u":"16,79 €/KG","img":"https://fd6-photos.leclercdrive.fr/image.ashx?id=3004660&use=l&cat=p&typeid=i","cat":319778},{"id":33098,"n":"Viande hachée Férial 15%mg - 400G","p":5.45,"u":"13,63 €/KG","img":"https://fd6-photos.leclercdrive.fr/image.ashx?id=2966517&use=l&cat=p&typeid=i","cat":319779},{"id":33150,"n":"Blanquette Weight Watchers Poulet 300g","p":3.7,"u":"12,33 €/KG","img":"https://fd6-photos.leclercdrive.fr/image.ashx?id=2880739&use=l&cat=p&typeid=i","cat":333665},{"id":33151,"n":"Préparation culinaire Soja Délisse - 5%mg - 3x20cl","p":1.89,"u":"3,15 €/L","img":"https://fd6-photos.leclercdrive.fr/image.ashx?id=2970741&use=l&cat=p&typeid=i","cat":316069},{"id":33197,"n":"Café moulu Plantation Colombie - 250g","p":3.87,"u":"15,48 €/KG","img":"https://fd6-photos.leclercdrive.fr/image.ashx?id=2824268&use=l&cat=p&typeid=i","cat":284750},{"id":33199,"n":"Sirop Eco+ Fraise - 1L","p":2.43,"u":"2,43 €/L","img":"https://fd6-photos.leclercdrive.fr/image.ashx?id=2959701&use=l&cat=p&typeid=i","cat":295020},{"id":33200,"n":"Sirop menthe Eco+ 1L","p":1.41,"u":"1,41 €/L","img":"https://fd6-photos.leclercdrive.fr/image.ashx?id=2909831&use=l&cat=p&typeid=i","cat":295020},{"id":33239,"n":"Café Soluble Nescafé Spécial Filtre - x25 - 50g","p":2.79,"u":"55,80 €/KG","img":"https://fd6-photos.leclercdrive.fr/image.ashx?id=2485134&use=l&cat=p&typeid=i","cat":284843},{"id":33251,"n":"Déodorant Manava peux sensibles Anti-transpirant spray - 200ml","p":1.29,"u":"6,45 €/L","img":"https://fd6-photos.leclercdrive.fr/image.ashx?id=2886454&use=l&cat=p&typeid=i","cat":284595},{"id":33255,"n":"Pâtes farfalle Turini Les 3 min - 500g","p":1.07,"u":"2,14 €/KG","img":"https://fd6-photos.leclercdrive.fr/image.ashx?id=2669723&use=l&cat=p&typeid=i","cat":284427},{"id":33256,"n":"Sachet cuisson Rustica Poulet herbes de provence - 34g","p":0.6,"u":"17,65 €/KG","img":"https://fd6-photos.leclercdrive.fr/image.ashx?id=1886674&use=l&cat=p&typeid=i","cat":288380},{"id":33258,"n":"Sachet cuisson Rustica Poulet ail et oignon - 36g","p":0.59,"u":"16,39 €/KG","img":"https://fd6-photos.leclercdrive.fr/image.ashx?id=1886680&use=l&cat=p&typeid=i","cat":288380},{"id":33259,"n":"Sachet cuisson Rustica Poulet paprika et tomates - 34g","p":0.67,"u":"19,71 €/KG","img":"https://fd6-photos.leclercdrive.fr/image.ashx?id=2578632&use=l&cat=p&typeid=i","cat":288380},{"id":33262,"n":"Céréales Corn Flakes Kellogg's 500g","p":2.53,"u":"5,06 €/KG","img":"https://fd6-photos.leclercdrive.fr/image.ashx?id=2522005&use=l&cat=p&typeid=i","cat":309513},{"id":33266,"n":"Céréales Smacks Kellogg's 400g","p":2.48,"u":"6,20 €/KG","img":"https://fd6-photos.leclercdrive.fr/image.ashx?id=2584235&use=l&cat=p&typeid=i","cat":309513},{"id":33269,"n":"Pommes de terre Pom'lisse Grenaille - 450g","p":2.49,"u":"5,53 €/KG","img":"https://fd6-photos.leclercdrive.fr/image.ashx?id=2704708&use=l&cat=p&typeid=i","cat":319792},{"id":33274,"n":"Pâtes spaghetti Turini Les 3 min - 1kg","p":1.59,"u":"1,59 €/KG","img":"https://fd6-photos.leclercdrive.fr/image.ashx?id=2607533&use=l&cat=p&typeid=i","cat":284427},{"id":33287,"n":"Pâtes Torsettes Turini 3 min - 1kg","p":1.66,"u":"1,66 €/KG","img":"https://fd6-photos.leclercdrive.fr/image.ashx?id=2744237&use=l&cat=p&typeid=i","cat":284427},{"id":33297,"n":"Mini fondue Les Croisés Aux 3 fromages - 150g","p":2.16,"u":"14,40 €/KG","img":"https://fd6-photos.leclercdrive.fr/image.ashx?id=2791800&use=l&cat=p&typeid=i","cat":314037},{"id":33302,"n":"Pâtes cannelloni Turini 250g","p":0.99,"u":"3,96 €/KG","img":"https://fd6-photos.leclercdrive.fr/image.ashx?id=2980468&use=l&cat=p&typeid=i","cat":284427},{"id":33304,"n":"Soja cuisine Bio Village Fluide bio - 3x20cl","p":1.61,"u":"2,68 €/L","img":"https://fd6-photos.leclercdrive.fr/image.ashx?id=2493679&use=l&cat=p&typeid=i","cat":316069},{"id":33306,"n":"Sucre pure canne Bio Village En poudre bio - 500g","p":1.66,"u":"3,32 €/KG","img":"https://fd6-photos.leclercdrive.fr/image.ashx?id=3010443&use=l&cat=p&typeid=i","cat":284502},{"id":33309,"n":"Galettes de maïs Bio Village x19 - 130g","p":0.91,"u":"7,00 €/KG","img":"https://fd6-photos.leclercdrive.fr/image.ashx?id=1959490&use=l&cat=p&typeid=i","cat":318651},{"id":33399,"n":"Pâte d'amande 40% Vahiné Tricolore 150g","p":2.07,"u":"13,80 €/KG","img":"https://fd6-photos.leclercdrive.fr/image.ashx?id=2014370&use=l&cat=p&typeid=i","cat":284504},{"id":33503,"n":"Salade & Cie Sodebo Antibes Thon riz - 320g","p":2.94,"u":"9,19 €/KG","img":"https://fd6-photos.leclercdrive.fr/image.ashx?id=2799431&use=l&cat=p&typeid=i","cat":333657},{"id":33551,"n":"Bloc de foie gras Dégustation Labeyrie 30% morceaux - 300g","p":22.99,"u":"76,63 €/KG","img":"https://fd6-photos.leclercdrive.fr/image.ashx?id=2770359&use=l&cat=p&typeid=i","cat":316008},{"id":33577,"n":"Confit d'oignons Labeyrie 50g","p":1.63,"u":"32,60 €/KG","img":"https://fd6-photos.leclercdrive.fr/image.ashx?id=2923510&use=l&cat=p&typeid=i","cat":316008},{"id":33578,"n":"Confiture de figues Labeyrie 50g","p":1.63,"u":"32,60 €/KG","img":"https://fd6-photos.leclercdrive.fr/image.ashx?id=2247643&use=l&cat=p&typeid=i","cat":316008},{"id":33582,"n":"Fromage à tartiner Boursin Poivre - 150g","p":2.29,"u":"15,27 €/KG","img":"https://fd6-photos.leclercdrive.fr/image.ashx?id=2962284&use=l&cat=p&typeid=i","cat":314029},{"id":33594,"n":"Cacahuètes  Benenuts Grillées salées - 220g","p":1.28,"u":"5,82 €/KG","img":"https://fd6-photos.leclercdrive.fr/image.ashx?id=2418762&use=l&cat=p&typeid=i","cat":284448},{"id":33595,"n":"Monster Munch Salé - 85g","p":0.98,"u":"11,53 €/KG","img":"https://fd6-photos.leclercdrive.fr/image.ashx?id=2971598&use=l&cat=p&typeid=i","cat":284449},{"id":33596,"n":"Monster Munch Jambon fromage - 85g","p":1.04,"u":"12,24 €/KG","img":"https://fd6-photos.leclercdrive.fr/image.ashx?id=2971604&use=l&cat=p&typeid=i","cat":284449},{"id":33600,"n":"Monster Munch Ketchup - 85g","p":1.06,"u":"12,47 €/KG","img":"https://fd6-photos.leclercdrive.fr/image.ashx?id=2996932&use=l&cat=p&typeid=i","cat":284449},{"id":33744,"n":"AOP Côtes du Rhône vin rouge Bernard Cordelier - 75cl","p":1.99,"u":"2,65 €/L","img":"https://fd6-photos.leclercdrive.fr/image.ashx?id=2744344&use=l&cat=p&typeid=i","cat":289556},{"id":33749,"n":"IGP Terres du Midi Listel Vin rosé 12% vol - BIB 3L","p":12.9,"u":"4,30 €/L","img":"https://fd6-photos.leclercdrive.fr/image.ashx?id=2883468&use=l&cat=p&typeid=i","cat":289560},{"id":33754,"n":"Vin de l'Union Européenne blanc François d'Aubigné - 75cl","p":1.99,"u":"2,65 €/L","img":"https://fd6-photos.leclercdrive.fr/image.ashx?id=2753357&use=l&cat=p&typeid=i","cat":289557},{"id":33755,"n":"AOP Monbazillac vin blanc Bernard Cordelier - 75 cl","p":5.99,"u":"7,99 €/L","img":"https://fd6-photos.leclercdrive.fr/image.ashx?id=2809184&use=l&cat=p&typeid=i","cat":289557},{"id":33773,"n":"Biscuits petit dej P'tit Déli  Multi céréales - 400g","p":1.84,"u":"4,60 €/KG","img":"https://fd6-photos.leclercdrive.fr/image.ashx?id=2999505&use=l&cat=p&typeid=i","cat":284491},{"id":33792,"n":"Crème mains bio Bio NaÏa Hydratante - 100ml","p":1.99,"u":"19,90 €/L","img":"https://fd6-photos.leclercdrive.fr/image.ashx?id=2558811&use=l&cat=p&typeid=i","cat":325354},{"id":33804,"n":"Déodorant Manava Douceur satin 200ml","p":1.44,"u":"7,20 €/L","img":"https://fd6-photos.leclercdrive.fr/image.ashx?id=2835202&use=l&cat=p&typeid=i","cat":284595},{"id":33805,"n":"Lingettes désinfectantes Clair Anti-bactériennes x40","p":1.05,"u":"0,03 €/P","img":"https://fd6-photos.leclercdrive.fr/image.ashx?id=2768095&use=l&cat=p&typeid=i","cat":325358},{"id":33809,"n":"Sachet fraîcheur chat Sheba  Poissons en sauce - 12x85g","p":4.87,"u":"4,77 €/KG","img":"https://fd6-photos.leclercdrive.fr/image.ashx?id=2759631&use=l&cat=p&typeid=i","cat":285286},{"id":33811,"n":"Pastis de Marseille 45%vol - 1L","p":16.35,"u":"16,35 €/L","img":"https://fd6-photos.leclercdrive.fr/image.ashx?id=2637817&use=l&cat=p&typeid=i","cat":284548},{"id":33812,"n":"Sachet fraîcheur chat Sheba  Mixte en sauce - 12x85g","p":4.8,"u":"4,71 €/KG","img":"https://fd6-photos.leclercdrive.fr/image.ashx?id=2759649&use=l&cat=p&typeid=i","cat":285286},{"id":33819,"n":"Friandises chien Pedigree  Rodeo bœuf x4 - 70g","p":0.95,"u":"13,57 €/KG","img":"https://fd6-photos.leclercdrive.fr/image.ashx?id=2997202&use=l&cat=p&typeid=i","cat":294527},{"id":33820,"n":"Friandises chat Catisfactions Saumon - 60g","p":1.13,"u":"18,83 €/KG","img":"https://fd6-photos.leclercdrive.fr/image.ashx?id=2912605&use=l&cat=p&typeid=i","cat":285285},{"id":33822,"n":"Pina Colada Jafaden  Cocktail sans alcool 1L","p":2.6,"u":"2,60 €/L","img":"https://fd6-photos.leclercdrive.fr/image.ashx?id=2956104&use=l&cat=p&typeid=i","cat":284549},{"id":33847,"n":"Pur jus multifruits Jafaden Orange Ananas Mangue - 1L","p":2.29,"u":"2,29 €/L","img":"https://fd6-photos.leclercdrive.fr/image.ashx?id=2841160&use=l&cat=p&typeid=i","cat":284917},{"id":33848,"n":"Pur jus multifruits Jafaden  Orange Clémentine Banane - 1L","p":2.35,"u":"2,35 €/L","img":"https://fd6-photos.leclercdrive.fr/image.ashx?id=2841163&use=l&cat=p&typeid=i","cat":284917},{"id":33850,"n":"Eponges multi-usage Mamison Vertes - X6","p":1.75,"u":"0,29 €/P","img":"https://fd6-photos.leclercdrive.fr/image.ashx?id=2175768&use=l&cat=p&typeid=i","cat":284667},{"id":33852,"n":"Cubes allume-feu Silex x72 cubes","p":3.05,"u":"0,04 €/P","img":"https://fd6-photos.leclercdrive.fr/image.ashx?id=1304486&use=l&cat=p&typeid=i","cat":300578},{"id":33862,"n":"Crackers Tuc Bacon - 4x100g","p":3.49,"u":"8,73 €/KG","img":"https://fd6-photos.leclercdrive.fr/image.ashx?id=2940474&use=l&cat=p&typeid=i","cat":297000},{"id":33882,"n":"Farfalle Bio Village Bio Au blé complet - 500g","p":1.95,"u":"3,90 €/KG","img":"https://fd6-photos.leclercdrive.fr/image.ashx?id=2625373&use=l&cat=p&typeid=i","cat":284427},{"id":33885,"n":"Olives noires  Rustica Dénoyautées - 180g","p":1.23,"u":"6,83 €/KG","img":"https://fd6-photos.leclercdrive.fr/image.ashx?id=1698893&use=l&cat=p&typeid=i","cat":284458},{"id":33887,"n":"Pains grillés complet Epi d'or 400g","p":1.57,"u":"3,93 €/KG","img":"https://fd6-photos.leclercdrive.fr/image.ashx?id=2982610&use=l&cat=p&typeid=i","cat":284479},{"id":33889,"n":"Pain précuit Epi d'or Petits pains x6 - 300g","p":0.99,"u":"3,30 €/KG","img":"https://fd6-photos.leclercdrive.fr/image.ashx?id=1905869&use=l&cat=p&typeid=i","cat":325069},{"id":33891,"n":"Paëlla royale Côté Table 300g","p":3.39,"u":"11,30 €/KG","img":"https://fd6-photos.leclercdrive.fr/image.ashx?id=2393872&use=l&cat=p&typeid=i","cat":284953},{"id":33892,"n":"Poule au riz Côté table 300g","p":2.31,"u":"7,70 €/KG","img":"https://fd6-photos.leclercdrive.fr/image.ashx?id=2393875&use=l&cat=p&typeid=i","cat":284953},{"id":33893,"n":"Penne Bio Village  Bio - 500g","p":0.89,"u":"1,78 €/KG","img":"https://fd6-photos.leclercdrive.fr/image.ashx?id=2625370&use=l&cat=p&typeid=i","cat":284427},{"id":33915,"n":"Veau aux légumes Côté table Barquette 280g","p":2.29,"u":"8,18 €/KG","img":"https://fd6-photos.leclercdrive.fr/image.ashx?id=2476152&use=l&cat=p&typeid=i","cat":284953},{"id":33917,"n":"Thon entier Pêche Océan Huile d'olive - 160g","p":2.29,"u":"14,31 €/KG","img":"https://fd6-photos.leclercdrive.fr/image.ashx?id=2942199&use=l&cat=p&typeid=i","cat":303867},{"id":33918,"n":"Pâtes torsettes Turini Blé complet - 500g","p":0.99,"u":"1,98 €/KG","img":"https://fd6-photos.leclercdrive.fr/image.ashx?id=2607527&use=l&cat=p&typeid=i","cat":284427},{"id":33921,"n":"Boisson énergisante X-tense Bouteille - 1L","p":1.75,"u":"1,75 €/L","img":"https://fd6-photos.leclercdrive.fr/image.ashx?id=2919619&use=l&cat=p&typeid=i","cat":284533},{"id":33923,"n":"Filets d'Anchois Pêche Océan Marinés Nature - 100g","p":1.99,"u":"19,90 €/KG","img":"https://fd6-photos.leclercdrive.fr/image.ashx?id=2992513&use=l&cat=p&typeid=i","cat":285190},{"id":33924,"n":"Betterave Notre Jardin Rouge entière - 250g","p":0.71,"u":"2,84 €/KG","img":"https://fd6-photos.leclercdrive.fr/image.ashx?id=2888389&use=l&cat=p&typeid=i","cat":284352},{"id":33925,"n":"Hachés au thon Pêche Océan Albacore à la tomate - 200g","p":2.7,"u":"13,50 €/KG","img":"https://fd6-photos.leclercdrive.fr/image.ashx?id=2953629&use=l&cat=p&typeid=i","cat":284344},{"id":33970,"n":"Manchons de poulet Côté Croc Nature - 500g","p":4.89,"u":"9,78 €/KG","img":"https://fd6-photos.leclercdrive.fr/image.ashx?id=2921366&use=l&cat=p&typeid=i","cat":333685},{"id":33982,"n":"Soupe de poisson NRT à la Sétoise - 780g","p":3.99,"u":"5,12 €/KG","img":"https://fd6-photos.leclercdrive.fr/image.ashx?id=2834335&use=l&cat=p&typeid=i","cat":285192},{"id":33989,"n":"Coq au vin Côté Table 400g","p":2.54,"u":"6,35 €/KG","img":"https://fd6-photos.leclercdrive.fr/image.ashx?id=2977876&use=l&cat=p&typeid=i","cat":284441},{"id":33992,"n":"Soda Coca-Cola Zéro Cherry  Bouteille - 1,25L","p":1.62,"u":"1,30 €/L","img":"https://fd6-photos.leclercdrive.fr/image.ashx?id=2678158&use=l&cat=p&typeid=i","cat":284530},{"id":34006,"n":"Boisson aux fruits Capri Sun Tropical - 10x20cl","p":3.51,"u":"1,76 €/L","img":"https://fd6-photos.leclercdrive.fr/image.ashx?id=2506399&use=l&cat=p&typeid=i","cat":295018},{"id":34007,"n":"Bâtonnets Dentastix Pedigree  Fresh Moyen chien x7 - 180g","p":2.66,"u":"14,78 €/KG","img":"https://fd6-photos.leclercdrive.fr/image.ashx?id=2850171&use=l&cat=p&typeid=i","cat":294527},{"id":34106,"n":"Dosettes café Plantation  Classique - x36 - 250g","p":3.72,"u":"14,88 €/KG","img":"https://fd6-photos.leclercdrive.fr/image.ashx?id=2622109&use=l&cat=p&typeid=i","cat":293238},{"id":34107,"n":"Dosettes café Plantation  Corsé - x36 - 250g","p":3.72,"u":"14,88 €/KG","img":"https://fd6-photos.leclercdrive.fr/image.ashx?id=2622112&use=l&cat=p&typeid=i","cat":293238},{"id":34177,"n":"Effilés aux legumes Purina One Poulet / Boeufs - 4x85g","p":2.16,"u":"6,35 €/KG","img":"https://fd6-photos.leclercdrive.fr/image.ashx?id=2467483&use=l&cat=p&typeid=i","cat":285286},{"id":34178,"n":"Sachet repas chats Purina One Viandes et Poissons - 4x85g","p":2.08,"u":"6,12 €/KG","img":"https://fd6-photos.leclercdrive.fr/image.ashx?id=2467486&use=l&cat=p&typeid=i","cat":285286},{"id":34180,"n":"Gants jetables Mamison latex Taille M x100","p":5.49,"u":"0,05 €/P","img":"https://fd6-photos.leclercdrive.fr/image.ashx?id=1947725&use=l&cat=p&typeid=i","cat":284668},{"id":34183,"n":"Tortilla Tables du monde Oignons 500g","p":2.89,"u":"5,78 €/KG","img":"https://fd6-photos.leclercdrive.fr/image.ashx?id=1671946&use=l&cat=p&typeid=i","cat":333673},{"id":34196,"n":"Gratin Fleury Michon Choux-fleur jambon 280g","p":3.15,"u":"11,25 €/KG","img":"https://fd6-photos.leclercdrive.fr/image.ashx?id=3003293&use=l&cat=p&typeid=i","cat":333665},{"id":34204,"n":"Lait corps bio Bio naïa 250ml","p":3.53,"u":"14,12 €/L","img":"https://fd6-photos.leclercdrive.fr/image.ashx?id=2431131&use=l&cat=p&typeid=i","cat":325349},{"id":34241,"n":"Manchons de poulet Côté Croc Barbecue - 250g","p":2.49,"u":"9,96 €/KG","img":"https://fd6-photos.leclercdrive.fr/image.ashx?id=2560482&use=l&cat=p&typeid=i","cat":333685},{"id":34258,"n":"Bière blonde spéciale 5 Lager Canette - 5%vol. - 50cl","p":0.85,"u":"1,70 €/L","img":"https://fd6-photos.leclercdrive.fr/image.ashx?id=2954097&use=l&cat=p&typeid=i","cat":334853},{"id":34326,"n":"Dosettes café Plantation  Caramel - x10 - 70g","p":1.66,"u":"23,71 €/KG","img":"https://fd6-photos.leclercdrive.fr/image.ashx?id=2824277&use=l&cat=p&typeid=i","cat":293238},{"id":34327,"n":"Dosettes café Plantation Noisette - x10 - 70g","p":1.79,"u":"25,57 €/KG","img":"https://fd6-photos.leclercdrive.fr/image.ashx?id=2664578&use=l&cat=p&typeid=i","cat":293238},{"id":34332,"n":"Vodka Sobieski  37,5%vol - 1L","p":15.9,"u":"15,90 €/L","img":"https://fd6-photos.leclercdrive.fr/image.ashx?id=2948477&use=l&cat=p&typeid=i","cat":284550},{"id":34333,"n":"Boisson à base de vin rosé Very Framboise - 75cl","p":3.01,"u":"4,01 €/L","img":"https://fd6-photos.leclercdrive.fr/image.ashx?id=2446632&use=l&cat=p&typeid=i","cat":304569},{"id":34334,"n":"Boisson à base de vin blanc  Very Pech'- Pêche - 75cl","p":3.11,"u":"4,15 €/L","img":"https://fd6-photos.leclercdrive.fr/image.ashx?id=2443874&use=l&cat=p&typeid=i","cat":304569},{"id":34350,"n":"Shampooing sec Vitanove Cheveux normaux - 150ml","p":1.87,"u":"12,47 €/L","img":"https://fd6-photos.leclercdrive.fr/image.ashx?id=2669720&use=l&cat=p&typeid=i","cat":289143},{"id":34362,"n":"Préparation pain Tablier Blanc Farine pain aux céréales - 1kg","p":1.44,"u":"1,44 €/KG","img":"https://fd6-photos.leclercdrive.fr/image.ashx?id=2844836&use=l&cat=p&typeid=i","cat":284503},{"id":34406,"n":"Dosettes café Plantation  Décaféiné - x36 - 250g","p":3.95,"u":"15,80 €/KG","img":"https://fd6-photos.leclercdrive.fr/image.ashx?id=2824274&use=l&cat=p&typeid=i","cat":293238},{"id":34500,"n":"Dosettes café Plantation  Classique - x48 - 336g","p":4.95,"u":"14,73 €/KG","img":"https://fd6-photos.leclercdrive.fr/image.ashx?id=2824271&use=l&cat=p&typeid=i","cat":293238},{"id":34578,"n":"AOC Pacherenc du Vic Bilh Blanc Carte d'Or Moelleux 75 cl","p":8.11,"u":"10,81 €/L","img":"https://fd6-photos.leclercdrive.fr/image.ashx?id=1928449&use=l&cat=p&typeid=i","cat":289557},{"id":34633,"n":"Vinaigre blanc Saas Melfor Vinaigre d'alcool - 1L","p":0.82,"u":"0,82 €/L","img":"https://fd6-photos.leclercdrive.fr/image.ashx?id=2354812&use=l&cat=p&typeid=i","cat":298543},{"id":34659,"n":"Mini chinois Epi d'Or Nature x6 - 300g","p":1.8,"u":"6,00 €/KG","img":"https://fd6-photos.leclercdrive.fr/image.ashx?id=2860739&use=l&cat=p&typeid=i","cat":296366},{"id":34660,"n":"Pruneaux d'Agen Couleurs Vives Dénoyautés - 250g","p":2.99,"u":"11,96 €/KG","img":"https://fd6-photos.leclercdrive.fr/image.ashx?id=2093129&use=l&cat=p&typeid=i","cat":284357},{"id":34679,"n":"Eponges grattantes Mamison Couleurs pop x2","p":1.38,"u":"0,69 €/P","img":"https://fd6-photos.leclercdrive.fr/image.ashx?id=2207724&use=l&cat=p&typeid=i","cat":284667},{"id":34684,"n":"Eponges grattantes Mamison Fibres naturelles X2","p":1.28,"u":"0,64 €/P","img":"https://fd6-photos.leclercdrive.fr/image.ashx?id=2387088&use=l&cat=p&typeid=i","cat":284667},{"id":34693,"n":"Briochettes pépites Epi d'Or Chocolat au lait x12 - 500g","p":2.44,"u":"4,88 €/KG","img":"https://fd6-photos.leclercdrive.fr/image.ashx?id=2867913&use=l&cat=p&typeid=i","cat":293505},{"id":34694,"n":"Briochettes pépites Epi d'Or Chocolat - x12 500g","p":2.79,"u":"5,58 €/KG","img":"https://fd6-photos.leclercdrive.fr/image.ashx?id=2867910&use=l&cat=p&typeid=i","cat":293505},{"id":34763,"n":"Huile Cheveux Elsève Sublimateur Cheveu sec - 100ml","p":10.29,"u":"102,90 €/L","img":"https://fd6-photos.leclercdrive.fr/image.ashx?id=2870671&use=l&cat=p&typeid=i","cat":284608},{"id":34813,"n":"Thé Britley Citron - x25 - 40g","p":0.88,"u":"22,00 €/KG","img":"https://fd6-photos.leclercdrive.fr/image.ashx?id=2645948&use=l&cat=p&typeid=i","cat":293233},{"id":34841,"n":"Rillettes Tradilège poulet rôti 220g","p":1.84,"u":"8,36 €/KG","img":"https://fd6-photos.leclercdrive.fr/image.ashx?id=2930924&use=l&cat=p&typeid=i","cat":316008},{"id":34845,"n":"IGP Vinaigre balsamique Maille 50cl","p":3.26,"u":"6,52 €/L","img":"https://fd6-photos.leclercdrive.fr/image.ashx?id=2866178&use=l&cat=p&typeid=i","cat":298543},{"id":34908,"n":"Fromage frais Petit Yoplait Nature 3.8%MG - 6x60g","p":1.36,"u":"3,78 €/KG","img":"https://fd6-photos.leclercdrive.fr/image.ashx?id=2811026&use=l&cat=p&typeid=i","cat":284409},{"id":34910,"n":"Fromage Blanc Calin Nature 3.2%MG - 450g","p":1.57,"u":"3,49 €/KG","img":"https://fd6-photos.leclercdrive.fr/image.ashx?id=2973721&use=l&cat=p&typeid=i","cat":284409},{"id":34915,"n":"Fromage frais Petit Yoplait Nature 3.8%MG - 12x60g","p":1.86,"u":"2,58 €/KG","img":"https://fd6-photos.leclercdrive.fr/image.ashx?id=2811029&use=l&cat=p&typeid=i","cat":284409},{"id":34919,"n":"Fromage frais Petit Yoplait Nature 0%MG - 12x60g","p":2.29,"u":"3,18 €/KG","img":"https://fd6-photos.leclercdrive.fr/image.ashx?id=2811023&use=l&cat=p&typeid=i","cat":315000},{"id":34928,"n":"Bière blonde Falsbourg 4.2%vol. - 10x25cl","p":4.59,"u":"1,84 €/L","img":"https://fd6-photos.leclercdrive.fr/image.ashx?id=2637907&use=l&cat=p&typeid=i","cat":334873},{"id":34943,"n":"Blanc de poulet Fleury Michon rôti à la broche x4 - 120g","p":1.51,"u":"12,58 €/KG","img":"https://fd6-photos.leclercdrive.fr/image.ashx?id=2977288&use=l&cat=p&typeid=i","cat":316010},{"id":34952,"n":"Ratatouille à la Provençale NRT 650g","p":3.15,"u":"4,85 €/KG","img":"https://fd6-photos.leclercdrive.fr/image.ashx?id=2791105&use=l&cat=p&typeid=i","cat":312612},{"id":34956,"n":"Vin mousseux Pol Rémy Gala demi-sec 75cl","p":2.8,"u":"3,73 €/L","img":"https://fd6-photos.leclercdrive.fr/image.ashx?id=2105521&use=l&cat=p&typeid=i","cat":284544},{"id":34967,"n":"Eau minérale naturelle St Amand 6x2L","p":2.89,"u":"0,24 €/L","img":"https://fd6-photos.leclercdrive.fr/image.ashx?id=2549615&use=l&cat=p&typeid=i","cat":284535},{"id":34971,"n":"Bière ambrée Kwak 33cl","p":2.02,"u":"6,12 €/L","img":"https://fd6-photos.leclercdrive.fr/image.ashx?id=1881584&use=l&cat=p&typeid=i","cat":334872},{"id":34973,"n":"Bière Trois Monts Grande réserve 9.5%vol. - 75cl","p":2.93,"u":"3,91 €/L","img":"https://fd6-photos.leclercdrive.fr/image.ashx?id=2548376&use=l&cat=p&typeid=i","cat":334852},{"id":34974,"n":"Bière brune Chimay Première  Rouge 7%vol. - 75cl","p":3.67,"u":"4,89 €/L","img":"https://fd6-photos.leclercdrive.fr/image.ashx?id=1579872&use=l&cat=p&typeid=i","cat":334872},{"id":34975,"n":"Bière Cuvée des Trolls Blonde - 7.5%vol. - 75cl","p":5.53,"u":"7,37 €/L","img":"https://fd6-photos.leclercdrive.fr/image.ashx?id=2611083&use=l&cat=p&typeid=i","cat":334872},{"id":34982,"n":"Bûche chèvre Soignon 200g","p":2.18,"u":"10,90 €/KG","img":"https://fd6-photos.leclercdrive.fr/image.ashx?id=2995325&use=l&cat=p&typeid=i","cat":314031},{"id":35006,"n":"Aiguillettes canard Volandrie 210g","p":4.85,"u":"23,10 €/KG","img":"https://fd6-photos.leclercdrive.fr/image.ashx?id=2358351&use=l&cat=p&typeid=i","cat":284339},{"id":35008,"n":"Céréales Special K Kellogg's Nature - 750g","p":4.09,"u":"5,45 €/KG","img":"https://fd6-photos.leclercdrive.fr/image.ashx?id=2586288&use=l&cat=p&typeid=i","cat":309512},{"id":35022,"n":"Cordon bleu Le Gaulois Dinde x4 - 400g","p":3.88,"u":"9,70 €/KG","img":"https://fd6-photos.leclercdrive.fr/image.ashx?id=2860226&use=l&cat=p&typeid=i","cat":333683},{"id":35026,"n":"Concentré de tomate Jardin Bio Bio Double concentré - 200g","p":1.65,"u":"8,25 €/KG","img":"https://fd6-photos.leclercdrive.fr/image.ashx?id=2535469&use=l&cat=p&typeid=i","cat":288384},{"id":35031,"n":"Batonnets Fritelle Lay's Goût nature - 80g","p":0.79,"u":"9,88 €/KG","img":"https://fd6-photos.leclercdrive.fr/image.ashx?id=2140635&use=l&cat=p&typeid=i","cat":284449},{"id":35034,"n":"Eau minérale gazeuse Perrier  Canettes - 6x33cl","p":2.94,"u":"1,48 €/L","img":"https://fd6-photos.leclercdrive.fr/image.ashx?id=2672554&use=l&cat=p&typeid=i","cat":284536},{"id":35039,"n":"Dosettes café Plantation Corsé - x48 - 336g","p":4.95,"u":"14,73 €/KG","img":"https://fd6-photos.leclercdrive.fr/image.ashx?id=2622115&use=l&cat=p&typeid=i","cat":293238},{"id":35047,"n":"Vodka Novotna Pure grain - 37.5%vol - 50cl","p":8.67,"u":"17,34 €/L","img":"https://fd6-photos.leclercdrive.fr/image.ashx?id=1654468&use=l&cat=p&typeid=i","cat":284550},{"id":35103,"n":"Eau minérale Mont Roucous 6x1L","p":2.7,"u":"0,45 €/L","img":"https://fd6-photos.leclercdrive.fr/image.ashx?id=2970954&use=l&cat=p&typeid=i","cat":284535},{"id":35108,"n":"Bière blonde Affligem 6,7%vol. - 12x25cl","p":8.94,"u":"2,98 €/L","img":"https://fd6-photos.leclercdrive.fr/image.ashx?id=2639405&use=l&cat=p&typeid=i","cat":334852},{"id":35138,"n":"Yaourt SMARTIES Vanille bonbons chocolat 4x120g","p":2.35,"u":"4,90 €/KG","img":"https://fd6-photos.leclercdrive.fr/image.ashx?id=2571038&use=l&cat=p&typeid=i","cat":284414},{"id":35146,"n":"Fromages râpé spécial Pizza  Les Croisés - 125g","p":1.62,"u":"12,96 €/KG","img":"https://fd6-photos.leclercdrive.fr/image.ashx?id=2946175&use=l&cat=p&typeid=i","cat":314035},{"id":35147,"n":"Fromage Cheddar Burger Les Croisés 20 Tranches - 340g","p":2.04,"u":"6,00 €/KG","img":"https://fd6-photos.leclercdrive.fr/image.ashx?id=2946844&use=l&cat=p&typeid=i","cat":314028},{"id":35148,"n":"Fromage Emmental Croque Les Croisés 20 Tranches - 340g","p":2.01,"u":"5,91 €/KG","img":"https://fd6-photos.leclercdrive.fr/image.ashx?id=2946847&use=l&cat=p&typeid=i","cat":314028},{"id":35155,"n":"Tablette de chocolat noir Lindt Fleur de sel - 100g","p":2.22,"u":"22,20 €/KG","img":"https://fd6-photos.leclercdrive.fr/image.ashx?id=2681595&use=l&cat=p&typeid=i","cat":284956},{"id":35159,"n":"Croco Haribo Sachet bonbons - 280g","p":1.25,"u":"4,46 €/KG","img":"https://fd6-photos.leclercdrive.fr/image.ashx?id=2446467&use=l&cat=p&typeid=i","cat":304250},{"id":35160,"n":"Croissants Pasquier x16 - 640g","p":3.71,"u":"5,80 €/KG","img":"https://fd6-photos.leclercdrive.fr/image.ashx?id=2853056&use=l&cat=p&typeid=i","cat":296366},{"id":35173,"n":"Joker Le Fruit Jus multifruits  1,5L","p":2.43,"u":"1,62 €/L","img":"https://fd6-photos.leclercdrive.fr/image.ashx?id=2785727&use=l&cat=p&typeid=i","cat":284917},{"id":35174,"n":"Jus d'orange Joker Le Fruit 1,5L","p":3.5,"u":"2,33 €/L","img":"https://fd6-photos.leclercdrive.fr/image.ashx?id=2785733&use=l&cat=p&typeid=i","cat":284521},{"id":35182,"n":"Boisson énergisante Monster Original - 50cl","p":1.33,"u":"2,66 €/L","img":"https://fd6-photos.leclercdrive.fr/image.ashx?id=2510163&use=l&cat=p&typeid=i","cat":284533},{"id":35183,"n":"Boisson énergisante Monster Original Canette - 4x50cl","p":5.36,"u":"2,68 €/L","img":"https://fd6-photos.leclercdrive.fr/image.ashx?id=2210242&use=l&cat=p&typeid=i","cat":284533},{"id":35185,"n":"Eau aromatisée Volvic Juicy Citronnade - 1,5L","p":1.49,"u":"0,99 €/L","img":"https://fd6-photos.leclercdrive.fr/image.ashx?id=3011008&use=l&cat=p&typeid=i","cat":284537},{"id":35212,"n":"Chaussons aux pommes  2p","p":2.2,"u":"1,10 €/P","img":"https://fd6-photos.leclercdrive.fr/image.ashx?id=2071022&use=l&cat=p&typeid=i","cat":284984},{"id":35229,"n":"Mayonnaise Rustica Recette fouettée - 398g","p":2.13,"u":"5,35 €/KG","img":"https://fd6-photos.leclercdrive.fr/image.ashx?id=1961452&use=l&cat=p&typeid=i","cat":298295},{"id":35262,"n":"yaourt aux fruits bifidus activia 0%mg - 12x125g","p":4.72,"u":"3,15 €/KG","img":"https://fd6-photos.leclercdrive.fr/image.ashx?id=2741697&use=l&cat=p&typeid=i","cat":315000},{"id":35274,"n":"Cervelas Supérieur Herta 200g","p":1.63,"u":"8,15 €/KG","img":"https://fd6-photos.leclercdrive.fr/image.ashx?id=2310281&use=l&cat=p&typeid=i","cat":316012},{"id":35284,"n":"Blanc de dinde Fleury Michon doré au four x6 - 180g","p":2.08,"u":"11,56 €/KG","img":"https://fd6-photos.leclercdrive.fr/image.ashx?id=2971571&use=l&cat=p&typeid=i","cat":316010},{"id":35285,"n":"Petits muffins Bonne Maman Chocolat - 235g","p":2.47,"u":"10,51 €/KG","img":"https://fd6-photos.leclercdrive.fr/image.ashx?id=2744052&use=l&cat=p&typeid=i","cat":284495},{"id":35290,"n":"Blanc de dinde Tradilège 8 tranches 320g","p":3.45,"u":"10,78 €/KG","img":"https://fd6-photos.leclercdrive.fr/image.ashx?id=3013666&use=l&cat=p&typeid=i","cat":316010},{"id":35296,"n":"Filet poulet Tradilège rôti sans nitrite 4 tranches - 120g","p":1.89,"u":"15,75 €/KG","img":"https://fd6-photos.leclercdrive.fr/image.ashx?id=2989790&use=l&cat=p&typeid=i","cat":316010},{"id":35308,"n":"Beurre Tendre Elle&Vire Demi-Sel - 80% MG - 250g","p":2.93,"u":"11,72 €/KG","img":"https://fd6-photos.leclercdrive.fr/image.ashx?id=2604773&use=l&cat=p&typeid=i","cat":284379},{"id":35309,"n":"Beurre Tendre Elle&Vire Doux - 82% MG - 250g","p":2.92,"u":"11,68 €/KG","img":"https://fd6-photos.leclercdrive.fr/image.ashx?id=2765629&use=l&cat=p&typeid=i","cat":284379},{"id":35359,"n":"Cire cheveux Taft  Effet brillance - 75 ml","p":3.68,"u":"49,07 €/L","img":"https://fd6-photos.leclercdrive.fr/image.ashx?id=2897928&use=l&cat=p&typeid=i","cat":284609},{"id":35398,"n":"Eau Micellaire Garnier Peaux Sensibles - 400ml","p":2.83,"u":"7,08 €/L","img":"https://fd6-photos.leclercdrive.fr/image.ashx?id=2926593&use=l&cat=p&typeid=i","cat":284603},{"id":35417,"n":"Lingettes Demak'Up Peaux normales - x25","p":2.57,"img":"https://fd6-photos.leclercdrive.fr/image.ashx?id=2981337&use=l&cat=p&typeid=i","cat":284603},{"id":35418,"n":"Lingettes Demak'Up Peaux sensibles - x25","p":2.57,"u":"0,10 €/P","img":"https://fd6-photos.leclercdrive.fr/image.ashx?id=2981340&use=l&cat=p&typeid=i","cat":284603},{"id":35425,"n":"Déodorant spray Monsavon Fleur de cerisier - 100ml","p":2.87,"u":"28,70 €/L","img":"https://fd6-photos.leclercdrive.fr/image.ashx?id=2904628&use=l&cat=p&typeid=i","cat":284595},{"id":35433,"n":"Tampons Doulys Compact Super plus - x20","p":2.6,"u":"0,13 €/P","img":"https://fd6-photos.leclercdrive.fr/image.ashx?id=2965512&use=l&cat=p&typeid=i","cat":284626},{"id":35503,"n":"Gel à raser Williams Peaux sensibles 200ml","p":2.51,"u":"12,55 €/L","img":"https://fd6-photos.leclercdrive.fr/image.ashx?id=1966625&use=l&cat=p&typeid=i","cat":284617},{"id":35530,"n":"Mouchoirs en papier Lotus Boîte x1 - 80 mouchoirs","p":1.54,"u":"0,02 €/P","img":"https://fd6-photos.leclercdrive.fr/image.ashx?id=2867368&use=l&cat=p&typeid=i","cat":284638},{"id":35532,"n":"Pince à épiler Glamour Institut Mors droits avec pochette","p":3.39,"img":"https://fd6-photos.leclercdrive.fr/image.ashx?id=1971182&use=l&cat=p&typeid=i","cat":284747},{"id":35537,"n":"Recharge savon mains Palmolive Antibactérien -  250ml","p":0.63,"u":"2,52 €/L","img":"https://fd6-photos.leclercdrive.fr/image.ashx?id=2833180&use=l&cat=p&typeid=i","cat":284597},{"id":35643,"n":"Lasagne à la bolognaise Marie 2x300g","p":5.72,"u":"9,53 €/KG","img":"https://fd6-photos.leclercdrive.fr/image.ashx?id=2331816&use=l&cat=p&typeid=i","cat":333665},{"id":35646,"n":"Bière blonde Falsbourg Canette - 4.2%vol. - 50cl","p":0.69,"u":"1,38 €/L","img":"https://fd6-photos.leclercdrive.fr/image.ashx?id=2637904&use=l&cat=p&typeid=i","cat":334853},{"id":35647,"n":"Bière blonde Falsbourg Canette - 4.2%vol. - 6x33cl","p":2.69,"u":"1,36 €/L","img":"https://fd6-photos.leclercdrive.fr/image.ashx?id=2637913&use=l&cat=p&typeid=i","cat":334853},{"id":35648,"n":"Boudin blanc Tradilège Aux morilles x3 - 375g","p":3.99,"u":"10,64 €/KG","img":"https://fd6-photos.leclercdrive.fr/image.ashx?id=2080801&use=l&cat=p&typeid=i","cat":316012},{"id":35650,"n":"Minis boudins blancs Tradilège Noix de muscade et porto - 300g","p":3.99,"u":"13,30 €/KG","img":"https://fd6-photos.leclercdrive.fr/image.ashx?id=3001226&use=l&cat=p&typeid=i","cat":316012},{"id":35716,"n":"Gourdes Goûters lactés Délisse Vanille - 4x85g","p":1.81,"u":"5,32 €/KG","img":"https://fd6-photos.leclercdrive.fr/image.ashx?id=2681427&use=l&cat=p&typeid=i","cat":284506},{"id":35720,"n":"Barquette chat Sheba Poissons en terrine - 12x85g","p":6.58,"u":"6,45 €/KG","img":"https://fd6-photos.leclercdrive.fr/image.ashx?id=2759637&use=l&cat=p&typeid=i","cat":285286},{"id":35723,"n":"Liqueur Curaçao bleu Giffard 25%vol. - 50cl","p":8.06,"u":"16,12 €/L","img":"https://fd6-photos.leclercdrive.fr/image.ashx?id=1650446&use=l&cat=p&typeid=i","cat":286032},{"id":35727,"n":"Spécialité au soja nature Nat & Vie - 6x100g","p":1.62,"u":"4,05 €/P","img":"https://fd6-photos.leclercdrive.fr/image.ashx?id=2901452&use=l&cat=p&typeid=i","cat":316071},{"id":35728,"n":"Spécialité au soja Nat & Vie Framboise-passion 4x100g","p":1.42,"u":"3,55 €/KG","img":"https://fd6-photos.leclercdrive.fr/image.ashx?id=2901455&use=l&cat=p&typeid=i","cat":316071},{"id":35729,"n":"Tiramisu Délisse Au café - 4x80g","p":2.49,"u":"7,78 €/KG","img":"https://fd6-photos.leclercdrive.fr/image.ashx?id=2711604&use=l&cat=p&typeid=i","cat":284419},{"id":35730,"n":"Crème dessert Délisse Vanille Billes 3 chocolats 4x117g","p":2.15,"u":"4,59 €/KG","img":"https://fd6-photos.leclercdrive.fr/image.ashx?id=2965503&use=l&cat=p&typeid=i","cat":285041},{"id":35731,"n":"Crème dessert Chocolat Délisse Mix'n croc color 4x120g","p":2.09,"u":"4,35 €/KG","img":"https://fd6-photos.leclercdrive.fr/image.ashx?id=2965506&use=l&cat=p&typeid=i","cat":285041},{"id":35735,"n":"Bière blanche Hilbörg Canette - 4.5%vol. - 50cl","p":0.99,"u":"1,98 €/L","img":"https://fd6-photos.leclercdrive.fr/image.ashx?id=2913693&use=l&cat=p&typeid=i","cat":334853},{"id":35760,"n":"Céréales Miel Pops Kellogg's 620g","p":3.31,"u":"5,34 €/KG","img":"https://fd6-photos.leclercdrive.fr/image.ashx?id=2596952&use=l&cat=p&typeid=i","cat":309513},{"id":35761,"n":"Céréales Frosties Kellogg's 620g","p":3.52,"u":"5,68 €/KG","img":"https://fd6-photos.leclercdrive.fr/image.ashx?id=2589768&use=l&cat=p&typeid=i","cat":309513},{"id":35784,"n":"Bière triple Maredsous Blonde - 10%vol. - 33cl","p":2.35,"u":"7,12 €/L","img":"https://fd6-photos.leclercdrive.fr/image.ashx?id=2371278&use=l&cat=p&typeid=i","cat":334872},{"id":35785,"n":"Bière belge Rince Cochon Fruits rouges - 7.5%vol. - 50cl","p":2.08,"u":"4,16 €/L","img":"https://fd6-photos.leclercdrive.fr/image.ashx?id=1741472&use=l&cat=p&typeid=i","cat":334853},{"id":35788,"n":"Café Soluble Nescafé 200g","p":5.84,"u":"29,20 €/KG","img":"https://fd6-photos.leclercdrive.fr/image.ashx?id=2810627&use=l&cat=p&typeid=i","cat":284843},{"id":35791,"n":"Flammekueche d'Alsace NRT 600g","p":4.35,"u":"7,25 €/KG","img":"https://fd6-photos.leclercdrive.fr/image.ashx?id=2743894&use=l&cat=p&typeid=i","cat":333680},{"id":35815,"n":"Matière grasse St Hubert  Omega 3 - 52% MG - 255g","p":2.09,"u":"8,20 €/KG","img":"https://fd6-photos.leclercdrive.fr/image.ashx?id=2734093&use=l&cat=p&typeid=i","cat":315229},{"id":35816,"n":"Matière grasse St Hubert Omega3 52% MG - demi-sel - 255g","p":2.14,"u":"8,39 €/KG","img":"https://fd6-photos.leclercdrive.fr/image.ashx?id=2734096&use=l&cat=p&typeid=i","cat":315229},{"id":35820,"n":"Liquide pour cuisson Rustica végétal - 500ml","p":2.09,"u":"4,18 €/L","img":"https://fd6-photos.leclercdrive.fr/image.ashx?id=2903950&use=l&cat=p&typeid=i","cat":315229},{"id":35825,"n":"Fromage Pavé d'Affinois Original - 200g","p":2.57,"u":"12,85 €/KG","img":"https://fd6-photos.leclercdrive.fr/image.ashx?id=3002078&use=l&cat=p&typeid=i","cat":314033},{"id":35830,"n":"Yaourt La Laitière   Fruits panachés - 8x125g","p":3.86,"u":"3,86 €/KG","img":"https://fd6-photos.leclercdrive.fr/image.ashx?id=2744590&use=l&cat=p&typeid=i","cat":286006},{"id":35833,"n":"Yaourt La Laitière Citron - 4x125g","p":1.92,"u":"3,84 €/KG","img":"https://fd6-photos.leclercdrive.fr/image.ashx?id=2904065&use=l&cat=p&typeid=i","cat":286006},{"id":35837,"n":"Fromage blanc Bio Vrai Nature - 3.6%mg - 500g","p":2.41,"u":"4,82 €/KG","img":"https://fd6-photos.leclercdrive.fr/image.ashx?id=2516278&use=l&cat=p&typeid=i","cat":284409},{"id":35838,"n":"Yaourts nature Vrai Bio - 4x125g","p":1.36,"u":"2,72 €/KG","img":"https://fd6-photos.leclercdrive.fr/image.ashx?id=2360707&use=l&cat=p&typeid=i","cat":284409},{"id":35846,"n":"Yaourt à boire Délisse Vanille - 850g","p":1.58,"u":"1,86 €/KG","img":"https://fd6-photos.leclercdrive.fr/image.ashx?id=2775890&use=l&cat=p&typeid=i","cat":284415},{"id":35847,"n":"Yaourt à boire Délisse Framboise - 850g","p":1.35,"u":"1,59 €/KG","img":"https://fd6-photos.leclercdrive.fr/image.ashx?id=2777797&use=l&cat=p&typeid=i","cat":284415},{"id":35848,"n":"Yaourt à boire Délisse Fraise - 850g","p":1.53,"u":"1,80 €/P","img":"https://fd6-photos.leclercdrive.fr/image.ashx?id=2796529&use=l&cat=p&typeid=i","cat":284415},{"id":35906,"n":"Gourdes Goûters lactés Délisse Chocolat - 4x85g","p":1.75,"u":"5,15 €/KG","img":"https://fd6-photos.leclercdrive.fr/image.ashx?id=2681424&use=l&cat=p&typeid=i","cat":284506},{"id":35907,"n":"Cassoulet mitonné   William Saurin - 840g","p":2.81,"u":"3,35 €/KG","img":"https://fd6-photos.leclercdrive.fr/image.ashx?id=2890148&use=l&cat=p&typeid=i","cat":284440},{"id":35908,"n":"Cassoulet mitonné   William Saurin - 420g","p":1.82,"u":"4,33 €/KG","img":"https://fd6-photos.leclercdrive.fr/image.ashx?id=2890151&use=l&cat=p&typeid=i","cat":284441},{"id":35917,"n":"Bière blonde Forte Extra Strong Canette - 8.4%vol. - 50cl","p":1.15,"u":"2,30 €/L","img":"https://fd6-photos.leclercdrive.fr/image.ashx?id=2927998&use=l&cat=p&typeid=i","cat":334853},{"id":35918,"n":"Jus de pomme Jafaden A base de concentré - 6x20cl","p":1.32,"u":"1,10 €/L","img":"https://fd6-photos.leclercdrive.fr/image.ashx?id=2949185&use=l&cat=p&typeid=i","cat":284524},{"id":35919,"n":"Jus de raisin Jafaden Briquettes - 6x20cl","p":2.44,"u":"2,03 €/L","img":"https://fd6-photos.leclercdrive.fr/image.ashx?id=2989935&use=l&cat=p&typeid=i","cat":284915},{"id":35921,"n":"Pur jus de pomme Jafaden 1,5L","p":1.48,"u":"0,99 €/L","img":"https://fd6-photos.leclercdrive.fr/image.ashx?id=1936641&use=l&cat=p&typeid=i","cat":284522},{"id":35922,"n":"Bière blonde Forte Extra Strong Canette - 10%vol - 50cl","p":1.19,"u":"2,38 €/L","img":"https://fd6-photos.leclercdrive.fr/image.ashx?id=2928004&use=l&cat=p&typeid=i","cat":334853},{"id":35927,"n":"Cocktail Mojito Lagoa 15%vol - 70cl","p":4.99,"u":"7,13 €/L","img":"https://fd6-photos.leclercdrive.fr/image.ashx?id=2958344&use=l&cat=p&typeid=i","cat":284551},{"id":35955,"n":"Magret de canard Périgord Nos Régions ont du Talent 410g","p":8.99,"u":"21,93 €/KG","img":"https://fd6-photos.leclercdrive.fr/image.ashx?id=2867925&use=l&cat=p&typeid=i","cat":284339},{"id":35990,"n":"Effervescent d'Artigny Grand classic rose - 75cl","p":3.71,"u":"4,95 €/L","img":"https://fd6-photos.leclercdrive.fr/image.ashx?id=2854402&use=l&cat=p&typeid=i","cat":289460},{"id":36009,"n":"Bâtonnets Trium Vanille Amandes x4 - 314g","p":2.05,"u":"6,53 €/KG","img":"https://fd6-photos.leclercdrive.fr/image.ashx?id=2931775&use=l&cat=p&typeid=i","cat":284265},{"id":36037,"n":"Crème UHT Elle&Vire Fluide Entière - 30% MG - 3x20cl","p":3.17,"u":"5,28 €/L","img":"https://fd6-photos.leclercdrive.fr/image.ashx?id=3008551&use=l&cat=p&typeid=i","cat":284381},{"id":36039,"n":"Crème légère fluide UHT Délisse 12%mg - 3x20cl","p":1.84,"u":"3,07 €/L","img":"https://fd6-photos.leclercdrive.fr/image.ashx?id=2905904&use=l&cat=p&typeid=i","cat":284381},{"id":36040,"n":"Spécialité laitière UHT Délisse Semi-épaisse 4%mg - 3x20cl","p":2.21,"u":"3,68 €/L","img":"https://fd6-photos.leclercdrive.fr/image.ashx?id=3002599&use=l&cat=p&typeid=i","cat":284381},{"id":36041,"n":"Crème semi-épaisse entière UHT Délisse 30%mg - 3x20cl","p":3.52,"u":"5,87 €/L","img":"https://fd6-photos.leclercdrive.fr/image.ashx?id=2494099&use=l&cat=p&typeid=i","cat":284381},{"id":36115,"n":"Carré fondant Rians Au chocolat - 2x110g","p":2.29,"u":"10,41 €/KG","img":"https://fd6-photos.leclercdrive.fr/image.ashx?id=2495701&use=l&cat=p&typeid=i","cat":284419},{"id":36124,"n":"Haricots blancs Notre Jardin - 500g","p":1.03,"u":"2,06 €/KG","img":"https://fd6-photos.leclercdrive.fr/image.ashx?id=2988072&use=l&cat=p&typeid=i","cat":312606},{"id":36125,"n":"Haricots blancs Notre Jardin 250g","p":0.84,"u":"3,36 €/KG","img":"https://fd6-photos.leclercdrive.fr/image.ashx?id=3002602&use=l&cat=p&typeid=i","cat":312606},{"id":36191,"n":"Allumettes fumées Tradilège VPF 2x75g","p":1.57,"u":"10,47 €/KG","img":"https://fd6-photos.leclercdrive.fr/image.ashx?id=2943680&use=l&cat=p&typeid=i","cat":316011},{"id":36194,"n":"Dés de jambon Tradilège Maxi format 2x125g","p":2.47,"u":"9,88 €/KG","img":"https://fd6-photos.leclercdrive.fr/image.ashx?id=2643411&use=l&cat=p&typeid=i","cat":316011},{"id":36195,"n":"Emincés de poulet Tradilège Rôti - Maxi format 2x125g","p":3.59,"u":"14,36 €/KG","img":"https://fd6-photos.leclercdrive.fr/image.ashx?id=2930778&use=l&cat=p&typeid=i","cat":316011},{"id":36197,"n":"Truite fumée Landvika Mini tranches - 100g","p":2.71,"u":"27,10 €/KG","img":"https://fd6-photos.leclercdrive.fr/image.ashx?id=2159415&use=l&cat=p&typeid=i","cat":285188},{"id":36198,"n":"Lardons supérieurs Tradilège Fumés maxi format 2x200g","p":3.39,"u":"8,48 €/KG","img":"https://fd6-photos.leclercdrive.fr/image.ashx?id=2921381&use=l&cat=p&typeid=i","cat":316011},{"id":36200,"n":"Coton Démaquillant Eco+ Prédécoupé - 200g","p":1.57,"u":"7,85 €/KG","img":"https://fd6-photos.leclercdrive.fr/image.ashx?id=2724535&use=l&cat=p&typeid=i","cat":285593},{"id":36201,"n":"Crème hydratante Eco+ Visage et corps - 250ml","p":1.59,"u":"6,36 €/L","img":"https://fd6-photos.leclercdrive.fr/image.ashx?id=2487410&use=l&cat=p&typeid=i","cat":325350},{"id":36203,"n":"Gel douche Eco+ Peaux sensibles - 500ml","p":0.99,"u":"1,98 €/L","img":"https://fd6-photos.leclercdrive.fr/image.ashx?id=2174660&use=l&cat=p&typeid=i","cat":284594},{"id":36205,"n":"Recharge crème lavante Eco+ Fleuri - 750ml","p":1.11,"u":"1,48 €/L","img":"https://fd6-photos.leclercdrive.fr/image.ashx?id=2297786&use=l&cat=p&typeid=i","cat":284597},{"id":36206,"n":"Mousse à raser hydratante Eco+ Peaux normales - 300ml","p":0.87,"u":"2,90 €/L","img":"https://fd6-photos.leclercdrive.fr/image.ashx?id=2422683&use=l&cat=p&typeid=i","cat":284617},{"id":36268,"n":"Soufflés ExtraTerrestres Tokapi Jambon fromage - 80g","p":0.84,"u":"10,50 €/KG","img":"https://fd6-photos.leclercdrive.fr/image.ashx?id=1888935&use=l&cat=p&typeid=i","cat":284449},{"id":36270,"n":"Soufflés ExtraTerrestres Tokapi Salé - 80g","p":0.8,"u":"10,00 €/KG","img":"https://fd6-photos.leclercdrive.fr/image.ashx?id=1932960&use=l&cat=p&typeid=i","cat":284449},{"id":36308,"n":"Shampooing Nateïs Camomille abricot - 250ml","p":1.39,"u":"5,56 €/L","img":"https://fd6-photos.leclercdrive.fr/image.ashx?id=2626790&use=l&cat=p&typeid=i","cat":284606},{"id":36309,"n":"Shampooing Nateïs Cranberry Huile de jojoba 250ml","p":1.4,"u":"5,60 €/L","img":"https://fd6-photos.leclercdrive.fr/image.ashx?id=2358700&use=l&cat=p&typeid=i","cat":284606},{"id":36310,"n":"Shampooing Nateïs Argile Pamplemousse - 250ml","p":1.39,"u":"5,56 €/L","img":"https://fd6-photos.leclercdrive.fr/image.ashx?id=2358697&use=l&cat=p&typeid=i","cat":284606},{"id":36311,"n":"Shampooing Nateïs Huile d'argan - 250ml","p":1.29,"u":"5,16 €/L","img":"https://fd6-photos.leclercdrive.fr/image.ashx?id=2652906&use=l&cat=p&typeid=i","cat":284606},{"id":36312,"n":"Shampooing Nateïs Henné / Cassis - 250ml","p":1.57,"u":"6,28 €/L","img":"https://fd6-photos.leclercdrive.fr/image.ashx?id=2652903&use=l&cat=p&typeid=i","cat":284606},{"id":36313,"n":"Shampooing extra-doux Nateïs Karité / Huile d'avocat - 250ml","p":1.39,"u":"5,56 €/L","img":"https://fd6-photos.leclercdrive.fr/image.ashx?id=2345559&use=l&cat=p&typeid=i","cat":284606},{"id":36314,"n":"Shampooing Nateïs Fleur de tilleul pomme verte - 250ml","p":1.27,"u":"5,08 €/L","img":"https://fd6-photos.leclercdrive.fr/image.ashx?id=2369645&use=l&cat=p&typeid=i","cat":284606},{"id":36317,"n":"Dessert fruitier pomme Douceur Verger s/sucre 8x100g","p":1.99,"u":"2,49 €/KG","img":"https://fd6-photos.leclercdrive.fr/image.ashx?id=3012406&use=l&cat=p&typeid=i","cat":284416},{"id":36347,"n":"Rondelé aux Noix 125g","p":1.65,"u":"13,20 €/KG","img":"https://fd6-photos.leclercdrive.fr/image.ashx?id=2967732&use=l&cat=p&typeid=i","cat":314029},{"id":36355,"n":"Compote Douceur du Verger  Pomme Rhubarbe - 4x100g","p":1.28,"u":"3,20 €/KG","img":"https://fd6-photos.leclercdrive.fr/image.ashx?id=2991437&use=l&cat=p&typeid=i","cat":284416},{"id":36394,"n":"Yaourt aromatisé aux Fruits Panachés Frulos - 16x125g","p":3.32,"u":"1,66 €/KG","img":"https://fd6-photos.leclercdrive.fr/image.ashx?id=2799895&use=l&cat=p&typeid=i","cat":286006},{"id":36395,"n":"Yaourt Nature Sucré Yoplait - 12x125g","p":2.7,"u":"1,80 €/KG","img":"https://fd6-photos.leclercdrive.fr/image.ashx?id=2796827&use=l&cat=p&typeid=i","cat":284409},{"id":36396,"n":"Gâteau fourré Mini BN Chocolat 175g","p":1.85,"u":"10,57 €/KG","img":"https://fd6-photos.leclercdrive.fr/image.ashx?id=2746854&use=l&cat=p&typeid=i","cat":284488},{"id":36397,"n":"Biscuits Mini BN Goûter à la fraise - 175g","p":1.85,"u":"10,57 €/KG","img":"https://fd6-photos.leclercdrive.fr/image.ashx?id=2748212&use=l&cat=p&typeid=i","cat":284489},{"id":36399,"n":"Pizza La Pizz Sodebo Chèvre lardons - 470g","p":3.93,"u":"8,36 €/KG","img":"https://fd6-photos.leclercdrive.fr/image.ashx?id=2851494&use=l&cat=p&typeid=i","cat":333679},{"id":36400,"n":"Pizza La Pizz Sodebo 4 fromages - 470g","p":3.84,"u":"8,17 €/KG","img":"https://fd6-photos.leclercdrive.fr/image.ashx?id=2905366&use=l&cat=p&typeid=i","cat":333679},{"id":36401,"n":"Pizza Dolce Sodebo 4 fromaggi - 380g","p":4.59,"u":"12,08 €/KG","img":"https://fd6-photos.leclercdrive.fr/image.ashx?id=2921636&use=l&cat=p&typeid=i","cat":333679},{"id":36402,"n":"Pizza Dolce Sodebo Prosciutto Jambon Mozza - 400g","p":3.39,"u":"8,48 €/KG","img":"https://fd6-photos.leclercdrive.fr/image.ashx?id=2919277&use=l&cat=p&typeid=i","cat":333679},{"id":36403,"n":"Pizza Dolce Sodebo Campanella Jambon Speck - 380g","p":3.62,"u":"9,53 €/KG","img":"https://fd6-photos.leclercdrive.fr/image.ashx?id=2921639&use=l&cat=p&typeid=i","cat":333679},{"id":36404,"n":"Pizza Dolce Sodebo Regina Jambon Champignons 400g","p":3.68,"u":"9,20 €/KG","img":"https://fd6-photos.leclercdrive.fr/image.ashx?id=3008251&use=l&cat=p&typeid=i","cat":333679},{"id":36412,"n":"Compote Douceur du Verger Coupelle pomme - 16x100g","p":3.09,"u":"1,93 €/KG","img":"https://fd6-photos.leclercdrive.fr/image.ashx?id=2663515&use=l&cat=p&typeid=i","cat":284508},{"id":36414,"n":"Compote Douceur du Verger Coupelle pomme - 8x100g","p":1.89,"u":"2,36 €/KG","img":"https://fd6-photos.leclercdrive.fr/image.ashx?id=2663509&use=l&cat=p&typeid=i","cat":284508},{"id":36416,"n":"Compote Douceur du Verger Coupelle pomme rhubarbe -4x100g","p":1.29,"u":"3,23 €/KG","img":"https://fd6-photos.leclercdrive.fr/image.ashx?id=2663521&use=l&cat=p&typeid=i","cat":284508},{"id":36417,"n":"Compote Douceur du Verger Gourdes multivariétés - 4x90g","p":1.69,"u":"4,69 €/KG","img":"https://fd6-photos.leclercdrive.fr/image.ashx?id=2805030&use=l&cat=p&typeid=i","cat":284508},{"id":36419,"n":"Compote Douceur du Verger Coupelle pomme - 4x100g","p":0.99,"u":"2,48 €/KG","img":"https://fd6-photos.leclercdrive.fr/image.ashx?id=2663527&use=l&cat=p&typeid=i","cat":284508},{"id":36424,"n":"Brownie P'tit Deli Chocolat noisette 285g","p":1.85,"u":"6,49 €/KG","img":"https://fd6-photos.leclercdrive.fr/image.ashx?id=2892055&use=l&cat=p&typeid=i","cat":294776},{"id":36441,"n":"Aiguillettes poulet Tradilège Rôti - 2x75g","p":2.05,"u":"13,67 €/KG","img":"https://fd6-photos.leclercdrive.fr/image.ashx?id=2994375&use=l&cat=p&typeid=i","cat":316011},{"id":36445,"n":"Râpé de jambon Tradilège Fumé - 150g","p":1.79,"u":"11,93 €/KG","img":"https://fd6-photos.leclercdrive.fr/image.ashx?id=2970468&use=l&cat=p&typeid=i","cat":316011},{"id":36454,"n":"Pastilles NRT  Du Bassin de Vichy - 230g","p":0.98,"u":"4,26 €/KG","img":"https://fd6-photos.leclercdrive.fr/image.ashx?id=2771079&use=l&cat=p&typeid=i","cat":304252},{"id":36475,"n":"Thé glacé Fresh Tea Pêche - 6x25cl","p":2.85,"u":"1,90 €/L","img":"https://fd6-photos.leclercdrive.fr/image.ashx?id=2622263&use=l&cat=p&typeid=i","cat":295019},{"id":36504,"n":"Pizza La Pizz Sodebo Jambon emmental - 470g","p":2.77,"u":"5,89 €/KG","img":"https://fd6-photos.leclercdrive.fr/image.ashx?id=2886786&use=l&cat=p&typeid=i","cat":333679},{"id":36633,"n":"Glace Cône Nestlé Extrême Crème brulée x6 - 426g","p":3.6,"u":"8,45 €/KG","img":"https://fd6-photos.leclercdrive.fr/image.ashx?id=2831672&use=l&cat=p&typeid=i","cat":284264},{"id":36649,"n":"Infusion Tiséa pomme cannelle 25 sachets 55g","p":1.38,"u":"25,09 €/KG","img":"https://fd6-photos.leclercdrive.fr/image.ashx?id=2469562&use=l&cat=p&typeid=i","cat":293234},{"id":36656,"n":"Soupe liquide Liebig  Velouté 10 légumes - Brique 1L","p":1.67,"u":"1,67 €/L","img":"https://fd6-photos.leclercdrive.fr/image.ashx?id=2892133&use=l&cat=p&typeid=i","cat":284462},{"id":36658,"n":"Soupe liquide Liebig  Mouliné 10 légumes - Brique 1L","p":1.76,"u":"1,76 €/L","img":"https://fd6-photos.leclercdrive.fr/image.ashx?id=2651396&use=l&cat=p&typeid=i","cat":284462},{"id":36682,"n":"Aluminium Elembal Extra 20m","p":2.6,"u":"0,13 €/MT","img":"https://fd6-photos.leclercdrive.fr/image.ashx?id=2940908&use=l&cat=p&typeid=i","cat":334134},{"id":36704,"n":"Sucre en morceaux Daddy Demi-morceaux rond - 750g","p":1.79,"u":"2,39 €/KG","img":"https://fd6-photos.leclercdrive.fr/image.ashx?id=2907947&use=l&cat=p&typeid=i","cat":284502},{"id":36710,"n":"Sucre canne Béghin Say Pure - en morceaux - 750g","p":2.48,"u":"3,31 €/KG","img":"https://fd6-photos.leclercdrive.fr/image.ashx?id=2948830&use=l&cat=p&typeid=i","cat":284502},{"id":36711,"n":"Sucre cassonade Béghin Say En poudre - 750g","p":2.43,"u":"3,24 €/KG","img":"https://fd6-photos.leclercdrive.fr/image.ashx?id=2949928&use=l&cat=p&typeid=i","cat":284502},{"id":36720,"n":"Haricots blancs à la tomate 400 g","p":0.75,"u":"1,88 €/KG","img":"https://fd6-photos.leclercdrive.fr/image.ashx?id=2988078&use=l&cat=p&typeid=i","cat":312606},{"id":36721,"n":"Lait chat et chaton Whiskas 3x200ml","p":2.75,"u":"4,58 €/L","img":"https://fd6-photos.leclercdrive.fr/image.ashx?id=2759670&use=l&cat=p&typeid=i","cat":285285},{"id":36756,"n":"Haricots Blancs à la tomate 800g","p":1.08,"u":"1,35 €/KG","img":"https://fd6-photos.leclercdrive.fr/image.ashx?id=2988075&use=l&cat=p&typeid=i","cat":312606},{"id":36811,"n":"Chewing-gum Freedent Fraise 5x10 dragées 70g","p":2.41,"u":"34,43 €/KG","img":"https://fd6-photos.leclercdrive.fr/image.ashx?id=2325485&use=l&cat=p&typeid=i","cat":304251},{"id":36814,"n":"Chewing-gum Freedent Menthe verte boîte 84g","p":2.7,"u":"32,14 €/KG","img":"https://fd6-photos.leclercdrive.fr/image.ashx?id=2024402&use=l&cat=p&typeid=i","cat":304251},{"id":36819,"n":"Chocolat Noir After Eight Fourré Menthe - 300g","p":4.89,"u":"16,30 €/KG","img":"https://fd6-photos.leclercdrive.fr/image.ashx?id=2348782&use=l&cat=p&typeid=i","cat":284499},{"id":36821,"n":"Biscuits M&M's  x10 - 198g","p":2.21,"u":"11,16 €/KG","img":"https://fd6-photos.leclercdrive.fr/image.ashx?id=2148416&use=l&cat=p&typeid=i","cat":284488},{"id":36833,"n":"BB Crème teintée médium Inell Hydratante 5 en 1 - 50ml","p":3.45,"u":"69,00 €/L","img":"https://fd6-photos.leclercdrive.fr/image.ashx?id=2691646&use=l&cat=p&typeid=i","cat":325345},{"id":36834,"n":"BB Crème teintée clair Inell  Hydratante 5en1 - 50ml","p":3.45,"u":"69,00 €/L","img":"https://fd6-photos.leclercdrive.fr/image.ashx?id=2691649&use=l&cat=p&typeid=i","cat":325345},{"id":36837,"n":"Gel douche Carré Homme Séduction 250ml","p":1.2,"u":"4,80 €/L","img":"https://fd6-photos.leclercdrive.fr/image.ashx?id=1544664&use=l&cat=p&typeid=i","cat":284619},{"id":36847,"n":"Tablette chocolat Milka Chocolat au lait/Oreo - 2x100g","p":3.12,"u":"15,60 €/KG","img":"https://fd6-photos.leclercdrive.fr/image.ashx?id=2382321&use=l&cat=p&typeid=i","cat":284497},{"id":36878,"n":"IGP Côtes de Gascogne moelleux Terrasses d'Autan 11.5% - 75cl","p":3.99,"u":"5,32 €/L","img":"https://fd6-photos.leclercdrive.fr/image.ashx?id=2756870&use=l&cat=p&typeid=i","cat":289557},{"id":36886,"n":"Miel de montagne L'Apiculteur Crémeux - 500g","p":5.94,"u":"11,88 €/KG","img":"https://fd6-photos.leclercdrive.fr/image.ashx?id=2310926&use=l&cat=p&typeid=i","cat":287643},{"id":36920,"n":"Protège-slips Doulys Ultra-mince - Large - x30","p":0.82,"u":"0,03 €/P","img":"https://fd6-photos.leclercdrive.fr/image.ashx?id=2847967&use=l&cat=p&typeid=i","cat":284625},{"id":37025,"n":"Granulés de bois Pellex Poêles à granulés sac - 15kg","p":4.89,"u":"0,33 €/KG","img":"https://fd6-photos.leclercdrive.fr/image.ashx?id=2023646&use=l&cat=p&typeid=i","cat":300577},{"id":37030,"n":"Farine suprême Francine 1kg","p":1.72,"u":"1,72 €/KG","img":"https://fd6-photos.leclercdrive.fr/image.ashx?id=2902654&use=l&cat=p&typeid=i","cat":284503},{"id":37033,"n":"Douceur Crème balsamique  Rustica - 25cl","p":1.79,"u":"7,16 €/L","img":"https://fd6-photos.leclercdrive.fr/image.ashx?id=2781877&use=l&cat=p&typeid=i","cat":284456},{"id":37049,"n":"Sauce Samourai Amora 255g","p":1.66,"u":"7,38 €/KG","img":"https://fd6-photos.leclercdrive.fr/image.ashx?id=2893838&use=l&cat=p&typeid=i","cat":318431},{"id":37053,"n":"Sucre pure canne Beghin Say Petits morceaux - 1kg","p":3.27,"u":"3,27 €/KG","img":"https://fd6-photos.leclercdrive.fr/image.ashx?id=2949922&use=l&cat=p&typeid=i","cat":284502},{"id":37054,"n":"Sucre pure canne Beghin Say Morceaux - 1kg","p":2.92,"u":"2,92 €/KG","img":"https://fd6-photos.leclercdrive.fr/image.ashx?id=2978688&use=l&cat=p&typeid=i","cat":284502},{"id":37105,"n":"Beurre de cacahuètes Skippy Creamy - 340g","p":4.22,"u":"12,41 €/KG","img":"https://fd6-photos.leclercdrive.fr/image.ashx?id=2652203&use=l&cat=p&typeid=i","cat":284481},{"id":37107,"n":"Gel lavant mains Manava Spécial cuisine - 300ml","p":0.99,"u":"3,30 €/L","img":"https://fd6-photos.leclercdrive.fr/image.ashx?id=2935495&use=l&cat=p&typeid=i","cat":284597},{"id":37120,"n":"Sauce Soja sucrée Kikkoman 250ml","p":4.68,"u":"18,72 €/L","img":"https://fd6-photos.leclercdrive.fr/image.ashx?id=2536296&use=l&cat=p&typeid=i","cat":288992},{"id":37149,"n":"Cookies Méga pépites P'tit Déli Chocolat noisettes 184g","p":1.51,"u":"8,21 €/KG","img":"https://fd6-photos.leclercdrive.fr/image.ashx?id=2116149&use=l&cat=p&typeid=i","cat":325066},{"id":37198,"n":"Poêlée Notre Jardin Méditerranéenne 750g","p":3.17,"u":"4,23 €/KG","img":"https://fd6-photos.leclercdrive.fr/image.ashx?id=2835029&use=l&cat=p&typeid=i","cat":319823},{"id":37199,"n":"Poêlée Notre Jardin Parisienne 750g","p":2.24,"u":"2,99 €/KG","img":"https://fd6-photos.leclercdrive.fr/image.ashx?id=2865062&use=l&cat=p&typeid=i","cat":319823},{"id":37255,"n":"Céréales Extra Kellogg's Noisettes Caramelisées - 500g","p":3.43,"u":"6,86 €/KG","img":"https://fd6-photos.leclercdrive.fr/image.ashx?id=2736598&use=l&cat=p&typeid=i","cat":309512},{"id":37260,"n":"Boisson au thé Fresh Tea Citron vert - 1,5L","p":1.22,"u":"0,81 €/L","img":"https://fd6-photos.leclercdrive.fr/image.ashx?id=2622257&use=l&cat=p&typeid=i","cat":295019},{"id":37261,"n":"Boisson au thé Fresh Tea Mangue - 1,5L","p":1.24,"u":"0,83 €/L","img":"https://fd6-photos.leclercdrive.fr/image.ashx?id=2622260&use=l&cat=p&typeid=i","cat":295019},{"id":37262,"n":"Boisson au thé Fresh Tea Framboise - 1,5L","p":1.33,"u":"0,89 €/L","img":"https://fd6-photos.leclercdrive.fr/image.ashx?id=2622254&use=l&cat=p&typeid=i","cat":295019},{"id":37278,"n":"Orangina Pik Haribo Sachet bonbons acidulés - 250g","p":1.93,"u":"7,72 €/KG","img":"https://fd6-photos.leclercdrive.fr/image.ashx?id=2806090&use=l&cat=p&typeid=i","cat":304250},{"id":37281,"n":"Bonbons Longfizz Lutti 200g","p":1.37,"u":"6,85 €/KG","img":"https://fd6-photos.leclercdrive.fr/image.ashx?id=2962173&use=l&cat=p&typeid=i","cat":304250},{"id":37286,"n":"Paëlla royale Marie 900g","p":4.86,"u":"5,40 €/KG","img":"https://fd6-photos.leclercdrive.fr/image.ashx?id=2996770&use=l&cat=p&typeid=i","cat":284254},{"id":37403,"n":"Sachet fraîcheur chien Pedigree  Mixte en sauce - 12x100g","p":5.23,"u":"4,36 €/KG","img":"https://fd6-photos.leclercdrive.fr/image.ashx?id=2870242&use=l&cat=p&typeid=i","cat":284673},{"id":37405,"n":"Foie de morue Connétable MSC Nature - 121g","p":2.27,"u":"18,76 €/KG","img":"https://fd6-photos.leclercdrive.fr/image.ashx?id=2918718&use=l&cat=p&typeid=i","cat":305147},{"id":37417,"n":"Boisson à base de vin rosé  Festalie - 75 cl","p":2.53,"u":"3,37 €/L","img":"https://fd6-photos.leclercdrive.fr/image.ashx?id=2436513&use=l&cat=p&typeid=i","cat":304569},{"id":37426,"n":"Bière blonde Kronenbourg 4,2° - 6x50cl canettes","p":5.45,"u":"1,82 €/L","img":"https://fd6-photos.leclercdrive.fr/image.ashx?id=2203508&use=l&cat=p&typeid=i","cat":334853},{"id":37436,"n":"Brosse à dents enfant Dentamyl Clignotante - Multicoloris x1","p":1.99,"img":"https://fd6-photos.leclercdrive.fr/image.ashx?id=1953648&use=l&cat=p&typeid=i","cat":288897},{"id":37438,"n":"Papier cuisson Elembal Rouleau 15m","p":1.79,"img":"https://fd6-photos.leclercdrive.fr/image.ashx?id=2824952&use=l&cat=p&typeid=i","cat":334134},{"id":37452,"n":"Lardons de volaille Tradilège Nature 2x75g","p":1.71,"u":"11,40 €/KG","img":"https://fd6-photos.leclercdrive.fr/image.ashx?id=2882355&use=l&cat=p&typeid=i","cat":316011},{"id":37453,"n":"Lardons de volaille Tradilège Fumés 2x75g","p":1.69,"u":"11,27 €/KG","img":"https://fd6-photos.leclercdrive.fr/image.ashx?id=2882358&use=l&cat=p&typeid=i","cat":316011},{"id":37455,"n":"Viande hachée de porc Férial  350g","p":4.59,"u":"13,11 €/KG","img":"https://fd6-photos.leclercdrive.fr/image.ashx?id=2922959&use=l&cat=p&typeid=i","cat":284332},{"id":37456,"n":"Saucisse fumée Tradilège VPF x3 375g","p":3.22,"u":"8,59 €/KG","img":"https://fd6-photos.leclercdrive.fr/image.ashx?id=2659085&use=l&cat=p&typeid=i","cat":316012},{"id":37457,"n":"Yaourt bio Les 2 Vaches brassé nature - 4x115g","p":1.51,"u":"3,28 €/KG","img":"https://fd6-photos.leclercdrive.fr/image.ashx?id=2571545&use=l&cat=p&typeid=i","cat":284409},{"id":37467,"n":"Infusion Tiséa Fruits rouges 25 sachets 40g","p":0.92,"u":"23,00 €/KG","img":"https://fd6-photos.leclercdrive.fr/image.ashx?id=2922506&use=l&cat=p&typeid=i","cat":293234},{"id":37468,"n":"Jambon cru Fine Fondante Aoste Sans conservateur - x6 - 100g","p":3.52,"u":"35,20 €/KG","img":"https://fd6-photos.leclercdrive.fr/image.ashx?id=2937172&use=l&cat=p&typeid=i","cat":316007},{"id":37517,"n":"Steack haché boucher Convivial 15% mg - x8 800g","p":11.49,"u":"14,36 €/KG","img":"https://fd6-photos.leclercdrive.fr/image.ashx?id=2960975&use=l&cat=p&typeid=i","cat":319778},{"id":37540,"n":"Compote bébé Bio Village Bio Pomme vanille 4 mois 4x100g","p":1.99,"u":"4,98 €/KG","img":"https://fd6-photos.leclercdrive.fr/image.ashx?id=2704750&use=l&cat=p&typeid=i","cat":312387},{"id":37541,"n":"Compote bébé Bio Village Bio Pomme /Banane 4 mois 4x100g","p":1.89,"u":"4,73 €/KG","img":"https://fd6-photos.leclercdrive.fr/image.ashx?id=2704753&use=l&cat=p&typeid=i","cat":312387},{"id":37542,"n":"Compote bébé Bio Village bio Poire williams - 4 mois -4x100g","p":1.89,"u":"4,73 €/KG","img":"https://fd6-photos.leclercdrive.fr/image.ashx?id=2704747&use=l&cat=p&typeid=i","cat":312387},{"id":37580,"n":"Soupe Régal Soupe Légumes et vermicelles - 1L","p":1.84,"u":"1,84 €/L","img":"https://fd6-photos.leclercdrive.fr/image.ashx?id=2983802&use=l&cat=p&typeid=i","cat":284462},{"id":37593,"n":"Snacks chats Tous mes amis Poulet fromage - 60g","p":0.84,"u":"14,00 €/KG","img":"https://fd6-photos.leclercdrive.fr/image.ashx?id=1947280&use=l&cat=p&typeid=i","cat":285285},{"id":37594,"n":"Snacks chats Tous mes amis Boeuf - 60g","p":0.95,"u":"15,83 €/KG","img":"https://fd6-photos.leclercdrive.fr/image.ashx?id=2046107&use=l&cat=p&typeid=i","cat":285285},{"id":37595,"n":"Snacks chats Tous mes amis Saumon - 60g","p":0.88,"u":"14,67 €/KG","img":"https://fd6-photos.leclercdrive.fr/image.ashx?id=1938588&use=l&cat=p&typeid=i","cat":285285},{"id":37596,"n":"Snacks chats Tous mes amis Contre les boules de poils- 60g","p":0.99,"u":"16,50 €/KG","img":"https://fd6-photos.leclercdrive.fr/image.ashx?id=1947277&use=l&cat=p&typeid=i","cat":285285},{"id":37605,"n":"Protège-slips Doulys Extra fin - Plié - x32","p":1.36,"u":"0,04 €/P","img":"https://fd6-photos.leclercdrive.fr/image.ashx?id=2691270&use=l&cat=p&typeid=i","cat":284625},{"id":37615,"n":"Rasoirs jetables Eco+ x10","p":0.72,"u":"0,07 €/P","img":"https://fd6-photos.leclercdrive.fr/image.ashx?id=2913642&use=l&cat=p&typeid=i","cat":284616},{"id":37623,"n":"Trancetto Balconi Cacao x10 280g","p":1.4,"u":"5,00 €/KG","img":"https://fd6-photos.leclercdrive.fr/image.ashx?id=2878414&use=l&cat=p&typeid=i","cat":284495},{"id":37712,"n":"Haricots Verts Cassegrain Extra Fins Cueillis main 390g","p":3.06,"u":"7,85 €/KG","img":"https://fd6-photos.leclercdrive.fr/image.ashx?id=2913025&use=l&cat=p&typeid=i","cat":312606},{"id":37713,"n":"Harissa Phare du Cap Bon Tube - 140g","p":0.65,"u":"4,64 €/KG","img":"https://fd6-photos.leclercdrive.fr/image.ashx?id=2239044&use=l&cat=p&typeid=i","cat":289013},{"id":37774,"n":"Recharge Dentamyl Brosse à dents électrique x2","p":6.99,"u":"3,50 €/P","img":"https://fd6-photos.leclercdrive.fr/image.ashx?id=2790967&use=l&cat=p&typeid=i","cat":297133},{"id":37775,"n":"Serviette incontinence Chorys Maxi - x12","p":3.65,"u":"0,30 €/P","img":"https://fd6-photos.leclercdrive.fr/image.ashx?id=2393884&use=l&cat=p&typeid=i","cat":284628},{"id":37778,"n":"Lait corps Inell Réparateur - 250ml","p":2.33,"u":"9,32 €/L","img":"https://fd6-photos.leclercdrive.fr/image.ashx?id=2691664&use=l&cat=p&typeid=i","cat":325349},{"id":37842,"n":"Thé glacé zéro Fresh Tea  Pêche - 1,5L","p":1.28,"u":"0,85 €/L","img":"https://fd6-photos.leclercdrive.fr/image.ashx?id=2622266&use=l&cat=p&typeid=i","cat":295019},{"id":37843,"n":"100% Pur jus d'orange Jafaden Sans pulpe - 2L","p":3.54,"u":"1,77 €/L","img":"https://fd6-photos.leclercdrive.fr/image.ashx?id=2796052&use=l&cat=p&typeid=i","cat":284521},{"id":37862,"n":"Couches Bébé Eco+ T5 - x52 changes","p":6.93,"u":"0,13 €/P","img":"https://fd6-photos.leclercdrive.fr/image.ashx?id=2842450&use=l&cat=p&typeid=i","cat":284737},{"id":37863,"n":"Compresses stériles Primoplast Ultra-douces x20","p":2.6,"u":"0,13 €/P","img":"https://fd6-photos.leclercdrive.fr/image.ashx?id=2832960&use=l&cat=p&typeid=i","cat":284630},{"id":37864,"n":"Bouchons oreilles Primoplast Mousse x8","p":3.99,"u":"0,50 €/P","img":"https://fd6-photos.leclercdrive.fr/image.ashx?id=2856516&use=l&cat=p&typeid=i","cat":284630},{"id":37867,"n":"Rillettes Tradilège poulet 110g","p":1.4,"u":"12,73 €/KG","img":"https://fd6-photos.leclercdrive.fr/image.ashx?id=2683586&use=l&cat=p&typeid=i","cat":316008},{"id":37875,"n":"Sucre en poudre Beghin Say Extra fin - 750g","p":2.01,"u":"2,68 €/KG","img":"https://fd6-photos.leclercdrive.fr/image.ashx?id=2313882&use=l&cat=p&typeid=i","cat":284502},{"id":38000,"n":"Shampooing douche Petit Manava Pomme-poire - 500ml","p":2.19,"u":"4,38 €/L","img":"https://fd6-photos.leclercdrive.fr/image.ashx?id=2403694&use=l&cat=p&typeid=i","cat":284606},{"id":38022,"n":"Barquette allégée Elle&Vire Doux - 20% MG - 250g","p":2.11,"u":"8,44 €/KG","img":"https://fd6-photos.leclercdrive.fr/image.ashx?id=2763460&use=l&cat=p&typeid=i","cat":284379},{"id":38027,"n":"Quinoa gourmand Tipiak 400g","p":2.65,"u":"6,63 €/KG","img":"https://fd6-photos.leclercdrive.fr/image.ashx?id=2640617&use=l&cat=p&typeid=i","cat":284429},{"id":38035,"n":"Shampooing Petit Nateis 2en1 Enfants - 250ml","p":1.35,"u":"5,40 €/L","img":"https://fd6-photos.leclercdrive.fr/image.ashx?id=2626799&use=l&cat=p&typeid=i","cat":284606},{"id":38054,"n":"Thé glacé pétillant Liptonic  Ice Tea Pêche - 1,5L","p":2.07,"u":"1,38 €/L","img":"https://fd6-photos.leclercdrive.fr/image.ashx?id=2159598&use=l&cat=p&typeid=i","cat":295019},{"id":38057,"n":"Mayonnaise Colona 830g","p":3.9,"u":"4,70 €/KG","img":"https://fd6-photos.leclercdrive.fr/image.ashx?id=2687212&use=l&cat=p&typeid=i","cat":298295},{"id":38058,"n":"Sauce Samouraï Colona 840g","p":3.83,"u":"4,56 €/KG","img":"https://fd6-photos.leclercdrive.fr/image.ashx?id=2687140&use=l&cat=p&typeid=i","cat":318431},{"id":38100,"n":"Chocolat en poudre Nesquik Boîte 490g","p":3.68,"u":"7,51 €/KG","img":"https://fd6-photos.leclercdrive.fr/image.ashx?id=3005305&use=l&cat=p&typeid=i","cat":293235},{"id":38220,"n":"Pansements Primoplast Anti-ampoules x6","p":3.2,"img":"https://fd6-photos.leclercdrive.fr/image.ashx?id=2955716&use=l&cat=p&typeid=i","cat":284630},{"id":38226,"n":"Compresses stériles Primoplast Gaze x60","p":4.99,"u":"0,08 €/P","img":"https://fd6-photos.leclercdrive.fr/image.ashx?id=2834181&use=l&cat=p&typeid=i","cat":284630},{"id":38227,"n":"Compresses stériles Primoplast Gaze x10","p":1.3,"u":"0,13 €/P","img":"https://fd6-photos.leclercdrive.fr/image.ashx?id=2856510&use=l&cat=p&typeid=i","cat":284630},{"id":38228,"n":"Vaseline Primoplast Tube 50ml","p":1.47,"u":"29,40 €/L","img":"https://fd6-photos.leclercdrive.fr/image.ashx?id=2856519&use=l&cat=p&typeid=i","cat":284630},{"id":38230,"n":"Mouchoirs blancs 4 plis Caresse Pock kid mouchoirs papier x10","p":1.12,"u":"0,11 €/P","img":"https://fd6-photos.leclercdrive.fr/image.ashx?id=2856687&use=l&cat=p&typeid=i","cat":284638},{"id":38232,"n":"Mouchoirs blancs 3 plis Caresse Boîte décor aléatoire Kids -x60","p":1.75,"u":"0,03 €/P","img":"https://fd6-photos.leclercdrive.fr/image.ashx?id=2814432&use=l&cat=p&typeid=i","cat":284638},{"id":38234,"n":"Dessert - P'tit Brassé Nestlé Banane - dès 6 mois - 4x100g","p":1.69,"u":"4,23 €/KG","img":"https://fd6-photos.leclercdrive.fr/image.ashx?id=2615131&use=l&cat=p&typeid=i","cat":312392},{"id":38235,"n":"Dessert - P'tit Brassé Nestlé Framboise - dès 6 mois - 4x100g","p":1.69,"u":"4,23 €/KG","img":"https://fd6-photos.leclercdrive.fr/image.ashx?id=2604876&use=l&cat=p&typeid=i","cat":312392},{"id":38236,"n":"Dessert - P'tit Brassé Nestlé Abricot - dès 6 mois - 4x100g","p":1.69,"u":"4,23 €/KG","img":"https://fd6-photos.leclercdrive.fr/image.ashx?id=2600569&use=l&cat=p&typeid=i","cat":312392},{"id":38237,"n":"Dessert - P'tit Brassé Nestlé Poire - dès 6 mois - 4x100g","p":1.69,"u":"4,23 €/KG","img":"https://fd6-photos.leclercdrive.fr/image.ashx?id=2615756&use=l&cat=p&typeid=i","cat":312392},{"id":38238,"n":"Dessert - P'tit Brassé Nestlé Fraise - dès 6 mois - 4x100g","p":1.69,"u":"4,23 €/KG","img":"https://fd6-photos.leclercdrive.fr/image.ashx?id=2510187&use=l&cat=p&typeid=i","cat":312392},{"id":38239,"n":"Dessert - P'tit Brassé Nestlé Myrtille - dès 6 mois - 4x100g","p":1.85,"u":"4,63 €/KG","img":"https://fd6-photos.leclercdrive.fr/image.ashx?id=2583235&use=l&cat=p&typeid=i","cat":312392},{"id":38242,"n":"Baguette Polka  250g","p":0.69,"u":"2,76 €/KG","img":"https://fd6-photos.leclercdrive.fr/image.ashx?id=735757&use=l&cat=p&typeid=i","cat":284359},{"id":38286,"n":"Bière blonde Paulaner WeissBier 5.5%vol. - 50cl","p":2.06,"u":"4,12 €/L","img":"https://fd6-photos.leclercdrive.fr/image.ashx?id=2354620&use=l&cat=p&typeid=i","cat":334872},{"id":38297,"n":"Matière grasse St Hubert Omega3 52%mg - demi-sel - 510g","p":3.63,"u":"7,12 €/KG","img":"https://fd6-photos.leclercdrive.fr/image.ashx?id=2734099&use=l&cat=p&typeid=i","cat":315229},{"id":38298,"n":"Matière grasse St Hubert Omega 3 - 52%mg - doux - 510g","p":3.38,"u":"6,63 €/KG","img":"https://fd6-photos.leclercdrive.fr/image.ashx?id=2734108&use=l&cat=p&typeid=i","cat":315229},{"id":38304,"n":"Taboulé Pierre Martinet Au poulet - 300g","p":1.79,"u":"5,97 €/KG","img":"https://fd6-photos.leclercdrive.fr/image.ashx?id=2990529&use=l&cat=p&typeid=i","cat":333657},{"id":38322,"n":"Compote Douceur du Verger Gourdes multivariétés - 20x90g","p":5.95,"u":"3,31 €/KG","img":"https://fd6-photos.leclercdrive.fr/image.ashx?id=2837057&use=l&cat=p&typeid=i","cat":284508},{"id":38373,"n":"Rasoirs jetables Siliss 3 lames x6","p":1.98,"u":"0,50 €/P","img":"https://fd6-photos.leclercdrive.fr/image.ashx?id=2774897&use=l&cat=p&typeid=i","cat":325352},{"id":38374,"n":"Brosse à dents Dentamyl Super pro interdent x1","p":1.3,"img":"https://fd6-photos.leclercdrive.fr/image.ashx?id=2790970&use=l&cat=p&typeid=i","cat":284614},{"id":38379,"n":"Shampooing Manava Aux oeufs 500ml","p":1.0,"u":"2,00 €/L","img":"https://fd6-photos.leclercdrive.fr/image.ashx?id=2852243&use=l&cat=p&typeid=i","cat":284606},{"id":38510,"n":"Shampooing 2en1 Manava Lait amande douce - 500ml","p":1.0,"u":"2,00 €/L","img":"https://fd6-photos.leclercdrive.fr/image.ashx?id=1903860&use=l&cat=p&typeid=i","cat":284606},{"id":38524,"n":"Tendres perles Blé Tipiak Prêt en 5 min - 350g","p":1.76,"u":"5,03 €/KG","img":"https://fd6-photos.leclercdrive.fr/image.ashx?id=2640614&use=l&cat=p&typeid=i","cat":284429},{"id":38562,"n":"Cône Nestlé Extrême  Vanille de Madagascar x6 - 426g","p":3.22,"u":"7,56 €/KG","img":"https://fd6-photos.leclercdrive.fr/image.ashx?id=3000432&use=l&cat=p&typeid=i","cat":284264},{"id":38563,"n":"Cône Extrême Nestlé Chocolat intense 6x71g","p":3.5,"u":"8,22 €/KG","img":"https://fd6-photos.leclercdrive.fr/image.ashx?id=2353089&use=l&cat=p&typeid=i","cat":284264},{"id":38625,"n":"Calculatrice Texas Instrument TI-Collège Plus","p":17.32,"u":"Dont 0,07 € d'éco-part.","img":"https://fd6-photos.leclercdrive.fr/image.ashx?id=2429260&use=l&cat=p&typeid=i","cat":334133},{"id":38668,"n":"Shampooing Vitanove Eclat - Ultime gloss 250ml","p":1.79,"u":"7,16 €/L","img":"https://fd6-photos.leclercdrive.fr/image.ashx?id=1909564&use=l&cat=p&typeid=i","cat":284606},{"id":38703,"n":"Pain complet tranché   400g","p":1.7,"u":"4,25 €/KG","img":"https://fd6-photos.leclercdrive.fr/image.ashx?id=2063056&use=l&cat=p&typeid=i","cat":284359},{"id":38705,"n":"Chocolat Pâtissier Nestlé Dessert - 2x205g","p":5.82,"u":"14,20 €/KG","img":"https://fd6-photos.leclercdrive.fr/image.ashx?id=2959491&use=l&cat=p&typeid=i","cat":285562},{"id":38724,"n":"Madeleines coquilles NRT 330g","p":3.29,"u":"9,97 €/KG","img":"https://fd6-photos.leclercdrive.fr/image.ashx?id=2607882&use=l&cat=p&typeid=i","cat":284492},{"id":38735,"n":"Lait de douche Manava Lait et miel - 250ml","p":0.94,"u":"3,76 €/L","img":"https://fd6-photos.leclercdrive.fr/image.ashx?id=2618338&use=l&cat=p&typeid=i","cat":284594},{"id":38744,"n":"Beurre allégé Les Croisés Demi-sel - 60% MG - 250g","p":1.89,"u":"7,56 €/KG","img":"https://fd6-photos.leclercdrive.fr/image.ashx?id=2897787&use=l&cat=p&typeid=i","cat":284379},{"id":38765,"n":"Soda Jean's Cola Cherry Bouteille - 1,5L","p":1.49,"u":"0,99 €/L","img":"https://fd6-photos.leclercdrive.fr/image.ashx?id=2957551&use=l&cat=p&typeid=i","cat":284530},{"id":38773,"n":"Pur jus d'orange Jafaden Avec pulpe - 1,5L","p":2.65,"u":"1,77 €/L","img":"https://fd6-photos.leclercdrive.fr/image.ashx?id=2796058&use=l&cat=p&typeid=i","cat":284521},{"id":38776,"n":"AOC Côtes du Marmandais vin rosé Terrasses d'Autan - 75cl","p":2.99,"u":"3,99 €/L","img":"https://fd6-photos.leclercdrive.fr/image.ashx?id=2894728&use=l&cat=p&typeid=i","cat":289558},{"id":38780,"n":"Shampooing Manava Anti-pelliculaire 500ml","p":1.0,"u":"2,00 €/L","img":"https://fd6-photos.leclercdrive.fr/image.ashx?id=1903863&use=l&cat=p&typeid=i","cat":284606},{"id":38781,"n":"Mouchoirs blancs 4 plis Caresse Boîte mouchoirs papier - x80","p":1.1,"u":"0,01 €/P","img":"https://fd6-photos.leclercdrive.fr/image.ashx?id=2801049&use=l&cat=p&typeid=i","cat":284638},{"id":38787,"n":"Huggies® Little Swimmers® Maxipack Taille 5-6 x19","p":11.86,"u":"0,62 €/P","img":"https://fd6-photos.leclercdrive.fr/image.ashx?id=2844709&use=l&cat=p&typeid=i","cat":290634},{"id":38801,"n":"Déodorant spray Manava Vanille 100ml","p":1.39,"u":"13,90 €/L","img":"https://fd6-photos.leclercdrive.fr/image.ashx?id=2671408&use=l&cat=p&typeid=i","cat":284595},{"id":38802,"n":"Déodorant spray Manava Pierre d'alun/Aloe Vera - 100ml","p":1.44,"u":"14,40 €/L","img":"https://fd6-photos.leclercdrive.fr/image.ashx?id=3013609&use=l&cat=p&typeid=i","cat":284595},{"id":38803,"n":"Déodorant spray grenade Manava A l'huile sauge sclarée - 100ml","p":1.39,"u":"13,90 €/L","img":"https://fd6-photos.leclercdrive.fr/image.ashx?id=2656448&use=l&cat=p&typeid=i","cat":284595},{"id":38804,"n":"Déodorant spray Manava Invisible 100ml","p":1.39,"u":"13,90 €/L","img":"https://fd6-photos.leclercdrive.fr/image.ashx?id=2692958&use=l&cat=p&typeid=i","cat":284595},{"id":38812,"n":"Pains au lait Pasquier x10 - 350g","p":1.39,"u":"3,97 €/KG","img":"https://fd6-photos.leclercdrive.fr/image.ashx?id=2576940&use=l&cat=p&typeid=i","cat":293505},{"id":38857,"n":"Fromage Boursin cuisine Ail & fines herbes - 240g","p":2.55,"u":"10,63 €/KG","img":"https://fd6-photos.leclercdrive.fr/image.ashx?id=2615418&use=l&cat=p&typeid=i","cat":314029},{"id":38868,"n":"Chips ondulées Pom'Lisse Poulet rôti - 135g","p":1.05,"u":"7,78 €/KG","img":"https://fd6-photos.leclercdrive.fr/image.ashx?id=2919625&use=l&cat=p&typeid=i","cat":284447},{"id":38985,"n":"Beurre Grand Fermage  Demi-sel - 80% MG - 250g","p":2.59,"u":"10,36 €/KG","img":"https://fd6-photos.leclercdrive.fr/image.ashx?id=2915569&use=l&cat=p&typeid=i","cat":284379},{"id":39009,"n":"Pain de mie complet Epi d'Or Extra moelleux - 500g","p":1.79,"u":"3,58 €/KG","img":"https://fd6-photos.leclercdrive.fr/image.ashx?id=2860742&use=l&cat=p&typeid=i","cat":284477},{"id":39020,"n":"AOP Haut Médoc rouge Château Barreyres - 75cl","p":12.49,"u":"16,65 €/L","img":"https://fd6-photos.leclercdrive.fr/image.ashx?id=2467769&use=l&cat=p&typeid=i","cat":289556},{"id":39024,"n":"AOP Entre-deux-mers blanc Cuvée Hortense - 75cl","p":4.95,"pp":3.71,"u":"4,95 €/L","img":"https://fd6-photos.leclercdrive.fr/image.ashx?id=2516068&use=l&cat=p&typeid=i","cat":289557},{"id":39051,"n":"AOC Buzet rosé L'Excellence - 75cl","p":3.8,"u":"5,07 €/L","img":"https://fd6-photos.leclercdrive.fr/image.ashx?id=2833420&use=l&cat=p&typeid=i","cat":289558},{"id":39061,"n":"Film étirable Alfapac Rouleau 35m x 29cm","p":1.55,"img":"https://fd6-photos.leclercdrive.fr/image.ashx?id=2918268&use=l&cat=p&typeid=i","cat":334134},{"id":39066,"n":"Tablettes lave vaisselle Sun Classic x40 - 380g","p":5.21,"u":"13,71 €/KG","img":"https://fd6-photos.leclercdrive.fr/image.ashx?id=2776232&use=l&cat=p&typeid=i","cat":284656},{"id":39067,"n":"Tablettes lave vaisselle Sun Classic x60 - 570g","p":7.25,"u":"12,72 €/KG","img":"https://fd6-photos.leclercdrive.fr/image.ashx?id=2775745&use=l&cat=p&typeid=i","cat":284656},{"id":39100,"n":"Rasoirs jetables Bic 3 lames - 2x8","p":6.5,"pp":4.29,"u":"0,27 €/P","img":"https://fd6-photos.leclercdrive.fr/image.ashx?id=2957005&use=l&cat=p&typeid=i","cat":284616},{"id":39107,"n":"Gel lavant Manava Savon de Marseille - 300ml","p":1.06,"u":"3,53 €/L","img":"https://fd6-photos.leclercdrive.fr/image.ashx?id=2935498&use=l&cat=p&typeid=i","cat":284597},{"id":39120,"n":"Eau minérale naturelle Vittel Bouchon sport - 6x75cl","p":2.9,"u":"0,64 €/L","img":"https://fd6-photos.leclercdrive.fr/image.ashx?id=2774478&use=l&cat=p&typeid=i","cat":284535},{"id":39122,"n":"Fromage de chèvre Soignon Bûche Sainte Maure - 300g","p":3.13,"u":"10,43 €/KG","img":"https://fd6-photos.leclercdrive.fr/image.ashx?id=2963331&use=l&cat=p&typeid=i","cat":314031},{"id":39139,"n":"Olives vertes Tropic Apéro Dénoyautées au piment - 110g","p":1.99,"u":"18,09 €/KG","img":"https://fd6-photos.leclercdrive.fr/image.ashx?id=2438969&use=l&cat=p&typeid=i","cat":316002},{"id":39145,"n":"Mouchoirs blancs 4 plis Caresse Etuis x15 - Mentholés","p":1.98,"u":"0,13 €/P","img":"https://fd6-photos.leclercdrive.fr/image.ashx?id=2572996&use=l&cat=p&typeid=i","cat":284638},{"id":39155,"n":"Chips La classique Vico Nature - 6x27,5g","p":1.72,"u":"10,42 €/KG","img":"https://fd6-photos.leclercdrive.fr/image.ashx?id=2917813&use=l&cat=p&typeid=i","cat":284447},{"id":39172,"n":"AOP Cabernet d'Anjou vin rosé Les Caractères - 75cl","p":3.99,"u":"5,32 €/L","img":"https://fd6-photos.leclercdrive.fr/image.ashx?id=2710940&use=l&cat=p&typeid=i","cat":289558},{"id":39182,"n":"Pain de mie 100% Mie Harrys Complet sans croûte Maxi - 650g","p":2.37,"u":"3,65 €/KG","img":"https://fd6-photos.leclercdrive.fr/image.ashx?id=2517438&use=l&cat=p&typeid=i","cat":284477},{"id":39199,"n":"Pizza Turini Cuite sur pierre Campagnarde - 400g","p":2.99,"u":"7,48 €/KG","img":"https://fd6-photos.leclercdrive.fr/image.ashx?id=2816576&use=l&cat=p&typeid=i","cat":284256},{"id":39206,"n":"Tartinable Ronde des Mers Surimi-crabe - 120g","p":1.69,"u":"14,08 €/KG","img":"https://fd6-photos.leclercdrive.fr/image.ashx?id=2631438&use=l&cat=p&typeid=i","cat":285191},{"id":39265,"n":"AOC Picpoul de Pinet vin blanc Prieur Barsanne - 75cl","p":4.8,"u":"6,40 €/L","img":"https://fd6-photos.leclercdrive.fr/image.ashx?id=2869796&use=l&cat=p&typeid=i","cat":289557},{"id":39266,"n":"AOP Corse vin rosé Terres Ocrées - 75cl","p":4.99,"u":"6,65 €/L","img":"https://fd6-photos.leclercdrive.fr/image.ashx?id=2865242&use=l&cat=p&typeid=i","cat":289558},{"id":39268,"n":"AOP Bergerac vin blanc sec Terrasses d'Autan - 75cl","p":2.99,"u":"3,99 €/L","img":"https://fd6-photos.leclercdrive.fr/image.ashx?id=2858108&use=l&cat=p&typeid=i","cat":289557},{"id":39269,"n":"AOC Cabernet d'Anjou vin rosé Les Caractères - 37,5cl","p":2.99,"u":"7,97 €/L","img":"https://fd6-photos.leclercdrive.fr/image.ashx?id=2710943&use=l&cat=p&typeid=i","cat":289558},{"id":39270,"n":"AOP Touraine Sauvignon vin Blanc - Les Caractères - 75cl","p":4.99,"u":"6,65 €/L","img":"https://fd6-photos.leclercdrive.fr/image.ashx?id=2699693&use=l&cat=p&typeid=i","cat":289557},{"id":39271,"n":"AOP Alsace Pinot gris  vin blanc Rebmann - 75 cl","p":4.99,"u":"6,65 €/L","img":"https://fd6-photos.leclercdrive.fr/image.ashx?id=2502452&use=l&cat=p&typeid=i","cat":289557},{"id":39272,"n":"AOP Bourgogne Chardonnay vin blanc Antoine Barrier - 75cl","p":6.99,"u":"9,32 €/L","img":"https://fd6-photos.leclercdrive.fr/image.ashx?id=2714983&use=l&cat=p&typeid=i","cat":289557},{"id":39328,"n":"Vin mousseux Kriter Brut 3x20cl","p":5.81,"u":"9,68 €/L","img":"https://fd6-photos.leclercdrive.fr/image.ashx?id=2538509&use=l&cat=p&typeid=i","cat":284544},{"id":39331,"n":"Shampooing Manava Beurre de karité 500ml","p":1.35,"u":"2,70 €/L","img":"https://fd6-photos.leclercdrive.fr/image.ashx?id=1884643&use=l&cat=p&typeid=i","cat":284606},{"id":39332,"n":"Shampooing Manava Cheveux normaux à gras 500ml","p":1.28,"u":"2,56 €/L","img":"https://fd6-photos.leclercdrive.fr/image.ashx?id=1885059&use=l&cat=p&typeid=i","cat":284606},{"id":39339,"n":"Moutarde Amora Fine & douce - 190g","p":1.87,"u":"9,84 €/KG","img":"https://fd6-photos.leclercdrive.fr/image.ashx?id=2738791&use=l&cat=p&typeid=i","cat":288850},{"id":39376,"n":"Pur jus d'orange Tropicana Sans pulpe - 1,5L","p":3.33,"u":"2,22 €/L","img":"https://fd6-photos.leclercdrive.fr/image.ashx?id=2509637&use=l&cat=p&typeid=i","cat":284521},{"id":39382,"n":"Filets de poulet Halal 1kg","p":8.15,"u":"8,15 €/KG","img":"https://fd6-photos.leclercdrive.fr/image.ashx?id=2758195&use=l&cat=p&typeid=i","cat":284341},{"id":39383,"n":"Pilons de poulet Halal 1kg","p":4.45,"u":"4,45 €/KG","img":"https://fd6-photos.leclercdrive.fr/image.ashx?id=2745121&use=l&cat=p&typeid=i","cat":284341},{"id":39384,"n":"Cuisses de poulet Halal 3kg","p":10.41,"u":"3,47 €/KG","img":"https://fd6-photos.leclercdrive.fr/image.ashx?id=2745133&use=l&cat=p&typeid=i","cat":284341},{"id":39388,"n":"Haricots verts Bio Village Bio - 360g","p":1.89,"u":"5,25 €/KG","img":"https://fd6-photos.leclercdrive.fr/image.ashx?id=3002659&use=l&cat=p&typeid=i","cat":312606},{"id":39389,"n":"Haricots beurre Notre Jardin Extra fins 1kg","p":2.29,"u":"2,29 €/KG","img":"https://fd6-photos.leclercdrive.fr/image.ashx?id=2431134&use=l&cat=p&typeid=i","cat":319805},{"id":39403,"n":"Joker Pur Jus Engagé Orange  sans pulpe - 1L","p":2.58,"u":"2,58 €/L","img":"https://fd6-photos.leclercdrive.fr/image.ashx?id=2984982&use=l&cat=p&typeid=i","cat":284521},{"id":39414,"n":"yaourt aux fruits danone recette crémeuse - 16x125g","p":4.92,"u":"2,46 €/KG","img":"https://fd6-photos.leclercdrive.fr/image.ashx?id=2611967&use=l&cat=p&typeid=i","cat":284410},{"id":39417,"n":"Boisson Sunny Delight Florida - 1,25L","p":2.18,"u":"1,74 €/L","img":"https://fd6-photos.leclercdrive.fr/image.ashx?id=2309960&use=l&cat=p&typeid=i","cat":285435},{"id":39418,"n":"Boisson Sunny Delight Doux California - 1,25L","p":2.16,"u":"1,73 €/L","img":"https://fd6-photos.leclercdrive.fr/image.ashx?id=2309963&use=l&cat=p&typeid=i","cat":285435},{"id":39421,"n":"Jus innocent pomme 900ml","p":2.78,"u":"3,09 €/L","img":"https://fd6-photos.leclercdrive.fr/image.ashx?id=2891703&use=l&cat=p&typeid=i","cat":284354},{"id":39443,"n":"Jus innocent  orange avec pulpe 1.5L","p":3.92,"u":"2,61 €/L","img":"https://fd6-photos.leclercdrive.fr/image.ashx?id=2891223&use=l&cat=p&typeid=i","cat":285435},{"id":39444,"n":"Jus innocent orange avec pulpe 900ml","p":2.83,"u":"3,14 €/L","img":"https://fd6-photos.leclercdrive.fr/image.ashx?id=2891700&use=l&cat=p&typeid=i","cat":285435},{"id":39445,"n":"Confiture Douceur Du Verger Extra myrtilles allegée - 340g","p":1.89,"u":"5,56 €/KG","img":"https://fd6-photos.leclercdrive.fr/image.ashx?id=2965515&use=l&cat=p&typeid=i","cat":284480},{"id":39471,"n":"Mousse aux oeufs Bonne Maman Chocolat - 4x50g","p":2.42,"u":"12,10 €/KG","img":"https://fd6-photos.leclercdrive.fr/image.ashx?id=2571509&use=l&cat=p&typeid=i","cat":284417},{"id":39472,"n":"Mousse aux oeufs Bonne Maman Chocolat au lait - 4x50g","p":2.33,"u":"11,65 €/KG","img":"https://fd6-photos.leclercdrive.fr/image.ashx?id=2571512&use=l&cat=p&typeid=i","cat":284417},{"id":39480,"n":"Chips ondulées Pom'Lisse Nature - 6x30g","p":1.57,"u":"8,72 €/KG","img":"https://fd6-photos.leclercdrive.fr/image.ashx?id=2728246&use=l&cat=p&typeid=i","cat":284447},{"id":39482,"n":"Brownie P'tit Déli Chocolat noisette - 240g","p":1.85,"u":"7,71 €/KG","img":"https://fd6-photos.leclercdrive.fr/image.ashx?id=2891779&use=l&cat=p&typeid=i","cat":294776},{"id":39485,"n":"Barre chocolatée Balisto Miel amande - x10 barres - 185g","p":2.89,"u":"15,62 €/KG","img":"https://fd6-photos.leclercdrive.fr/image.ashx?id=1930977&use=l&cat=p&typeid=i","cat":284498},{"id":39497,"n":"Barre chocolatée P'tit Déli Bille de riz - 162g","p":1.5,"u":"9,26 €/KG","img":"https://fd6-photos.leclercdrive.fr/image.ashx?id=2529599&use=l&cat=p&typeid=i","cat":284488},{"id":39498,"n":"Biscottes Epi d'Or Gout brioché x36 - 300g","p":1.51,"u":"5,03 €/KG","img":"https://fd6-photos.leclercdrive.fr/image.ashx?id=2684028&use=l&cat=p&typeid=i","cat":284479},{"id":39502,"n":"Biscuits Cookies P'tit Déli Coeur fondant noisette - 200g","p":1.44,"u":"7,20 €/KG","img":"https://fd6-photos.leclercdrive.fr/image.ashx?id=2577296&use=l&cat=p&typeid=i","cat":325066},{"id":39503,"n":"Chocolat Pâtissier Tablette dOr Praliné - 200g","p":2.15,"u":"10,75 €/KG","img":"https://fd6-photos.leclercdrive.fr/image.ashx?id=2565619&use=l&cat=p&typeid=i","cat":285562},{"id":39507,"n":"Moutarde Rustica Douce - 435g","p":1.39,"u":"3,20 €/KG","img":"https://fd6-photos.leclercdrive.fr/image.ashx?id=2052019&use=l&cat=p&typeid=i","cat":288850},{"id":39509,"n":"Pain au seigle complet Epi d'Or 500g","p":1.83,"u":"3,66 €/KG","img":"https://fd6-photos.leclercdrive.fr/image.ashx?id=1879287&use=l&cat=p&typeid=i","cat":325069},{"id":39511,"n":"Thé lady grey Twinings x20 sachets -  40g","p":2.73,"u":"68,25 €/KG","img":"https://fd6-photos.leclercdrive.fr/image.ashx?id=2875552&use=l&cat=p&typeid=i","cat":293233},{"id":39514,"n":"Soupe Velouté Regal Soupe Cèpes et bolets - 1L","p":2.25,"u":"2,25 €/L","img":"https://fd6-photos.leclercdrive.fr/image.ashx?id=2607545&use=l&cat=p&typeid=i","cat":284462},{"id":39515,"n":"Friandises pour chien Lydog Sticks au poulet - x5 - 42g","p":0.9,"u":"21,43 €/KG","img":"https://fd6-photos.leclercdrive.fr/image.ashx?id=1947268&use=l&cat=p&typeid=i","cat":294527},{"id":39517,"n":"Thé vert Twinings Citron x25 sachets -50g","p":2.23,"u":"44,60 €/KG","img":"https://fd6-photos.leclercdrive.fr/image.ashx?id=2893012&use=l&cat=p&typeid=i","cat":293233},{"id":39521,"n":"Cacahuètes enrobées Tokapi Salées - 150g","p":0.85,"u":"5,67 €/KG","img":"https://fd6-photos.leclercdrive.fr/image.ashx?id=2790525&use=l&cat=p&typeid=i","cat":284448},{"id":39522,"n":"Cacahuètes enrobées Tokapi Bacon - 150g","p":0.85,"u":"5,67 €/KG","img":"https://fd6-photos.leclercdrive.fr/image.ashx?id=2790528&use=l&cat=p&typeid=i","cat":284448},{"id":39523,"n":"Cacahuètes enrobées Tokapi Paprika - 150g","p":0.97,"u":"6,47 €/KG","img":"https://fd6-photos.leclercdrive.fr/image.ashx?id=2790531&use=l&cat=p&typeid=i","cat":284448},{"id":39524,"n":"Cacahuètes enrobées Tokapi Epicées - 150g","p":0.85,"u":"5,67 €/KG","img":"https://fd6-photos.leclercdrive.fr/image.ashx?id=2033239&use=l&cat=p&typeid=i","cat":284448},{"id":39529,"n":"Jus de citron Rustica Sicile - 50cl","p":1.67,"u":"3,34 €/L","img":"https://fd6-photos.leclercdrive.fr/image.ashx?id=2974804&use=l&cat=p&typeid=i","cat":288383},{"id":39541,"n":"Madeleine P'tit Déli Coquilles napées chocolat -300g","p":2.55,"u":"8,50 €/KG","img":"https://fd6-photos.leclercdrive.fr/image.ashx?id=2583262&use=l&cat=p&typeid=i","cat":284492},{"id":39547,"n":"Duo Haricots verts et beurre Notre Jardin - 225g","p":1.03,"u":"4,58 €/KG","img":"https://fd6-photos.leclercdrive.fr/image.ashx?id=2988060&use=l&cat=p&typeid=i","cat":312606},{"id":39548,"n":"Haricots verts Notre Jardin Extra fins - 3x110g","p":1.83,"u":"5,55 €/KG","img":"https://fd6-photos.leclercdrive.fr/image.ashx?id=3002605&use=l&cat=p&typeid=i","cat":312606},{"id":39550,"n":"Sirop d'agave bio Bio Village 345g","p":2.06,"u":"5,97 €/KG","img":"https://fd6-photos.leclercdrive.fr/image.ashx?id=2764961&use=l&cat=p&typeid=i","cat":287643},{"id":39551,"n":"Tablettes pour chien Lydog Boeuf, poulet, agneau - 104g","p":1.22,"u":"11,73 €/KG","img":"https://fd6-photos.leclercdrive.fr/image.ashx?id=1947265&use=l&cat=p&typeid=i","cat":294527},{"id":39556,"n":"Gaufres liégeoises P'tit Déli Sucrées - 550g","p":2.69,"u":"4,89 €/KG","img":"https://fd6-photos.leclercdrive.fr/image.ashx?id=2430219&use=l&cat=p&typeid=i","cat":294777},{"id":39558,"n":"Croquettes chat Tous mes amis Stérilisés - 2kg","p":3.25,"u":"1,63 €/KG","img":"https://fd6-photos.leclercdrive.fr/image.ashx?id=2301490&use=l&cat=p&typeid=i","cat":284680},{"id":39560,"n":"Duo Haricots verts et beurre Notre Jardin - 455g","p":1.96,"u":"4,31 €/KG","img":"https://fd6-photos.leclercdrive.fr/image.ashx?id=2291408&use=l&cat=p&typeid=i","cat":312606},{"id":39569,"n":"Céréales Jordans Country Crisp Chocolat Noir 70% - 550g","p":3.55,"u":"6,45 €/KG","img":"https://fd6-photos.leclercdrive.fr/image.ashx?id=3000836&use=l&cat=p&typeid=i","cat":309512},{"id":39570,"n":"Céréales Jordans Country Crisp 4 Noix - 550g","p":3.19,"u":"5,80 €/KG","img":"https://fd6-photos.leclercdrive.fr/image.ashx?id=2973487&use=l&cat=p&typeid=i","cat":309512},{"id":39572,"n":"Biscuits batonnets P'tit Déli Chocolat au lait 90g","p":1.29,"u":"14,33 €/KG","img":"https://fd6-photos.leclercdrive.fr/image.ashx?id=2328779&use=l&cat=p&typeid=i","cat":284488},{"id":39616,"n":"Sirop Moulin de Valdonne Fraise - 70cl","p":3.6,"u":"5,14 €/L","img":"https://fd6-photos.leclercdrive.fr/image.ashx?id=2170559&use=l&cat=p&typeid=i","cat":295020},{"id":39621,"n":"Boisson énergisante Red Bull 4x355ml","p":6.2,"u":"4,37 €/L","img":"https://fd6-photos.leclercdrive.fr/image.ashx?id=3011983&use=l&cat=p&typeid=i","cat":284533},{"id":39686,"n":"Protection incontinence Chorys Homme - Normal - x20","p":5.32,"u":"0,27 €/P","img":"https://fd6-photos.leclercdrive.fr/image.ashx?id=2672936&use=l&cat=p&typeid=i","cat":291514},{"id":39729,"n":"Couette basique Tissaia Blanc - 240x220cm","p":37.95,"u":"Dont 0,60 € d'éco-part.","img":"https://fd6-photos.leclercdrive.fr/image.ashx?id=2648448&use=l&cat=p&typeid=i","cat":288835},{"id":39730,"n":"Couette basique Tissaia 140x200 cm","p":22.95,"u":"Dont 0,40 € d'éco-part.","img":"https://fd6-photos.leclercdrive.fr/image.ashx?id=2648442&use=l&cat=p&typeid=i","cat":288835},{"id":39735,"n":"Huile Isio 4 Lesieur Stop goutte - 675ml","p":2.54,"u":"3,76 €/L","img":"https://fd6-photos.leclercdrive.fr/image.ashx?id=2916015&use=l&cat=p&typeid=i","cat":284453},{"id":39769,"n":"Préparation de fruits Figues  rouges Lucien Georgelin 320g","p":2.29,"u":"7,16 €/KG","img":"https://fd6-photos.leclercdrive.fr/image.ashx?id=1611755&use=l&cat=p&typeid=i","cat":284480},{"id":39770,"n":"Edulcorant Canderel Pot, poudre 80g","p":2.66,"u":"33,25 €/KG","img":"https://fd6-photos.leclercdrive.fr/image.ashx?id=2811020&use=l&cat=p&typeid=i","cat":324846},{"id":39777,"n":"AOP Crémant d'Alsace Blanc Brut Arthur Metz - 75cl","p":5.95,"u":"7,93 €/L","img":"https://fd6-photos.leclercdrive.fr/image.ashx?id=2422926&use=l&cat=p&typeid=i","cat":284544},{"id":39783,"n":"Liqueur Malibu Coco 18% vol - 1L","p":15.32,"u":"15,32 €/L","img":"https://fd6-photos.leclercdrive.fr/image.ashx?id=2396881&use=l&cat=p&typeid=i","cat":284551},{"id":39796,"n":"Bûche de chèvre Soignon Crémeuse - 180g","p":3.32,"u":"18,44 €/KG","img":"https://fd6-photos.leclercdrive.fr/image.ashx?id=2787134&use=l&cat=p&typeid=i","cat":314031},{"id":39827,"n":"Sauce Algerienne Colona 500ml","p":2.73,"u":"5,46 €/L","img":"https://fd6-photos.leclercdrive.fr/image.ashx?id=2687182&use=l&cat=p&typeid=i","cat":318431},{"id":39856,"n":"Sirop Frucci  Citron vert - 75cl","p":3.29,"u":"4,39 €/L","img":"https://fd6-photos.leclercdrive.fr/image.ashx?id=2842307&use=l&cat=p&typeid=i","cat":295020},{"id":39858,"n":"Sirop Frucci Fruits exotiques - 75cl","p":2.65,"u":"3,53 €/L","img":"https://fd6-photos.leclercdrive.fr/image.ashx?id=2842313&use=l&cat=p&typeid=i","cat":295020},{"id":39871,"n":"Pur jus d'orange Jafaden 4x20cl","p":3.33,"u":"4,16 €/L","img":"https://fd6-photos.leclercdrive.fr/image.ashx?id=2802293&use=l&cat=p&typeid=i","cat":284521},{"id":39872,"n":"Pur jus d'ananas Jafaden 4x20cl","p":3.35,"u":"4,19 €/L","img":"https://fd6-photos.leclercdrive.fr/image.ashx?id=2553333&use=l&cat=p&typeid=i","cat":284524},{"id":39927,"n":"AOC Bordeaux vin blanc moelleux Chantet Blanet - 75cl","p":3.49,"u":"4,65 €/L","img":"https://fd6-photos.leclercdrive.fr/image.ashx?id=2710804&use=l&cat=p&typeid=i","cat":289557},{"id":39934,"n":"Yaourts à la Grecque Délisse Nature - 8x125g","p":2.15,"u":"2,15 €/KG","img":"https://fd6-photos.leclercdrive.fr/image.ashx?id=2699480&use=l&cat=p&typeid=i","cat":314999},{"id":39941,"n":"Laque Fixation Forte 24h Dop Vivelle - 250ml","p":3.82,"u":"15,28 €/L","img":"https://fd6-photos.leclercdrive.fr/image.ashx?id=2457239&use=l&cat=p&typeid=i","cat":284609},{"id":39942,"n":"Laque Fixation 24H Extrême Dop Vivelle - 250ml","p":4.08,"u":"16,32 €/L","img":"https://fd6-photos.leclercdrive.fr/image.ashx?id=2575624&use=l&cat=p&typeid=i","cat":284609},{"id":39943,"n":"Laque fixation Extra-Forte Dop Vivelle - 250ml","p":3.74,"u":"14,96 €/L","img":"https://fd6-photos.leclercdrive.fr/image.ashx?id=2457236&use=l&cat=p&typeid=i","cat":284609},{"id":39946,"n":"Crème de nuit L'Oréal Paris Revitalift anti-rides - 50ml","p":8.64,"u":"172,80 €/L","img":"https://fd6-photos.leclercdrive.fr/image.ashx?id=2865869&use=l&cat=p&typeid=i","cat":325345},{"id":39947,"n":"Soin de jour L'Oréal Paris Revitalift Anti-rides - 50ml","p":8.19,"u":"163,80 €/L","img":"https://fd6-photos.leclercdrive.fr/image.ashx?id=2851078&use=l&cat=p&typeid=i","cat":325345},{"id":39950,"n":"Yaourts Lait de brebis Délisse Nature - 4x125g","p":2.19,"u":"4,38 €/KG","img":"https://fd6-photos.leclercdrive.fr/image.ashx?id=1872007&use=l&cat=p&typeid=i","cat":314998},{"id":39951,"n":"Crème dessert Délisse Pistache - 4x125g","p":0.95,"u":"1,90 €/KG","img":"https://fd6-photos.leclercdrive.fr/image.ashx?id=2441333&use=l&cat=p&typeid=i","cat":285041},{"id":39952,"n":"Dessert Liégeois Délisse Vanille Chocolat - 8x100g","p":2.09,"u":"2,61 €/KG","img":"https://fd6-photos.leclercdrive.fr/image.ashx?id=2631444&use=l&cat=p&typeid=i","cat":285042},{"id":39953,"n":"crème dessert chocolat danette pop billes 3 chocolats - 4x117g","p":2.45,"u":"5,24 €/KG","img":"https://fd6-photos.leclercdrive.fr/image.ashx?id=2926230&use=l&cat=p&typeid=i","cat":285041},{"id":39954,"n":"Crème dessert vanille Danette  Billes 3 chocolats - 4x117g","p":2.48,"u":"5,30 €/KG","img":"https://fd6-photos.leclercdrive.fr/image.ashx?id=2926227&use=l&cat=p&typeid=i","cat":285041},{"id":39961,"n":"Emiettés de sardines Gastromer Citron - 150g","p":1.99,"pp":1.31,"u":"8,73 €/KG","img":"https://fd6-photos.leclercdrive.fr/image.ashx?id=1605758&use=l&cat=p&typeid=i","cat":285191},{"id":39970,"n":"Poivre noir moulu Ducros N°8 - 38g","p":2.3,"u":"60,53 €/KG","img":"https://fd6-photos.leclercdrive.fr/image.ashx?id=2311051&use=l&cat=p&typeid=i","cat":284457},{"id":39973,"n":"Plat bébé Blédina 12 mois  Boulghour tomate saumon -2x200g","p":2.78,"u":"6,95 €/KG","img":"https://fd6-photos.leclercdrive.fr/image.ashx?id=2975083&use=l&cat=p&typeid=i","cat":312237},{"id":39974,"n":"Plat bébé Blédina 6 mois  Purée butternut poulet - 2x200g","p":3.06,"u":"7,65 €/KG","img":"https://fd6-photos.leclercdrive.fr/image.ashx?id=2975080&use=l&cat=p&typeid=i","cat":312236},{"id":39988,"n":"Crème de douche Manava Douceur de crème - 250ml","p":1.05,"u":"4,20 €/L","img":"https://fd6-photos.leclercdrive.fr/image.ashx?id=2699282&use=l&cat=p&typeid=i","cat":284594},{"id":39989,"n":"Savon douceur Manava 1/4 de crème 100g","p":0.93,"u":"9,30 €/KG","img":"https://fd6-photos.leclercdrive.fr/image.ashx?id=2331318&use=l&cat=p&typeid=i","cat":284597},{"id":39990,"n":"Savon Manava Fleur de Tiaré orchidée 100g","p":0.89,"u":"8,90 €/KG","img":"https://fd6-photos.leclercdrive.fr/image.ashx?id=2751898&use=l&cat=p&typeid=i","cat":284597},{"id":39992,"n":"Gel douche Manava Monoï de Polynésie 250ml","p":1.15,"u":"4,60 €/L","img":"https://fd6-photos.leclercdrive.fr/image.ashx?id=2626805&use=l&cat=p&typeid=i","cat":284594},{"id":39994,"n":"Lait douche Manava Fleur d'oranger 250ml","p":1.29,"u":"5,16 €/L","img":"https://fd6-photos.leclercdrive.fr/image.ashx?id=2618335&use=l&cat=p&typeid=i","cat":284594},{"id":39995,"n":"Recharge gel lavant Manava Savon de Marseil. Olive - 250ml","p":0.66,"u":"2,64 €/L","img":"https://fd6-photos.leclercdrive.fr/image.ashx?id=2935501&use=l&cat=p&typeid=i","cat":284597},{"id":40003,"n":"Saucisson Justin Bridou La Juste Sèche - 275g","p":3.84,"u":"13,96 €/KG","img":"https://fd6-photos.leclercdrive.fr/image.ashx?id=2756927&use=l&cat=p&typeid=i","cat":316006},{"id":40004,"n":"Saucisson Mini Justin Bridou  Bâton de Berger - 100g","p":1.95,"u":"19,50 €/KG","img":"https://fd6-photos.leclercdrive.fr/image.ashx?id=3011440&use=l&cat=p&typeid=i","cat":316006},{"id":40006,"n":"Houmous Extra l'Atelier Blini 175g","p":2.7,"u":"15,43 €/KG","img":"https://fd6-photos.leclercdrive.fr/image.ashx?id=2795093&use=l&cat=p&typeid=i","cat":315999},{"id":40015,"n":"Tarama Blini Extra - 175g","p":3.18,"u":"18,17 €/KG","img":"https://fd6-photos.leclercdrive.fr/image.ashx?id=2795096&use=l&cat=p&typeid=i","cat":315999},{"id":40017,"n":"Tzatziki Blini Extra - 175g","p":2.7,"u":"15,43 €/KG","img":"https://fd6-photos.leclercdrive.fr/image.ashx?id=2973703&use=l&cat=p&typeid=i","cat":315999},{"id":40027,"n":"Tartinable Thon Cap Océan MSC Fromage Frais Ciboulette - 140g","p":1.88,"u":"13,43 €/KG","img":"https://fd6-photos.leclercdrive.fr/image.ashx?id=2434425&use=l&cat=p&typeid=i","cat":285191},{"id":40033,"n":"Yaourt nature sucré Yoplait - 16x125g","p":3.26,"u":"1,63 €/KG","img":"https://fd6-photos.leclercdrive.fr/image.ashx?id=2796821&use=l&cat=p&typeid=i","cat":284409},{"id":40034,"n":"Menthe Pastille Giffard 24%vol - 70cl","p":11.85,"pp":10.85,"u":"15,50 €/L","img":"https://fd6-photos.leclercdrive.fr/image.ashx?id=2529903&use=l&cat=p&typeid=i","cat":286032},{"id":40038,"n":"Bière Lindemans Kriek 3.5%vol. - 25cl","p":1.75,"u":"7,00 €/L","img":"https://fd6-photos.leclercdrive.fr/image.ashx?id=2830894&use=l&cat=p&typeid=i","cat":334872},{"id":40046,"n":"Bière blonde triple Chimay 8%vol -  33cl","p":1.77,"u":"5,36 €/L","img":"https://fd6-photos.leclercdrive.fr/image.ashx?id=1758846&use=l&cat=p&typeid=i","cat":334872},{"id":40051,"n":"Crêpes bretonnes Saint Michel Nature - x12 - 315g","p":2.23,"u":"7,08 €/KG","img":"https://fd6-photos.leclercdrive.fr/image.ashx?id=2060238&use=l&cat=p&typeid=i","cat":284494},{"id":40084,"n":"Blanc de dinde Tradilège 4 tranches 160g","p":2.29,"u":"14,31 €/KG","img":"https://fd6-photos.leclercdrive.fr/image.ashx?id=2943683&use=l&cat=p&typeid=i","cat":316010},{"id":40089,"n":"Gel douche Manava Cranberry myrtille - 250ml","p":1.15,"u":"4,60 €/L","img":"https://fd6-photos.leclercdrive.fr/image.ashx?id=2626802&use=l&cat=p&typeid=i","cat":284594},{"id":40090,"n":"Lait corps Inell Nourrissant - 250ml","p":2.33,"u":"9,32 €/L","img":"https://fd6-photos.leclercdrive.fr/image.ashx?id=2691661&use=l&cat=p&typeid=i","cat":325349},{"id":40092,"n":"Saucisson sec Saint Azay Stick au noix 100g","p":1.99,"u":"19,90 €/KG","img":"https://fd6-photos.leclercdrive.fr/image.ashx?id=2469565&use=l&cat=p&typeid=i","cat":316006},{"id":40094,"n":"Saucissons secs Saint Azay Stick nature 100g","p":1.99,"u":"19,90 €/KG","img":"https://fd6-photos.leclercdrive.fr/image.ashx?id=2977162&use=l&cat=p&typeid=i","cat":316006},{"id":40101,"n":"Saucisson Saint-Azay  Fuet Catalan - 170 g","p":2.09,"u":"12,29 €/KG","img":"https://fd6-photos.leclercdrive.fr/image.ashx?id=2856302&use=l&cat=p&typeid=i","cat":316006},{"id":40102,"n":"Savon de toilette Manava Fleur oranger 100g","p":0.79,"u":"7,90 €/KG","img":"https://fd6-photos.leclercdrive.fr/image.ashx?id=2348670&use=l&cat=p&typeid=i","cat":284597},{"id":40103,"n":"Aiguillettes poulet jaune Volandrie - 210g","p":2.95,"u":"14,05 €/KG","img":"https://fd6-photos.leclercdrive.fr/image.ashx?id=2595930&use=l&cat=p&typeid=i","cat":284336},{"id":40106,"n":"Aiguillettes poulet blanc Volandrie - 210g","p":2.95,"u":"14,05 €/KG","img":"https://fd6-photos.leclercdrive.fr/image.ashx?id=2445805&use=l&cat=p&typeid=i","cat":284336},{"id":40108,"n":"Adoucissant Hyperdou Rêve fraicheur - 750ml","p":1.89,"u":"2,52 €/L","img":"https://fd6-photos.leclercdrive.fr/image.ashx?id=2602850&use=l&cat=p&typeid=i","cat":284650},{"id":40122,"n":"AOP Côtes de Provence vin rosé Terres Ocrées - 75cl - 13%","p":4.99,"u":"6,65 €/L","img":"https://fd6-photos.leclercdrive.fr/image.ashx?id=2896895&use=l&cat=p&typeid=i","cat":289558},{"id":40133,"n":"Gaufrettes Paille d'Or LU Framboise - 170g","p":1.86,"u":"10,94 €/KG","img":"https://fd6-photos.leclercdrive.fr/image.ashx?id=2883753&use=l&cat=p&typeid=i","cat":284489},{"id":40135,"n":"Biscottes Heudebert  Nature - 300g","p":1.3,"u":"4,33 €/KG","img":"https://fd6-photos.leclercdrive.fr/image.ashx?id=2368291&use=l&cat=p&typeid=i","cat":284479},{"id":40142,"n":"Compote Douceur du Verger Coupelle multivariétés -16x100g","p":3.99,"u":"2,49 €/KG","img":"https://fd6-photos.leclercdrive.fr/image.ashx?id=2663533&use=l&cat=p&typeid=i","cat":284508},{"id":40169,"n":"IGP Sel fin Le Guérandais  Label rouge - 250g","p":2.43,"u":"9,72 €/KG","img":"https://fd6-photos.leclercdrive.fr/image.ashx?id=2457887&use=l&cat=p&typeid=i","cat":284457},{"id":40180,"n":"Emiettés surimi crabe Gastromer 150g","p":1.99,"pp":1.31,"u":"8,73 €/KG","img":"https://fd6-photos.leclercdrive.fr/image.ashx?id=1605662&use=l&cat=p&typeid=i","cat":285191},{"id":40214,"n":"Sauce Pesto Barilla Basilic et Roquette - 190g","p":1.97,"u":"10,37 €/KG","img":"https://fd6-photos.leclercdrive.fr/image.ashx?id=2457980&use=l&cat=p&typeid=i","cat":287599},{"id":40278,"n":"Barres glacées Twix  Caramel & Biscuit x6 - 205g","p":2.76,"u":"13,46 €/KG","img":"https://fd6-photos.leclercdrive.fr/image.ashx?id=2906742&use=l&cat=p&typeid=i","cat":284264},{"id":40279,"n":"Jus innocent orange sans pulpe 900ml","p":2.42,"u":"2,69 €/L","img":"https://fd6-photos.leclercdrive.fr/image.ashx?id=2736583&use=l&cat=p&typeid=i","cat":285435},{"id":40303,"n":"Coton Duo Démaquillants Inell Ovale - Aloé véra - Disques x60","p":1.69,"img":"https://fd6-photos.leclercdrive.fr/image.ashx?id=1926957&use=l&cat=p&typeid=i","cat":285593},{"id":40311,"n":"Biscuits cacao P'tit Déli Chocolat noir/blanc - 115g","p":2.0,"u":"17,39 €/KG","img":"https://fd6-photos.leclercdrive.fr/image.ashx?id=2566197&use=l&cat=p&typeid=i","cat":284488},{"id":40313,"n":"Madeleines marbrées P'tit Déli Chocolat 400g","p":2.15,"u":"5,38 €/KG","img":"https://fd6-photos.leclercdrive.fr/image.ashx?id=2646065&use=l&cat=p&typeid=i","cat":284492},{"id":40315,"n":"Chips ondulées Pom'Lisse Epicé - 135g","p":1.17,"u":"8,67 €/KG","img":"https://fd6-photos.leclercdrive.fr/image.ashx?id=2919628&use=l&cat=p&typeid=i","cat":284447},{"id":40318,"n":"Mini cornichons Rustica 210g","p":2.03,"u":"9,67 €/KG","img":"https://fd6-photos.leclercdrive.fr/image.ashx?id=2916704&use=l&cat=p&typeid=i","cat":284458},{"id":40329,"n":"Chocolat en poudre Equador Pur Cacao non sucré - 250g","p":3.35,"u":"13,40 €/KG","img":"https://fd6-photos.leclercdrive.fr/image.ashx?id=2120290&use=l&cat=p&typeid=i","cat":284504},{"id":40330,"n":"Sablés P'tit Déli Pur beurre framboise - 100g","p":1.18,"u":"11,80 €/KG","img":"https://fd6-photos.leclercdrive.fr/image.ashx?id=2669747&use=l&cat=p&typeid=i","cat":284487},{"id":40332,"n":"Bière aromatisée Desperados 5.9%vol. - 20x25cl","p":18.16,"u":"3,63 €/L","img":"https://fd6-photos.leclercdrive.fr/image.ashx?id=2977300&use=l&cat=p&typeid=i","cat":334878},{"id":40336,"n":"Bière blonde Heineken 12x33cl","p":11.3,"u":"2,85 €/L","img":"https://fd6-photos.leclercdrive.fr/image.ashx?id=3008110&use=l&cat=p&typeid=i","cat":334873},{"id":40342,"n":"Serviette Tena Lady - Maxi Night - x12","p":5.85,"u":"0,49 €/P","img":"https://fd6-photos.leclercdrive.fr/image.ashx?id=2597232&use=l&cat=p&typeid=i","cat":284628},{"id":40345,"n":"Cotons Démaquillants Demak'Up Original ovale x70","p":1.86,"u":"0,03 €/P","img":"https://fd6-photos.leclercdrive.fr/image.ashx?id=2791458&use=l&cat=p&typeid=i","cat":285593},{"id":40381,"n":"Sauce Sacla'Italia Poivrons mozzarella - 190g","p":2.45,"u":"12,89 €/KG","img":"https://fd6-photos.leclercdrive.fr/image.ashx?id=2507038&use=l&cat=p&typeid=i","cat":287599},{"id":40412,"n":"Thon entier Petit Navire Huile de tournesol - 160g","p":1.89,"u":"11,81 €/KG","img":"https://fd6-photos.leclercdrive.fr/image.ashx?id=2523846&use=l&cat=p&typeid=i","cat":303867},{"id":40430,"n":"Plat bébé soir Blédiner 8 mois  Patate douce carotte - 2x200g","p":2.18,"u":"5,45 €/KG","img":"https://fd6-photos.leclercdrive.fr/image.ashx?id=2902969&use=l&cat=p&typeid=i","cat":312239},{"id":40493,"n":"Panna Cotta Délisse Fruits rouges - 4x90g","p":2.2,"u":"6,11 €/KG","img":"https://fd6-photos.leclercdrive.fr/image.ashx?id=1846157&use=l&cat=p&typeid=i","cat":284419},{"id":40494,"n":"Compotes Andros Pomme châtaigne 8x100g","p":2.86,"u":"3,58 €/KG","img":"https://fd6-photos.leclercdrive.fr/image.ashx?id=2988611&use=l&cat=p&typeid=i","cat":284416},{"id":40495,"n":"Gâteau mix max Balconi Cacao 350g","p":1.94,"u":"5,54 €/KG","img":"https://fd6-photos.leclercdrive.fr/image.ashx?id=2878408&use=l&cat=p&typeid=i","cat":284495},{"id":40506,"n":"Sauce Sacla'Italia Gorgonzola oignon doux - 190g","p":2.92,"u":"15,37 €/KG","img":"https://fd6-photos.leclercdrive.fr/image.ashx?id=2507044&use=l&cat=p&typeid=i","cat":287599},{"id":40516,"n":"Compote Douceur du Verger Gourdes multivariétés - 12x90g","p":4.09,"u":"3,79 €/KG","img":"https://fd6-photos.leclercdrive.fr/image.ashx?id=2837051&use=l&cat=p&typeid=i","cat":284508},{"id":40518,"n":"Kit burritos Old El Paso extra doux - 491g","p":4.42,"u":"9,00 €/KG","img":"https://fd6-photos.leclercdrive.fr/image.ashx?id=2759496&use=l&cat=p&typeid=i","cat":288993},{"id":40519,"n":"Kit fajitas Old El Paso extra doux - 478g","p":4.42,"u":"9,25 €/KG","img":"https://fd6-photos.leclercdrive.fr/image.ashx?id=2765405&use=l&cat=p&typeid=i","cat":288993},{"id":40532,"n":"Plateau plancha Maître Coq 500g","p":5.72,"u":"11,44 €/KG","img":"https://fd6-photos.leclercdrive.fr/image.ashx?id=2980950&use=l&cat=p&typeid=i","cat":284716},{"id":40573,"n":"Tablette chocolat Milka Chocolat lait/Noisette - 2x100g","p":3.34,"u":"16,70 €/KG","img":"https://fd6-photos.leclercdrive.fr/image.ashx?id=2832422&use=l&cat=p&typeid=i","cat":284497},{"id":40574,"n":"Tablette chocolat Milka Chocolat lait/Riz - 2x100g","p":3.18,"u":"15,90 €/KG","img":"https://fd6-photos.leclercdrive.fr/image.ashx?id=2400448&use=l&cat=p&typeid=i","cat":284497},{"id":40612,"n":"Fromage de Brebis Etorki  180g","p":3.49,"u":"19,39 €/KG","img":"https://fd6-photos.leclercdrive.fr/image.ashx?id=2702816&use=l&cat=p&typeid=i","cat":329184},{"id":40620,"n":"Jus innocent  orange sans pulpe 1.5L","p":3.51,"u":"2,34 €/L","img":"https://fd6-photos.leclercdrive.fr/image.ashx?id=2889811&use=l&cat=p&typeid=i","cat":285435},{"id":40625,"n":"AOC Fronton vin rosé Terrasses d'Autan - 75cl","p":2.99,"u":"3,99 €/L","img":"https://fd6-photos.leclercdrive.fr/image.ashx?id=2866909&use=l&cat=p&typeid=i","cat":289558},{"id":40627,"n":"AOC Rosé d'Anjou vin rosé Les Caractères - 75cl","p":3.89,"u":"5,19 €/L","img":"https://fd6-photos.leclercdrive.fr/image.ashx?id=2756146&use=l&cat=p&typeid=i","cat":289558},{"id":40631,"n":"Levure Chimique Alsacienne alsa 8 sachets - 88g","p":0.67,"u":"7,61 €/KG","img":"https://fd6-photos.leclercdrive.fr/image.ashx?id=3009335&use=l&cat=p&typeid=i","cat":294686},{"id":40649,"n":"Pansement Primoplast Transparents x40","p":0.99,"u":"0,02 €/P","img":"https://fd6-photos.leclercdrive.fr/image.ashx?id=2832957&use=l&cat=p&typeid=i","cat":284630},{"id":40666,"n":"Antiseptique Primoplast Spray - 100ml","p":2.4,"u":"24,00 €/L","img":"https://fd6-photos.leclercdrive.fr/image.ashx?id=2856522&use=l&cat=p&typeid=i","cat":284630},{"id":40676,"n":"Beurre Tendre Président Demi-sel - 80% MG - 250g","p":3.43,"u":"13,72 €/KG","img":"https://fd6-photos.leclercdrive.fr/image.ashx?id=2731420&use=l&cat=p&typeid=i","cat":284379},{"id":40708,"n":"IGP Gard vin rosé Rives & Terrasses 12% vol - BIB 5L","p":13.99,"u":"2,80 €/L","img":"https://fd6-photos.leclercdrive.fr/image.ashx?id=2882325&use=l&cat=p&typeid=i","cat":289560},{"id":40723,"n":"Fromage à tartiner Les Croisés Echalote et Ciboulette - 150g","p":1.66,"u":"11,07 €/KG","img":"https://fd6-photos.leclercdrive.fr/image.ashx?id=2959221&use=l&cat=p&typeid=i","cat":314029},{"id":40736,"n":"Saumon fumé Labeyrie Norvège 2 tranches - 75g","p":3.5,"u":"46,67 €/KG","img":"https://fd6-photos.leclercdrive.fr/image.ashx?id=2729905&use=l&cat=p&typeid=i","cat":285188},{"id":40739,"n":"AOC Savoie vin blanc Antoine Barrier - 75cl","p":6.79,"u":"9,05 €/L","img":"https://fd6-photos.leclercdrive.fr/image.ashx?id=2541363&use=l&cat=p&typeid=i","cat":289557},{"id":40774,"n":"Lingettes nettoyantes La Croix Désinfectant Javel - x 25","p":1.78,"u":"0,07 €/P","img":"https://fd6-photos.leclercdrive.fr/image.ashx?id=2540106&use=l&cat=p&typeid=i","cat":325358},{"id":40776,"n":"Détachant avant lavage K2R  Tâche incrustée mousse  - 400mL","p":3.09,"u":"7,73 €/L","img":"https://fd6-photos.leclercdrive.fr/image.ashx?id=2101177&use=l&cat=p&typeid=i","cat":284651},{"id":40789,"n":"Yaourts à boire Délisse Fraise - 8x100g","p":2.01,"u":"2,51 €/KG","img":"https://fd6-photos.leclercdrive.fr/image.ashx?id=2762504&use=l&cat=p&typeid=i","cat":284415},{"id":40799,"n":"Cylindre d'échange CO2 Sodastream - à visser - 60L","p":11.66,"img":"https://fd6-photos.leclercdrive.fr/image.ashx?id=2858690&use=l&cat=p&typeid=i","cat":335916},{"id":40872,"n":"Ecrasé de légumes Florette Pomme de terre carottes 2x200g","p":2.78,"u":"6,95 €/KG","img":"https://fd6-photos.leclercdrive.fr/image.ashx?id=2767696&use=l&cat=p&typeid=i","cat":333665},{"id":40904,"n":"Pesto rosso Turini 190g","p":1.68,"u":"8,84 €/KG","img":"https://fd6-photos.leclercdrive.fr/image.ashx?id=2546257&use=l&cat=p&typeid=i","cat":287599},{"id":40908,"n":"Sauce pizza Tomapizza Panzani aux tomates et origan - 390g","p":1.34,"u":"3,44 €/KG","img":"https://fd6-photos.leclercdrive.fr/image.ashx?id=2744626&use=l&cat=p&typeid=i","cat":288384},{"id":40967,"n":"AOP Bourgogne Aligoté vin blanc Antoine Barrier - 75cl","p":6.49,"u":"8,65 €/L","img":"https://fd6-photos.leclercdrive.fr/image.ashx?id=2883011&use=l&cat=p&typeid=i","cat":289557},{"id":40968,"n":"AOP Bordeaux Supérieur rouge Château Labatut Prestige - 75cl","p":3.8,"u":"5,07 €/L","img":"https://fd6-photos.leclercdrive.fr/image.ashx?id=2860973&use=l&cat=p&typeid=i","cat":289556},{"id":40980,"n":"Chargeur universel Foxter x1","p":17.99,"u":"Dont 0,10 € d'éco-part.","img":"https://fd6-photos.leclercdrive.fr/image.ashx?id=2162318&use=l&cat=p&typeid=i","cat":300572},{"id":40988,"n":"Détachant Ace Délicat Système 8+ 2L","p":4.47,"u":"2,24 €/L","img":"https://fd6-photos.leclercdrive.fr/image.ashx?id=2559152&use=l&cat=p&typeid=i","cat":284651},{"id":41002,"n":"Repas fraicheur pour chat Sheba Volaille en sauce - 6x50g","p":2.57,"u":"8,57 €/KG","img":"https://fd6-photos.leclercdrive.fr/image.ashx?id=2888097&use=l&cat=p&typeid=i","cat":285286},{"id":41006,"n":"Biscuits chien Pedigree Markies fourrés - 500g","p":1.72,"u":"3,44 €/KG","img":"https://fd6-photos.leclercdrive.fr/image.ashx?id=2254319&use=l&cat=p&typeid=i","cat":294527},{"id":41009,"n":"Friandises chat Catisfactions Fromage - 60g","p":1.17,"u":"19,50 €/KG","img":"https://fd6-photos.leclercdrive.fr/image.ashx?id=2912608&use=l&cat=p&typeid=i","cat":285285},{"id":41014,"n":"Boîte chat Whiskas Terrine mer & campagne - 4x400g","p":5.21,"u":"3,26 €/KG","img":"https://fd6-photos.leclercdrive.fr/image.ashx?id=2619983&use=l&cat=p&typeid=i","cat":285601},{"id":41016,"n":"Sachet fraîcheur chat Sheba Poissons en sauce - 4x85g","p":1.93,"u":"5,68 €/KG","img":"https://fd6-photos.leclercdrive.fr/image.ashx?id=2759625&use=l&cat=p&typeid=i","cat":285286},{"id":41018,"n":"Pur jus d'ananas Jafaden Bouteille 1L","p":1.99,"u":"1,99 €/L","img":"https://fd6-photos.leclercdrive.fr/image.ashx?id=2956729&use=l&cat=p&typeid=i","cat":284916},{"id":41019,"n":"Pur jus de raisin Jafaden Bouteille 1L","p":1.54,"u":"1,54 €/L","img":"https://fd6-photos.leclercdrive.fr/image.ashx?id=2860757&use=l&cat=p&typeid=i","cat":284915},{"id":41020,"n":"Pur jus Jafaden Clémentine - 1L","p":1.91,"u":"1,91 €/L","img":"https://fd6-photos.leclercdrive.fr/image.ashx?id=2895786&use=l&cat=p&typeid=i","cat":284915},{"id":41022,"n":"Sachet fraicheur chat Sheba Thon cabillaud en sauce - 6x50g","p":2.59,"u":"8,63 €/KG","img":"https://fd6-photos.leclercdrive.fr/image.ashx?id=2347128&use=l&cat=p&typeid=i","cat":285286},{"id":41140,"n":"Filets maquereaux Pêche Océan Naturel - 95g","p":1.48,"u":"15,58 €/KG","img":"https://fd6-photos.leclercdrive.fr/image.ashx?id=2515685&use=l&cat=p&typeid=i","cat":303868},{"id":41147,"n":"Bain de bouche Dentamyl Expert Sensitive - 500ml","p":1.89,"u":"3,78 €/L","img":"https://fd6-photos.leclercdrive.fr/image.ashx?id=2594570&use=l&cat=p&typeid=i","cat":284613},{"id":41168,"n":"Alcool pour fruits Dob 40° - 1L","p":15.9,"u":"15,90 €/L","img":"https://fd6-photos.leclercdrive.fr/image.ashx?id=2179356&use=l&cat=p&typeid=i","cat":286032},{"id":41186,"n":"Coloration permanente Vitanove  Blond doré","p":3.67,"img":"https://fd6-photos.leclercdrive.fr/image.ashx?id=1938903&use=l&cat=p&typeid=i","cat":288899},{"id":41188,"n":"Captain Morgan Original Spiced Boisson à base de rhum- 70cl","p":12.51,"u":"17,87 €/L","img":"https://fd6-photos.leclercdrive.fr/image.ashx?id=2518403&use=l&cat=p&typeid=i","cat":284551},{"id":41190,"n":"Liqueur de Whisky Jack Daniel's Honey 70cL","p":19.95,"pp":17.95,"u":"25,64 €/L","img":"https://fd6-photos.leclercdrive.fr/image.ashx?id=2973982&use=l&cat=p&typeid=i","cat":286032},{"id":41192,"n":"Absorbeur Aero 360° Rubson Stop humidité - 20m²+1 recharge","p":20.92,"img":"https://fd6-photos.leclercdrive.fr/image.ashx?id=2380955&use=l&cat=p&typeid=i","cat":300576},{"id":41223,"n":"Chips natures paysannes Bret's Au sel de Guérande 250g","p":2.2,"u":"8,80 €/KG","img":"https://fd6-photos.leclercdrive.fr/image.ashx?id=2217651&use=l&cat=p&typeid=i","cat":284447},{"id":41236,"n":"Beurre gastronomique Président Demi-sel - 80% MG - 250g","p":2.78,"u":"11,12 €/KG","img":"https://fd6-photos.leclercdrive.fr/image.ashx?id=2962257&use=l&cat=p&typeid=i","cat":284379},{"id":41238,"n":"Beurre La Motte Président Sel de mer - 80% MG - 250g","p":3.19,"u":"12,76 €/KG","img":"https://fd6-photos.leclercdrive.fr/image.ashx?id=2896958&use=l&cat=p&typeid=i","cat":284379},{"id":41268,"n":"Croquettes chat  Eco+ Viandes légumes-  2kg","p":2.33,"u":"1,17 €/KG","img":"https://fd6-photos.leclercdrive.fr/image.ashx?id=2932381&use=l&cat=p&typeid=i","cat":284680},{"id":41269,"n":"Croquettes chat Eco+ Poisson, céréales, légumes 2kg","p":2.48,"u":"1,24 €/KG","img":"https://fd6-photos.leclercdrive.fr/image.ashx?id=2046980&use=l&cat=p&typeid=i","cat":284680},{"id":41270,"n":"Croquettes chiens Fido Adulte - Boeuf - 3kg","p":7.83,"u":"2,61 €/KG","img":"https://fd6-photos.leclercdrive.fr/image.ashx?id=2973291&use=l&cat=p&typeid=i","cat":284672},{"id":41275,"n":"Croquettes chat Purina One Sterilisé - Poulet - 1,5kg","p":6.82,"u":"4,55 €/KG","img":"https://fd6-photos.leclercdrive.fr/image.ashx?id=2488046&use=l&cat=p&typeid=i","cat":284680},{"id":41278,"n":"Croquettes chiens Eco+ Adulte - Viande -  4kg","p":3.93,"u":"0,98 €/KG","img":"https://fd6-photos.leclercdrive.fr/image.ashx?id=2046986&use=l&cat=p&typeid=i","cat":284672},{"id":41283,"n":"Sachets pour chats Gourmet Multivariétés - 12x85g","p":5.53,"u":"5,42 €/KG","img":"https://fd6-photos.leclercdrive.fr/image.ashx?id=2902343&use=l&cat=p&typeid=i","cat":285286},{"id":41285,"n":"Croquettes chaton Purina One  Junior -Poulet/Céréales - 1,5kg","p":7.43,"u":"4,95 €/KG","img":"https://fd6-photos.leclercdrive.fr/image.ashx?id=2433563&use=l&cat=p&typeid=i","cat":284680},{"id":41286,"n":"Croquettes chat Purina One  Stérilisé Adulte-Saumon/Blé-3kg","p":13.37,"u":"4,46 €/KG","img":"https://fd6-photos.leclercdrive.fr/image.ashx?id=2488049&use=l&cat=p&typeid=i","cat":284680},{"id":41287,"n":"Croquettes chiens Purina One Minis chiens adultes -  1,5kg","p":5.79,"u":"3,86 €/KG","img":"https://fd6-photos.leclercdrive.fr/image.ashx?id=2899674&use=l&cat=p&typeid=i","cat":294526},{"id":41289,"n":"Croquettes chat Purina One Urinary care - Poulet - 450g","p":2.94,"u":"6,53 €/KG","img":"https://fd6-photos.leclercdrive.fr/image.ashx?id=2459940&use=l&cat=p&typeid=i","cat":284680},{"id":41291,"n":"Croquettes chat Purina One Stérilisé Adulte-Boeuf/blé -3kg","p":12.84,"u":"4,28 €/KG","img":"https://fd6-photos.leclercdrive.fr/image.ashx?id=2488043&use=l&cat=p&typeid=i","cat":284680},{"id":41293,"n":"Sachets repas chats Purina One Stérilisés - Saumon Dinde 4x85g","p":2.03,"u":"5,97 €/KG","img":"https://fd6-photos.leclercdrive.fr/image.ashx?id=2902349&use=l&cat=p&typeid=i","cat":285286},{"id":41333,"n":"Lait céréales Blédidej 9 mois Caramel - 4x250ml","p":3.69,"u":"14,76 €/L","img":"https://fd6-photos.leclercdrive.fr/image.ashx?id=2921061&use=l&cat=p&typeid=i","cat":312226},{"id":41337,"n":"Lait céréales Blédidej 9 mois Madeleine - 4x250ml","p":3.28,"u":"3,28 €/L","img":"https://fd6-photos.leclercdrive.fr/image.ashx?id=2921052&use=l&cat=p&typeid=i","cat":312226},{"id":41352,"n":"Gommage visage Inell Douceur - 75ml","p":2.02,"u":"26,93 €/L","img":"https://fd6-photos.leclercdrive.fr/image.ashx?id=2162096&use=l&cat=p&typeid=i","cat":284603},{"id":41364,"n":"Cordon bleu Côté Croc Comté - 200g","p":2.05,"u":"10,25 €/KG","img":"https://fd6-photos.leclercdrive.fr/image.ashx?id=2800240&use=l&cat=p&typeid=i","cat":333683},{"id":41366,"n":"Nuggets de poulet Côté Croc Croustillant - 200g","p":1.79,"u":"8,95 €/KG","img":"https://fd6-photos.leclercdrive.fr/image.ashx?id=2462257&use=l&cat=p&typeid=i","cat":333684},{"id":41422,"n":"Fromage à Tartiner St Môret  Nature - 300g","p":3.3,"u":"11,00 €/KG","img":"https://fd6-photos.leclercdrive.fr/image.ashx?id=2755465&use=l&cat=p&typeid=i","cat":314029},{"id":41447,"n":"Fromage fruité bloc Les Croisés 220g","p":2.75,"u":"12,50 €/KG","img":"https://fd6-photos.leclercdrive.fr/image.ashx?id=1961168&use=l&cat=p&typeid=i","cat":314034},{"id":41460,"n":"Pain de mie 100% Mie Harrys Complet sans croûte - 500g","p":1.78,"u":"3,56 €/KG","img":"https://fd6-photos.leclercdrive.fr/image.ashx?id=2731864&use=l&cat=p&typeid=i","cat":284477},{"id":41463,"n":"Autocollants Insectivor Anti-mouches - x4","p":2.72,"u":"0,68 €/P","img":"https://fd6-photos.leclercdrive.fr/image.ashx?id=2606828&use=l&cat=p&typeid=i","cat":298368},{"id":41464,"n":"Purée de tomates Turini Brique 500g","p":0.75,"u":"1,50 €/KG","img":"https://fd6-photos.leclercdrive.fr/image.ashx?id=1686100&use=l&cat=p&typeid=i","cat":288384},{"id":41465,"n":"Cotons Inell Maxi confort x80","p":1.78,"img":"https://fd6-photos.leclercdrive.fr/image.ashx?id=1926969&use=l&cat=p&typeid=i","cat":284636},{"id":41467,"n":"Sauce Pesto Tradizioni d'Italia Rosso - 180g","p":1.89,"u":"10,50 €/KG","img":"https://fd6-photos.leclercdrive.fr/image.ashx?id=2840034&use=l&cat=p&typeid=i","cat":287599},{"id":41478,"n":"Mouchoirs blancs 3 plis Univert Boîte mouchoirs en papier -x100","p":1.55,"u":"0,02 €/P","img":"https://fd6-photos.leclercdrive.fr/image.ashx?id=1960038&use=l&cat=p&typeid=i","cat":284638},{"id":41488,"n":"Sachets Insectivor Anti-mites anti-acariens - x24","p":2.9,"u":"0,12 €/P","img":"https://fd6-photos.leclercdrive.fr/image.ashx?id=2852952&use=l&cat=p&typeid=i","cat":298368},{"id":41491,"n":"Tartines croustillantes Wasa Léger - 270g","p":1.65,"u":"6,11 €/KG","img":"https://fd6-photos.leclercdrive.fr/image.ashx?id=3011851&use=l&cat=p&typeid=i","cat":284479},{"id":41492,"n":"Tartines croustillantes Wasa Fibres - 230g","p":1.51,"u":"6,57 €/KG","img":"https://fd6-photos.leclercdrive.fr/image.ashx?id=3011854&use=l&cat=p&typeid=i","cat":284479},{"id":41493,"n":"Tartines croustillantes Wasa Authentique - 275g","p":1.43,"u":"5,20 €/KG","img":"https://fd6-photos.leclercdrive.fr/image.ashx?id=3011857&use=l&cat=p&typeid=i","cat":284479},{"id":41494,"n":"Bière Red 8.6 Canette - 7.9%vol. - 50cl","p":1.6,"u":"3,20 €/L","img":"https://fd6-photos.leclercdrive.fr/image.ashx?id=2687329&use=l&cat=p&typeid=i","cat":334853},{"id":41517,"n":"Couches bébé Mots d'Enfants T6 Douceur - 16kg+ - x58 changes","p":12.75,"img":"https://fd6-photos.leclercdrive.fr/image.ashx?id=2904577&use=l&cat=p&typeid=i","cat":284737},{"id":41524,"n":"Ossau Iraty AOP Istara Fromage de brebis - 180g","p":3.49,"u":"19,39 €/KG","img":"https://fd6-photos.leclercdrive.fr/image.ashx?id=2766193&use=l&cat=p&typeid=i","cat":329184},{"id":41532,"n":"Gressins Tradizioni d'Italia A la turinoise - 250g","p":2.29,"u":"9,16 €/KG","img":"https://fd6-photos.leclercdrive.fr/image.ashx?id=2743918&use=l&cat=p&typeid=i","cat":297000},{"id":41534,"n":"Déodorant Spray Homme Nivea Men Black&White Original - 200ml","p":2.44,"u":"12,20 €/L","img":"https://fd6-photos.leclercdrive.fr/image.ashx?id=3005218&use=l&cat=p&typeid=i","cat":284618},{"id":41538,"n":"Déodorant Homme Stick Williams Peau Sensible 75ml","p":3.13,"u":"41,73 €/L","img":"https://fd6-photos.leclercdrive.fr/image.ashx?id=2905102&use=l&cat=p&typeid=i","cat":284618},{"id":41551,"n":"Soda Schweppes Saveur Citron - 1,5L","p":1.94,"u":"1,29 €/L","img":"https://fd6-photos.leclercdrive.fr/image.ashx?id=2852417&use=l&cat=p&typeid=i","cat":284532},{"id":41556,"n":"Boisson aux fruits Oasis Orange - 2L","p":2.75,"u":"1,38 €/L","img":"https://fd6-photos.leclercdrive.fr/image.ashx?id=2688653&use=l&cat=p&typeid=i","cat":295018},{"id":41596,"n":"Chips Lay's Saveur spicy - 130g","p":1.48,"u":"11,38 €/KG","img":"https://fd6-photos.leclercdrive.fr/image.ashx?id=3011131&use=l&cat=p&typeid=i","cat":284447},{"id":41603,"n":"Coeurs d'artichauts Eco + 240g","p":1.6,"u":"6,67 €/KG","img":"https://fd6-photos.leclercdrive.fr/image.ashx?id=2946154&use=l&cat=p&typeid=i","cat":312611},{"id":41625,"n":"Tomates Tradizioni d'Italia Séchées à huile d'olive - 270g","p":3.49,"u":"12,93 €/KG","img":"https://fd6-photos.leclercdrive.fr/image.ashx?id=2840037&use=l&cat=p&typeid=i","cat":284458},{"id":41647,"n":"AOP Alsace Gewurztraminer   vin blanc Rebmann - 75 cl","p":5.99,"u":"7,99 €/L","img":"https://fd6-photos.leclercdrive.fr/image.ashx?id=2836322&use=l&cat=p&typeid=i","cat":289557},{"id":41691,"n":"AOP Cabernet d'Anjou BIO vin  rosé Les Caractères - 75cl","p":4.99,"u":"6,65 €/L","img":"https://fd6-photos.leclercdrive.fr/image.ashx?id=2816484&use=l&cat=p&typeid=i","cat":289558},{"id":41700,"n":"Sauce Tomate Cuisinée Heinz Ail & Oignon - 520g","p":1.37,"u":"2,63 €/KG","img":"https://fd6-photos.leclercdrive.fr/image.ashx?id=2950849&use=l&cat=p&typeid=i","cat":288384},{"id":41782,"n":"Whisky Talisker Skye 45,8%vol. Etui - 70cl","p":33.9,"u":"48,43 €/L","img":"https://fd6-photos.leclercdrive.fr/image.ashx?id=2165887&use=l&cat=p&typeid=i","cat":284547},{"id":41800,"n":"Mayonnaise Fine & Douce Lesieur 475g","p":2.22,"u":"4,67 €/KG","img":"https://fd6-photos.leclercdrive.fr/image.ashx?id=2918541&use=l&cat=p&typeid=i","cat":298295},{"id":41806,"n":"Ketchup nature Amora 850g","p":2.16,"u":"2,54 €/KG","img":"https://fd6-photos.leclercdrive.fr/image.ashx?id=2589690&use=l&cat=p&typeid=i","cat":284455},{"id":41819,"n":"Sauce Andalouse Heinz - 220g","p":1.7,"u":"7,73 €/KG","img":"https://fd6-photos.leclercdrive.fr/image.ashx?id=2973327&use=l&cat=p&typeid=i","cat":318431},{"id":41821,"n":"Pomme dauphine Maison Tino 500g","p":3.9,"u":"7,80 €/KG","img":"https://fd6-photos.leclercdrive.fr/image.ashx?id=1746056&use=l&cat=p&typeid=i","cat":333665},{"id":41823,"n":"Sauce barbecue/miel Amora 282g","p":1.64,"u":"5,82 €/KG","img":"https://fd6-photos.leclercdrive.fr/image.ashx?id=2654188&use=l&cat=p&typeid=i","cat":318431},{"id":41826,"n":"AOC Costières de Nîmes vin rosé Rives & Terrasses - 75cl","p":2.99,"u":"3,99 €/L","img":"https://fd6-photos.leclercdrive.fr/image.ashx?id=2970640&use=l&cat=p&typeid=i","cat":289558},{"id":41828,"n":"AOC Bergerac vin rosé  Terrasses d'Autan - 75cl","p":2.99,"u":"3,99 €/L","img":"https://fd6-photos.leclercdrive.fr/image.ashx?id=2865068&use=l&cat=p&typeid=i","cat":289558},{"id":41835,"n":"AOC Bourgueil vin rouge Les Caractères - 75cl","p":4.49,"u":"5,99 €/L","img":"https://fd6-photos.leclercdrive.fr/image.ashx?id=2776564&use=l&cat=p&typeid=i","cat":289556},{"id":41836,"n":"AOP Bergerac vin rouge Terrasses d'Autan - 75cl","p":2.99,"u":"3,99 €/L","img":"https://fd6-photos.leclercdrive.fr/image.ashx?id=2667256&use=l&cat=p&typeid=i","cat":289556},{"id":41838,"n":"AOP Alsace Sylvaner  vin blanc Rebmann - 75 cl","p":4.49,"u":"5,99 €/L","img":"https://fd6-photos.leclercdrive.fr/image.ashx?id=2717355&use=l&cat=p&typeid=i","cat":289557},{"id":41839,"n":"AOC Côtes du Rhône vin rouge Grégoire XI - 37,5 cl","p":2.39,"u":"6,37 €/L","img":"https://fd6-photos.leclercdrive.fr/image.ashx?id=2714986&use=l&cat=p&typeid=i","cat":289556},{"id":41840,"n":"AOC Costières de Nîmes vin rouge Rives & Terrasses - 75cl","p":2.99,"u":"3,99 €/L","img":"https://fd6-photos.leclercdrive.fr/image.ashx?id=2645800&use=l&cat=p&typeid=i","cat":289556},{"id":41841,"n":"AOP Bordeaux vin rouge Chantet Blanet - 75cl","p":2.89,"u":"3,85 €/L","img":"https://fd6-photos.leclercdrive.fr/image.ashx?id=2741285&use=l&cat=p&typeid=i","cat":289556},{"id":41844,"n":"AOC Côtes du Rhône Villages vin rouge Plan de Diey - 75cl","p":4.99,"u":"6,65 €/L","img":"https://fd6-photos.leclercdrive.fr/image.ashx?id=2742620&use=l&cat=p&typeid=i","cat":289556},{"id":41845,"n":"Génoise fourrée Kinder Pingui Lait et cacao x8 - 240g","p":2.21,"u":"9,21 €/KG","img":"https://fd6-photos.leclercdrive.fr/image.ashx?id=2855352&use=l&cat=p&typeid=i","cat":284420},{"id":41846,"n":"Compotes Andros Panachés 16x100g","p":5.02,"u":"3,14 €/KG","img":"https://fd6-photos.leclercdrive.fr/image.ashx?id=2921343&use=l&cat=p&typeid=i","cat":284416},{"id":41852,"n":"Sauce pomme frite Amora 260g","p":1.72,"u":"6,62 €/KG","img":"https://fd6-photos.leclercdrive.fr/image.ashx?id=2957776&use=l&cat=p&typeid=i","cat":318431},{"id":41857,"n":"Bière Alveringem Abbaye Rouge 5%vol. - 6x25cl","p":3.78,"u":"2,52 €/L","img":"https://fd6-photos.leclercdrive.fr/image.ashx?id=2637919&use=l&cat=p&typeid=i","cat":334878},{"id":41858,"n":"Yaourt SMARTIES Fraise bonbons chocolat 4x120g","p":2.46,"u":"5,13 €/KG","img":"https://fd6-photos.leclercdrive.fr/image.ashx?id=2890046&use=l&cat=p&typeid=i","cat":284414},{"id":41861,"n":"AOC Luberon Rosé Rives & Terrasses - 75cl","p":3.49,"u":"4,65 €/L","img":"https://fd6-photos.leclercdrive.fr/image.ashx?id=2891893&use=l&cat=p&typeid=i","cat":289558},{"id":41867,"n":"AOC Côtes de Provence vin rosé Terres Ocrées - 37,5cl","p":2.99,"u":"7,97 €/L","img":"https://fd6-photos.leclercdrive.fr/image.ashx?id=2645797&use=l&cat=p&typeid=i","cat":289558},{"id":41868,"n":"Bûche de chèvre Soignon 400g","p":4.13,"u":"10,33 €/KG","img":"https://fd6-photos.leclercdrive.fr/image.ashx?id=2840988&use=l&cat=p&typeid=i","cat":314031},{"id":41869,"n":"AOC Gros Plant du Pays nantais vin blanc Les Caractères - 75cl","p":3.9,"u":"5,20 €/L","img":"https://fd6-photos.leclercdrive.fr/image.ashx?id=2705086&use=l&cat=p&typeid=i","cat":289557},{"id":41870,"n":"Pur jus d'orange Jafaden Sans pulpe - 50cl","p":1.74,"u":"3,48 €/L","img":"https://fd6-photos.leclercdrive.fr/image.ashx?id=2917652&use=l&cat=p&typeid=i","cat":284521},{"id":41871,"n":"AOC Côtes du Roussillon vin  rouge Prieur Barsanne - 75cl","p":2.99,"u":"3,99 €/L","img":"https://fd6-photos.leclercdrive.fr/image.ashx?id=2920927&use=l&cat=p&typeid=i","cat":289556},{"id":41874,"n":"AOC Muscadet Sèvre et Maine sur Lie Les Caractères - 37,5cl","p":3.29,"u":"8,77 €/L","img":"https://fd6-photos.leclercdrive.fr/image.ashx?id=2750144&use=l&cat=p&typeid=i","cat":289557},{"id":41878,"n":"Bière aromatisée Desquiles Red 5,9%vol. - 50cl","p":1.49,"u":"2,98 €/L","img":"https://fd6-photos.leclercdrive.fr/image.ashx?id=2664809&use=l&cat=p&typeid=i","cat":334853},{"id":41880,"n":"AOC Graves vin rouge Chantet Blanet - 75cl","p":4.75,"u":"6,33 €/L","img":"https://fd6-photos.leclercdrive.fr/image.ashx?id=2721361&use=l&cat=p&typeid=i","cat":289556},{"id":41881,"n":"AOC Gaillac vin rouge Terrasses d'Autan - 75cl","p":2.99,"u":"3,99 €/L","img":"https://fd6-photos.leclercdrive.fr/image.ashx?id=2943097&use=l&cat=p&typeid=i","cat":289556},{"id":41882,"n":"AOC Fronton vin rouge Terrasses d'Autan - 75cl","p":2.99,"u":"3,99 €/L","img":"https://fd6-photos.leclercdrive.fr/image.ashx?id=2418338&use=l&cat=p&typeid=i","cat":289556},{"id":41884,"n":"AOP Coteaux Bourguignons vin  rouge Antoine Barrier - 75cl","p":5.49,"u":"7,32 €/L","img":"https://fd6-photos.leclercdrive.fr/image.ashx?id=2968991&use=l&cat=p&typeid=i","cat":289556},{"id":41903,"n":"Jus de pomme Jafaden A base de concentré - 2L","p":1.85,"u":"0,93 €/L","img":"https://fd6-photos.leclercdrive.fr/image.ashx?id=2470240&use=l&cat=p&typeid=i","cat":284522},{"id":41914,"n":"Crème hydratante Inell Visage-corps 200ml","p":2.07,"u":"10,35 €/L","img":"https://fd6-photos.leclercdrive.fr/image.ashx?id=1903869&use=l&cat=p&typeid=i","cat":325345},{"id":41915,"n":"AOP Morgon vin rouge Antoine Barrier - 75cl","p":6.99,"u":"9,32 €/L","img":"https://fd6-photos.leclercdrive.fr/image.ashx?id=2751907&use=l&cat=p&typeid=i","cat":289556},{"id":41917,"n":"AOC Ventoux vin rouge Rives & Terrasses - 75cl","p":2.99,"u":"3,99 €/L","img":"https://fd6-photos.leclercdrive.fr/image.ashx?id=2905916&use=l&cat=p&typeid=i","cat":289556},{"id":41920,"n":"Patch pureté Inell x6","p":2.4,"u":"0,40 €/P","img":"https://fd6-photos.leclercdrive.fr/image.ashx?id=2657727&use=l&cat=p&typeid=i","cat":284603},{"id":41921,"n":"Vin d'Union Européenne blanc Adrien Champaud - 75 cl","p":1.85,"u":"2,47 €/L","img":"https://fd6-photos.leclercdrive.fr/image.ashx?id=2955719&use=l&cat=p&typeid=i","cat":289557},{"id":41922,"n":"Vin d'Union Européenne rosé Adrien Champaud - 75 cl","p":1.85,"u":"2,47 €/L","img":"https://fd6-photos.leclercdrive.fr/image.ashx?id=2987160&use=l&cat=p&typeid=i","cat":289558},{"id":41923,"n":"Vin d'Union Européenne rosé Adrien Champaud 11% vol BIB 5L","p":8.49,"u":"1,70 €/L","img":"https://fd6-photos.leclercdrive.fr/image.ashx?id=2959704&use=l&cat=p&typeid=i","cat":289560},{"id":41924,"n":"Vin d'Union Européenne rouge Adrien Champaud 12% vol BIB 5L","p":8.49,"u":"1,70 €/L","img":"https://fd6-photos.leclercdrive.fr/image.ashx?id=2760798&use=l&cat=p&typeid=i","cat":289560},{"id":41942,"n":"Bière Extreme 8.6 Canette - 10.5%vol. - 50cl","p":1.74,"u":"3,48 €/L","img":"https://fd6-photos.leclercdrive.fr/image.ashx?id=1883597&use=l&cat=p&typeid=i","cat":334853},{"id":42041,"n":"Olives vertes Tropic Apéro Dénoyautées à l'ail - 110g","p":1.99,"u":"18,09 €/KG","img":"https://fd6-photos.leclercdrive.fr/image.ashx?id=2438972&use=l&cat=p&typeid=i","cat":316002},{"id":42044,"n":"Noix de cajou Maître Prunille Sans sel, grillé, sachet 200g","p":4.39,"u":"21,95 €/KG","img":"https://fd6-photos.leclercdrive.fr/image.ashx?id=1750478&use=l&cat=p&typeid=i","cat":284357},{"id":42045,"n":"Amande grillée Maître Prunille Décortiquée sans sel 250g","p":4.0,"u":"16,00 €/KG","img":"https://fd6-photos.leclercdrive.fr/image.ashx?id=1750481&use=l&cat=p&typeid=i","cat":284448},{"id":42060,"n":"IGP Pays d'Oc Syrah vin rosé Vieux Carion 12% vol - BIB 3L","p":7.99,"u":"2,66 €/L","img":"https://fd6-photos.leclercdrive.fr/image.ashx?id=2440727&use=l&cat=p&typeid=i","cat":289560},{"id":42063,"n":"Madeleines Saint Michel Oeufs de poule plein air - 500g","p":1.99,"u":"3,98 €/KG","img":"https://fd6-photos.leclercdrive.fr/image.ashx?id=2936191&use=l&cat=p&typeid=i","cat":284492},{"id":42067,"n":"Biscuits p'tit déjeuner BN Chocolat - 200g","p":1.56,"u":"7,80 €/KG","img":"https://fd6-photos.leclercdrive.fr/image.ashx?id=2603468&use=l&cat=p&typeid=i","cat":284491},{"id":42111,"n":"Haché de veau Férial Façon bouchère - x2 - 200g","p":3.19,"u":"15,95 €/KG","img":"https://fd6-photos.leclercdrive.fr/image.ashx?id=2903986&use=l&cat=p&typeid=i","cat":284332},{"id":42113,"n":"Haché de porc Férial Façon bouchère - x2 - 220g","p":2.69,"u":"12,23 €/KG","img":"https://fd6-photos.leclercdrive.fr/image.ashx?id=2606103&use=l&cat=p&typeid=i","cat":284332},{"id":42117,"n":"Céréales muesli Bjorg Bio Sans sucre ajoutés - 375g","p":2.01,"u":"5,36 €/KG","img":"https://fd6-photos.leclercdrive.fr/image.ashx?id=2906163&use=l&cat=p&typeid=i","cat":309512},{"id":42140,"n":"Sirop La Maison Guiot Grenadine - 70cl","p":2.79,"u":"3,99 €/L","img":"https://fd6-photos.leclercdrive.fr/image.ashx?id=2857195&use=l&cat=p&typeid=i","cat":295020},{"id":42188,"n":"Fromage fouetté Madame Loïk Échalote Ciboulette - 275g","p":2.98,"u":"10,84 €/KG","img":"https://fd6-photos.leclercdrive.fr/image.ashx?id=2774616&use=l&cat=p&typeid=i","cat":314029},{"id":42218,"n":"Bloc WC Bref Power  Activ'Océan toilettes - 50g x1","p":1.65,"u":"33,00 €/KG","img":"https://fd6-photos.leclercdrive.fr/image.ashx?id=2789802&use=l&cat=p&typeid=i","cat":284662},{"id":42251,"n":"Biscuit apéritif Too Good PDT/tomates/herbes - 85g","p":1.97,"u":"23,18 €/KG","img":"https://fd6-photos.leclercdrive.fr/image.ashx?id=2995130&use=l&cat=p&typeid=i","cat":297000},{"id":42252,"n":"Biscuit apéritif Too Good PDT barbecue - 85g","p":1.99,"u":"23,41 €/KG","img":"https://fd6-photos.leclercdrive.fr/image.ashx?id=2995127&use=l&cat=p&typeid=i","cat":297000},{"id":42254,"n":"Biscuit apéritif Too Good PDT-sel et poivre - 85g","p":1.95,"u":"22,94 €/KG","img":"https://fd6-photos.leclercdrive.fr/image.ashx?id=2894830&use=l&cat=p&typeid=i","cat":297000},{"id":42289,"n":"Huile pimentée pizza Cauvin A l'huile d'olive - 25cl","p":2.38,"u":"9,52 €/L","img":"https://fd6-photos.leclercdrive.fr/image.ashx?id=2539857&use=l&cat=p&typeid=i","cat":284453},{"id":42290,"n":"Huile de colza Eco + 1L","p":1.46,"u":"1,46 €/L","img":"https://fd6-photos.leclercdrive.fr/image.ashx?id=3002503&use=l&cat=p&typeid=i","cat":284453},{"id":42291,"n":"Huile pour friture Eco + 1L","p":2.23,"u":"2,23 €/L","img":"https://fd6-photos.leclercdrive.fr/image.ashx?id=2913639&use=l&cat=p&typeid=i","cat":284453},{"id":42297,"n":"Sauce caesar Rustica 50cl","p":2.59,"u":"5,18 €/L","img":"https://fd6-photos.leclercdrive.fr/image.ashx?id=1972928&use=l&cat=p&typeid=i","cat":284456},{"id":42298,"n":"Boisson végétale Bio Village Avoine bio - 1l","p":1.41,"u":"1,41 €/L","img":"https://fd6-photos.leclercdrive.fr/image.ashx?id=2739538&use=l&cat=p&typeid=i","cat":316067},{"id":42311,"n":"Tomate cerise allongée Barquette 500g","p":3.49,"u":"6,98 €/KG","img":"https://fd6-photos.leclercdrive.fr/image.ashx?id=1633307&use=l&cat=p&typeid=i","cat":284352},{"id":42321,"n":"Nettoyant Menager Cif lingettes Ocean Antibacterien - x120","p":2.16,"img":"https://fd6-photos.leclercdrive.fr/image.ashx?id=2747163&use=l&cat=p&typeid=i","cat":325358},{"id":42325,"n":"Spray Nettoyant Menager Cif  Antibacterien - 750 ml","p":2.4,"u":"3,20 €/L","img":"https://fd6-photos.leclercdrive.fr/image.ashx?id=2813540&use=l&cat=p&typeid=i","cat":325357},{"id":42331,"n":"Saucisses Knacki Herta Poulet x10 - 350g","p":1.57,"u":"4,49 €/KG","img":"https://fd6-photos.leclercdrive.fr/image.ashx?id=2290431&use=l&cat=p&typeid=i","cat":316012},{"id":42341,"n":"Compotes Pom'Potes Gourdes  Multivariétés Inédits - 12x90g","p":6.06,"u":"5,61 €/KG","img":"https://fd6-photos.leclercdrive.fr/image.ashx?id=2864309&use=l&cat=p&typeid=i","cat":284508},{"id":42347,"n":"Pansements enfants Primoplast x20","p":0.69,"u":"0,03 €/P","img":"https://fd6-photos.leclercdrive.fr/image.ashx?id=2958062&use=l&cat=p&typeid=i","cat":284630},{"id":42428,"n":"Pains au chocolat Pasquier x8 - 360g","p":2.21,"u":"6,14 €/KG","img":"https://fd6-photos.leclercdrive.fr/image.ashx?id=2863446&use=l&cat=p&typeid=i","cat":296366},{"id":42433,"n":"Olives Noires Confites Tramier  Dénoyautées 250g","p":3.13,"u":"12,52 €/KG","img":"https://fd6-photos.leclercdrive.fr/image.ashx?id=2840820&use=l&cat=p&typeid=i","cat":284458},{"id":42442,"n":"Moutarde forte Eco + 370g","p":0.74,"u":"2,00 €/KG","img":"https://fd6-photos.leclercdrive.fr/image.ashx?id=2954319&use=l&cat=p&typeid=i","cat":288850},{"id":42448,"n":"Capsules Nescafé Dolce Gusto  Ricoré Latte - x16","p":4.81,"u":"28,63 €/KG","img":"https://fd6-photos.leclercdrive.fr/image.ashx?id=2818085&use=l&cat=p&typeid=i","cat":293239},{"id":42452,"n":"Moutarde douce Amora Flacon souple - 260g","p":2.02,"u":"7,77 €/KG","img":"https://fd6-photos.leclercdrive.fr/image.ashx?id=3005401&use=l&cat=p&typeid=i","cat":288850},{"id":42460,"n":"Olives vertes entières Eco + 400g","p":1.07,"u":"2,68 €/KG","img":"https://fd6-photos.leclercdrive.fr/image.ashx?id=2609261&use=l&cat=p&typeid=i","cat":284458},{"id":42461,"n":"Olives vertes Eco + Dénoyautées - 320g","p":1.88,"u":"5,88 €/KG","img":"https://fd6-photos.leclercdrive.fr/image.ashx?id=2609264&use=l&cat=p&typeid=i","cat":284458},{"id":42508,"n":"Cookies Nestlé Dessert Pépites de chocolat - 351g","p":3.97,"u":"11,31 €/KG","img":"https://fd6-photos.leclercdrive.fr/image.ashx?id=2848382&use=l&cat=p&typeid=i","cat":284505},{"id":42518,"n":"Complément alimentaire Juvamine Cranberry  60 gélules végétales","p":5.08,"u":"0,08 €/P","img":"https://fd6-photos.leclercdrive.fr/image.ashx?id=2578076&use=l&cat=p&typeid=i","cat":313217},{"id":42560,"n":"Jus innocent ananas passion 900ml","p":2.66,"u":"2,96 €/L","img":"https://fd6-photos.leclercdrive.fr/image.ashx?id=2861740&use=l&cat=p&typeid=i","cat":285435},{"id":42563,"n":"Boisson végétale lait d'amande bio bjorg sans sucre - 1l","p":1.67,"u":"1,67 €/L","img":"https://fd6-photos.leclercdrive.fr/image.ashx?id=2939415&use=l&cat=p&typeid=i","cat":316067},{"id":42565,"n":"Vinaigre blanc d'alcool Eco +  - 1,5L","p":0.6,"u":"0,40 €/L","img":"https://fd6-photos.leclercdrive.fr/image.ashx?id=2722375&use=l&cat=p&typeid=i","cat":298543},{"id":42567,"n":"Pâte à tartiner Bio Jardin Bio - 750g","p":7.08,"u":"9,44 €/KG","img":"https://fd6-photos.leclercdrive.fr/image.ashx?id=2918925&use=l&cat=p&typeid=i","cat":284481},{"id":42569,"n":"Double concentré Bio Jardin Bio Tomate - 140g","p":0.88,"u":"6,29 €/KG","img":"https://fd6-photos.leclercdrive.fr/image.ashx?id=2944867&use=l&cat=p&typeid=i","cat":288384},{"id":42624,"n":"Pâtes coudes rayés Panzani 1kg","p":2.11,"u":"2,11 €/KG","img":"https://fd6-photos.leclercdrive.fr/image.ashx?id=2876029&use=l&cat=p&typeid=i","cat":284427},{"id":42628,"n":"Chips Bret's Fromage du Jura - 125g","p":1.09,"u":"8,72 €/KG","img":"https://fd6-photos.leclercdrive.fr/image.ashx?id=1916976&use=l&cat=p&typeid=i","cat":284447},{"id":42639,"n":"Papillotes pour poulet Maggi Paprika et tomates - 28g","p":0.77,"u":"27,50 €/KG","img":"https://fd6-photos.leclercdrive.fr/image.ashx?id=2971763&use=l&cat=p&typeid=i","cat":288380},{"id":42649,"n":"Crème douche Manava Surgras - 250ml","p":0.94,"u":"3,76 €/L","img":"https://fd6-photos.leclercdrive.fr/image.ashx?id=2456147&use=l&cat=p&typeid=i","cat":284594},{"id":42650,"n":"Après-shampooing Vitanove Eclat - 200ml","p":1.49,"u":"7,45 €/L","img":"https://fd6-photos.leclercdrive.fr/image.ashx?id=2618341&use=l&cat=p&typeid=i","cat":284607},{"id":42655,"n":"Huile merveilleuse Garnier Huile d'argan & camélia - 150ml","p":6.62,"u":"44,13 €/L","img":"https://fd6-photos.leclercdrive.fr/image.ashx?id=2661730&use=l&cat=p&typeid=i","cat":284608},{"id":42665,"n":"Gel shampooing douche Fa Men Extreme cool flacon - 250ml","p":1.46,"u":"5,84 €/L","img":"https://fd6-photos.leclercdrive.fr/image.ashx?id=2995094&use=l&cat=p&typeid=i","cat":284621},{"id":42667,"n":"Soin de jour L'Oréal Paris Revitalift Anti-Âge - 50ml","p":13.75,"u":"275,00 €/L","img":"https://fd6-photos.leclercdrive.fr/image.ashx?id=2921876&use=l&cat=p&typeid=i","cat":325345},{"id":42677,"n":"Soin cheveux nutrition Dessange Cheveux secs - 100ml","p":5.64,"u":"56,40 €/L","img":"https://fd6-photos.leclercdrive.fr/image.ashx?id=2400969&use=l&cat=p&typeid=i","cat":284608},{"id":42678,"n":"Huile Cheveux Extrême Dessange Cheuveux abîmés - 100ml","p":6.34,"u":"63,40 €/L","img":"https://fd6-photos.leclercdrive.fr/image.ashx?id=2851099&use=l&cat=p&typeid=i","cat":284608},{"id":42757,"n":"Emmental rapé Eco + 30% MG - 500g","p":3.74,"u":"7,48 €/KG","img":"https://fd6-photos.leclercdrive.fr/image.ashx?id=2942172&use=l&cat=p&typeid=i","cat":314035},{"id":42759,"n":"Copeaux Parmigiano Reggiano AOP Les Croisés - 80g","p":1.9,"u":"23,75 €/KG","img":"https://fd6-photos.leclercdrive.fr/image.ashx?id=2935504&use=l&cat=p&typeid=i","cat":314035},{"id":42761,"n":"Tranchette de gouda Les Croisés Au cumin - 16,8% MG - 200g","p":2.99,"u":"14,95 €/KG","img":"https://fd6-photos.leclercdrive.fr/image.ashx?id=2051383&use=l&cat=p&typeid=i","cat":314028},{"id":42789,"n":"Cheddar Les Croisés 32% MG Tranchettes - 200g","p":2.64,"u":"13,20 €/KG","img":"https://fd6-photos.leclercdrive.fr/image.ashx?id=2796064&use=l&cat=p&typeid=i","cat":314028},{"id":42799,"n":"Miel liquide Bio Squeezer Bio village - 250g","p":2.89,"u":"11,56 €/KG","img":"https://fd6-photos.leclercdrive.fr/image.ashx?id=2348268&use=l&cat=p&typeid=i","cat":287643},{"id":42800,"n":"Vodka Smirnoff Ice 4D 4%vol - 70cl","p":3.15,"pp":2.52,"u":"3,60 €/L","img":"https://fd6-photos.leclercdrive.fr/image.ashx?id=2111082&use=l&cat=p&typeid=i","cat":284550},{"id":42846,"n":"Cacahuètes Menguy's Grillées et salées - 800g","p":5.41,"u":"6,76 €/KG","img":"https://fd6-photos.leclercdrive.fr/image.ashx?id=2979800&use=l&cat=p&typeid=i","cat":284448},{"id":42872,"n":"Jus innocent pomme framboise 900ml","p":2.89,"u":"3,21 €/L","img":"https://fd6-photos.leclercdrive.fr/image.ashx?id=2862877&use=l&cat=p&typeid=i","cat":285435},{"id":42873,"n":"Jus innocent orange carotte 900ml","p":2.89,"u":"3,21 €/L","img":"https://fd6-photos.leclercdrive.fr/image.ashx?id=2892217&use=l&cat=p&typeid=i","cat":285435},{"id":42874,"n":"Jus innocent poire pêche 900ml","p":2.87,"u":"3,19 €/L","img":"https://fd6-photos.leclercdrive.fr/image.ashx?id=2893000&use=l&cat=p&typeid=i","cat":285435},{"id":42876,"n":"Jus innocent pomme mangue 900ml","p":2.87,"u":"3,19 €/L","img":"https://fd6-photos.leclercdrive.fr/image.ashx?id=2892220&use=l&cat=p&typeid=i","cat":285435},{"id":42964,"n":"Os à mâcher Lydog Fourrés boeuf - 2x100g","p":2.26,"u":"11,30 €/KG","img":"https://fd6-photos.leclercdrive.fr/image.ashx?id=1947283&use=l&cat=p&typeid=i","cat":294527},{"id":42965,"n":"Pepites de chocolat au lait Tablier Blanc - 100g","p":2.02,"u":"20,20 €/KG","img":"https://fd6-photos.leclercdrive.fr/image.ashx?id=2723141&use=l&cat=p&typeid=i","cat":284504},{"id":42966,"n":"Haricots verts Notre Jardin Extra fins - 455g","p":1.97,"u":"4,33 €/KG","img":"https://fd6-photos.leclercdrive.fr/image.ashx?id=2988084&use=l&cat=p&typeid=i","cat":312606},{"id":42967,"n":"Haricots verts Notre Jardin Extra fins vapeur - 225g","p":1.6,"u":"7,11 €/KG","img":"https://fd6-photos.leclercdrive.fr/image.ashx?id=2988087&use=l&cat=p&typeid=i","cat":312606},{"id":42977,"n":"Mini crackers Bio Village Bio Fromage/courges - 110g","p":2.44,"u":"22,18 €/KG","img":"https://fd6-photos.leclercdrive.fr/image.ashx?id=1944150&use=l&cat=p&typeid=i","cat":297000},{"id":42992,"n":"Tortillas chips Tokapi Fromage - 150g","p":0.99,"u":"6,60 €/KG","img":"https://fd6-photos.leclercdrive.fr/image.ashx?id=2647961&use=l&cat=p&typeid=i","cat":287899},{"id":43000,"n":"Pulpe de tomate Bio Village Bio - 500g","p":1.84,"u":"3,68 €/KG","img":"https://fd6-photos.leclercdrive.fr/image.ashx?id=2442136&use=l&cat=p&typeid=i","cat":288384},{"id":43006,"n":"Colorants alimentaires  Tablier Blanc - 3x6ml","p":1.24,"u":"68,89 €/L","img":"https://fd6-photos.leclercdrive.fr/image.ashx?id=2487470&use=l&cat=p&typeid=i","cat":284504},{"id":43009,"n":"Biscuits fourrés P'tit Deli Noisette - 225g","p":1.35,"u":"6,00 €/KG","img":"https://fd6-photos.leclercdrive.fr/image.ashx?id=2861419&use=l&cat=p&typeid=i","cat":284488},{"id":43010,"n":"Biscuit roulé P'tit Deli Cacao/vanille - 154g","p":0.89,"u":"5,78 €/KG","img":"https://fd6-photos.leclercdrive.fr/image.ashx?id=2124110&use=l&cat=p&typeid=i","cat":284488},{"id":43016,"n":"Asperges blanches moyennes Notre Jardin - 205g","p":1.99,"u":"9,71 €/KG","img":"https://fd6-photos.leclercdrive.fr/image.ashx?id=2049058&use=l&cat=p&typeid=i","cat":312611},{"id":43017,"n":"Betterave en Dés Notre Jardin 265g","p":1.02,"u":"3,85 €/KG","img":"https://fd6-photos.leclercdrive.fr/image.ashx?id=1993203&use=l&cat=p&typeid=i","cat":312611},{"id":43019,"n":"Biscuits animaux P'tit Déli Nappés chocolat lait - 225g","p":1.65,"u":"7,33 €/KG","img":"https://fd6-photos.leclercdrive.fr/image.ashx?id=2529602&use=l&cat=p&typeid=i","cat":284488},{"id":43049,"n":"Steak haché charolais Férial  15%mg x4 - 400g","p":6.39,"u":"15,98 €/KG","img":"https://fd6-photos.leclercdrive.fr/image.ashx?id=2823762&use=l&cat=p&typeid=i","cat":319778},{"id":43119,"n":"Classeur à levier Esquisse Bleu - Dos 80mm","p":2.8,"img":"https://fd6-photos.leclercdrive.fr/image.ashx?id=1691180&use=l&cat=p&typeid=i","cat":284745},{"id":43152,"n":"Culottes Drynites Huggies Garçon - 3-5 ans x16","p":12.35,"u":"0,77 €/P","img":"https://fd6-photos.leclercdrive.fr/image.ashx?id=2844712&use=l&cat=p&typeid=i","cat":290633},{"id":43197,"n":"Tartine Grilletine de Pasquier Briochées - x18 - 242g","p":1.81,"u":"7,48 €/KG","img":"https://fd6-photos.leclercdrive.fr/image.ashx?id=2333054&use=l&cat=p&typeid=i","cat":284479},{"id":43218,"n":"Pains au lait Pasquier x20 - 700g","p":2.73,"u":"3,90 €/KG","img":"https://fd6-photos.leclercdrive.fr/image.ashx?id=2609315&use=l&cat=p&typeid=i","cat":293505},{"id":43237,"n":"Lotion démaquillante Inell Douceur yeux - 150ml","p":1.55,"u":"10,33 €/L","img":"https://fd6-photos.leclercdrive.fr/image.ashx?id=1993197&use=l&cat=p&typeid=i","cat":284603},{"id":43247,"n":"Tuiles apéritives Tokapi Poulet braisé - 170g","p":1.55,"u":"9,12 €/KG","img":"https://fd6-photos.leclercdrive.fr/image.ashx?id=2815752&use=l&cat=p&typeid=i","cat":287899},{"id":43266,"n":"Formule boost Daco Bello Fruits secs - 200g","p":3.85,"u":"19,25 €/KG","img":"https://fd6-photos.leclercdrive.fr/image.ashx?id=2576955&use=l&cat=p&typeid=i","cat":284357},{"id":43286,"n":"Masque tissu Inell apaisant Hydratant x1","p":0.99,"img":"https://fd6-photos.leclercdrive.fr/image.ashx?id=2691667&use=l&cat=p&typeid=i","cat":325346},{"id":43287,"n":"Dentifrice Dentamyl Blancheur extrême - 75ml","p":0.95,"u":"12,67 €/L","img":"https://fd6-photos.leclercdrive.fr/image.ashx?id=2613837&use=l&cat=p&typeid=i","cat":284612},{"id":43292,"n":"Gel peau nette Inell Imperfection - 200ml","p":3.25,"u":"16,25 €/L","img":"https://fd6-photos.leclercdrive.fr/image.ashx?id=2078353&use=l&cat=p&typeid=i","cat":284603},{"id":43293,"n":"Lotion nettoyante Inell 200ml","p":3.29,"u":"16,45 €/L","img":"https://fd6-photos.leclercdrive.fr/image.ashx?id=2691670&use=l&cat=p&typeid=i","cat":284603},{"id":43303,"n":"Panna Cotta Fruits rouges Rians 2x120g","p":2.59,"u":"10,79 €/KG","img":"https://fd6-photos.leclercdrive.fr/image.ashx?id=2555412&use=l&cat=p&typeid=i","cat":284419},{"id":43309,"n":"Dessert végétal Sojasun  Chocolat - 6x100g","p":2.47,"u":"4,12 €/KG","img":"https://fd6-photos.leclercdrive.fr/image.ashx?id=2355692&use=l&cat=p&typeid=i","cat":316071},{"id":43330,"n":"Crème dessert chocolat Danette Pop billes magix - 4x120g","p":2.44,"u":"5,08 €/KG","img":"https://fd6-photos.leclercdrive.fr/image.ashx?id=2935717&use=l&cat=p&typeid=i","cat":285041},{"id":43341,"n":"Thon mariné Petit Navire Basilic - 110g","p":2.22,"u":"20,18 €/KG","img":"https://fd6-photos.leclercdrive.fr/image.ashx?id=2542965&use=l&cat=p&typeid=i","cat":303867},{"id":43350,"n":"Coriandre en feuilles Ducros 7g","p":1.62,"u":"231,43 €/KG","img":"https://fd6-photos.leclercdrive.fr/image.ashx?id=2486584&use=l&cat=p&typeid=i","cat":298297},{"id":43358,"n":"Sel fin Eco+ Boîte verseuse - 750g","p":0.53,"u":"0,71 €/KG","img":"https://fd6-photos.leclercdrive.fr/image.ashx?id=2974705&use=l&cat=p&typeid=i","cat":284457},{"id":43369,"n":"Boisson végétale avoine Bio  Bjorg- 1L","p":1.73,"u":"1,73 €/L","img":"https://fd6-photos.leclercdrive.fr/image.ashx?id=2939430&use=l&cat=p&typeid=i","cat":316067},{"id":43371,"n":"AOC Saint-Nicolas-de-Bourgueil vin rouge Les Caractères - 75cl","p":4.99,"u":"6,65 €/L","img":"https://fd6-photos.leclercdrive.fr/image.ashx?id=2894734&use=l&cat=p&typeid=i","cat":289556},{"id":43372,"n":"AOP Saumur-Champigny vin rouge Les Caractères - 75cl","p":4.99,"u":"6,65 €/L","img":"https://fd6-photos.leclercdrive.fr/image.ashx?id=2745478&use=l&cat=p&typeid=i","cat":289556},{"id":43373,"n":"AOP Vin rouge  Alsace Pinot noir - 75 cl","p":5.99,"u":"7,99 €/L","img":"https://fd6-photos.leclercdrive.fr/image.ashx?id=2709698&use=l&cat=p&typeid=i","cat":289556},{"id":43381,"n":"Dessert liégeois Viennois  Chocolat - 12x100g","p":3.9,"u":"3,25 €/KG","img":"https://fd6-photos.leclercdrive.fr/image.ashx?id=2875987&use=l&cat=p&typeid=i","cat":285042},{"id":43394,"n":"Spaghetti  Tradizioni d'Italia n°118  Pasta di Gragnano 500g","p":1.52,"u":"3,04 €/KG","img":"https://fd6-photos.leclercdrive.fr/image.ashx?id=2657301&use=l&cat=p&typeid=i","cat":284427},{"id":43396,"n":"Farfalle Tradizioni d'Italia N°210 - 500g","p":1.52,"u":"3,04 €/KG","img":"https://fd6-photos.leclercdrive.fr/image.ashx?id=2657304&use=l&cat=p&typeid=i","cat":284427},{"id":43398,"n":"Fusilli Tradizioni d'Italia N°140 - 500g","p":1.52,"u":"3,04 €/KG","img":"https://fd6-photos.leclercdrive.fr/image.ashx?id=2657307&use=l&cat=p&typeid=i","cat":284427},{"id":43407,"n":"Glace à l'eau Smicy Star  Framboise Orange Citron x8 480g","p":2.59,"u":"5,40 €/KG","img":"https://fd6-photos.leclercdrive.fr/image.ashx?id=2751904&use=l&cat=p&typeid=i","cat":285250},{"id":43408,"n":"AOP Chinon vin rouge Les Caractères - 75cl","p":4.95,"u":"6,60 €/L","img":"https://fd6-photos.leclercdrive.fr/image.ashx?id=2745484&use=l&cat=p&typeid=i","cat":289556},{"id":43409,"n":"AOP Côtes de Bergerac moelleux Terrasses d'Autan - 75cl","p":3.7,"u":"4,93 €/L","img":"https://fd6-photos.leclercdrive.fr/image.ashx?id=2756152&use=l&cat=p&typeid=i","cat":289557},{"id":43417,"n":"IGP Pays d'Oc blanc Roche Mazet Chardonnay 12.5% vol - 75cl","p":3.67,"u":"4,89 €/L","img":"https://fd6-photos.leclercdrive.fr/image.ashx?id=2991945&use=l&cat=p&typeid=i","cat":289557},{"id":43419,"n":"IGP Pays d'oc rosé Roche Mazet Merlot 12% vol - 75 cl","p":3.27,"u":"4,36 €/L","img":"https://fd6-photos.leclercdrive.fr/image.ashx?id=2342045&use=l&cat=p&typeid=i","cat":289558},{"id":43509,"n":"Ktipiti Tables du Monde 200g","p":1.7,"u":"8,50 €/KG","img":"https://fd6-photos.leclercdrive.fr/image.ashx?id=2872448&use=l&cat=p&typeid=i","cat":315999},{"id":43602,"n":"Jus d'orange Jafaden Avec pulpe - 1.5L","p":3.39,"u":"2,26 €/L","img":"https://fd6-photos.leclercdrive.fr/image.ashx?id=2723144&use=l&cat=p&typeid=i","cat":285435},{"id":43604,"n":"Jus d'orange Jafaden Sans pulpe - 1.5L","p":3.13,"u":"2,09 €/L","img":"https://fd6-photos.leclercdrive.fr/image.ashx?id=2723147&use=l&cat=p&typeid=i","cat":285435},{"id":43605,"n":"Jus de clémentine Jafaden  1.5L","p":2.99,"u":"1,99 €/L","img":"https://fd6-photos.leclercdrive.fr/image.ashx?id=2723150&use=l&cat=p&typeid=i","cat":285435},{"id":43617,"n":"Poivre gris moulu Ducros Classique - 36g","p":1.42,"u":"39,44 €/KG","img":"https://fd6-photos.leclercdrive.fr/image.ashx?id=2559475&use=l&cat=p&typeid=i","cat":284457},{"id":43618,"n":"Flocons d'avoine Quaker Oats 550g","p":1.74,"u":"3,16 €/KG","img":"https://fd6-photos.leclercdrive.fr/image.ashx?id=2140656&use=l&cat=p&typeid=i","cat":309512},{"id":43619,"n":"AOC Blaye Côtes de Bordeaux vin rouge Chantet Blanet - 75cl","p":3.8,"u":"5,07 €/L","img":"https://fd6-photos.leclercdrive.fr/image.ashx?id=2727395&use=l&cat=p&typeid=i","cat":289556},{"id":43621,"n":"Liquide vaisselle Uni vert Ecologique PSS 500ml","p":1.15,"u":"2,30 €/L","img":"https://fd6-photos.leclercdrive.fr/image.ashx?id=2999508&use=l&cat=p&typeid=i","cat":284655},{"id":43623,"n":"AOC Bordeaux vin rouge Chantet Blanet - 37,5cl","p":1.99,"u":"5,31 €/L","img":"https://fd6-photos.leclercdrive.fr/image.ashx?id=2718611&use=l&cat=p&typeid=i","cat":289556},{"id":43669,"n":"AOC Puisseguin Saint-Émilion vin rouge Chantet Blanet - 75cl","p":6.49,"u":"8,65 €/L","img":"https://fd6-photos.leclercdrive.fr/image.ashx?id=2783431&use=l&cat=p&typeid=i","cat":289556},{"id":43670,"n":"AOC Juliénas vin rouge Antoine Barrier - 75cl","p":6.99,"u":"9,32 €/L","img":"https://fd6-photos.leclercdrive.fr/image.ashx?id=2723368&use=l&cat=p&typeid=i","cat":289556},{"id":43696,"n":"AOC Côtes du Marmandais vin rouge Terrasses d'Autan - 75cl","p":2.99,"u":"3,99 €/L","img":"https://fd6-photos.leclercdrive.fr/image.ashx?id=2982895&use=l&cat=p&typeid=i","cat":289556},{"id":43697,"n":"AOP Côtes de Bourg vin rouge Chantet Blanet - 75cl","p":3.89,"u":"5,19 €/L","img":"https://fd6-photos.leclercdrive.fr/image.ashx?id=2728255&use=l&cat=p&typeid=i","cat":289556},{"id":43707,"n":"Laque Ultra-Forte L'Oréal Paris Thermoprotecteur - 150ml","p":5.54,"u":"36,93 €/L","img":"https://fd6-photos.leclercdrive.fr/image.ashx?id=2582237&use=l&cat=p&typeid=i","cat":284609},{"id":43718,"n":"Croquettes chat Whiskas Stérilisé saumon - 1,75kg","p":5.22,"u":"2,98 €/KG","img":"https://fd6-photos.leclercdrive.fr/image.ashx?id=2915597&use=l&cat=p&typeid=i","cat":284680},{"id":43719,"n":"Croquettes chat Whiskas Stérilisé poulet - 1.75kg","p":5.49,"u":"3,14 €/KG","img":"https://fd6-photos.leclercdrive.fr/image.ashx?id=2952872&use=l&cat=p&typeid=i","cat":284680},{"id":43758,"n":"AOP Brouilly vin rouge Antoine Barrier - 75cl","p":6.79,"u":"9,05 €/L","img":"https://fd6-photos.leclercdrive.fr/image.ashx?id=2728258&use=l&cat=p&typeid=i","cat":289556},{"id":43760,"n":"Biscuits fourrés Prince Vanille - 300g","p":1.48,"u":"4,93 €/KG","img":"https://fd6-photos.leclercdrive.fr/image.ashx?id=2907695&use=l&cat=p&typeid=i","cat":284488},{"id":43770,"n":"Après-shampooing Vitanov Nutrition - 750ml","p":4.08,"u":"5,44 €/L","img":"https://fd6-photos.leclercdrive.fr/image.ashx?id=1923583&use=l&cat=p&typeid=i","cat":284607},{"id":43771,"n":"Spray démelant  200ml","p":2.55,"u":"12,75 €/L","img":"https://fd6-photos.leclercdrive.fr/image.ashx?id=2712986&use=l&cat=p&typeid=i","cat":284608},{"id":43778,"n":"Morceaux de thon Listao Eco+ 130g","p":0.99,"u":"7,62 €/KG","img":"https://fd6-photos.leclercdrive.fr/image.ashx?id=2610669&use=l&cat=p&typeid=i","cat":303867},{"id":43781,"n":"Céréales Extra Kellogg's Chocolat Noir Noisettes - 800g","p":4.86,"u":"6,08 €/KG","img":"https://fd6-photos.leclercdrive.fr/image.ashx?id=2775026&use=l&cat=p&typeid=i","cat":309512},{"id":43818,"n":"Pralines Raffaello Noix de coco amandes x30 - 300g","p":9.46,"u":"31,53 €/KG","img":"https://fd6-photos.leclercdrive.fr/image.ashx?id=2922197&use=l&cat=p&typeid=i","cat":327595},{"id":43844,"n":"Friandises chats Tous mes amis Sticks au Poulet - 3x5g - 15g","p":0.56,"u":"37,33 €/KG","img":"https://fd6-photos.leclercdrive.fr/image.ashx?id=2858986&use=l&cat=p&typeid=i","cat":285285},{"id":43845,"n":"Friandises chats Tous mes amis Sticks au Saumon  - 3x5g - 15g","p":0.56,"u":"37,33 €/KG","img":"https://fd6-photos.leclercdrive.fr/image.ashx?id=2858989&use=l&cat=p&typeid=i","cat":285285},{"id":43895,"n":"AOC Ventoux vin rosé Rives & Terrasses - 75cl","p":2.99,"u":"3,99 €/L","img":"https://fd6-photos.leclercdrive.fr/image.ashx?id=2869489&use=l&cat=p&typeid=i","cat":289558},{"id":43924,"n":"AOP Vin blanc italien  Prosecco Vilaveroni 75cl","p":7.29,"u":"9,72 €/L","img":"https://fd6-photos.leclercdrive.fr/image.ashx?id=2492351&use=l&cat=p&typeid=i","cat":289461},{"id":43930,"n":"Vin mousseux blanc Festillant Sans alcool - 75cl","p":3.8,"u":"5,07 €/L","img":"https://fd6-photos.leclercdrive.fr/image.ashx?id=2980899&use=l&cat=p&typeid=i","cat":289460},{"id":43931,"n":"Pétillant Festillant Mojito Sans alcool - 75cl","p":3.46,"u":"4,61 €/L","img":"https://fd6-photos.leclercdrive.fr/image.ashx?id=2910118&use=l&cat=p&typeid=i","cat":289460},{"id":43933,"n":"Vin pétillant d'Allemagne Festillant Sans alcool - 75cl","p":3.74,"u":"4,99 €/L","img":"https://fd6-photos.leclercdrive.fr/image.ashx?id=2910115&use=l&cat=p&typeid=i","cat":289460},{"id":43944,"n":"Champagne rosé G.H. Mumm Brut - 12%vol - 75cl","p":35.9,"pp":32.9,"u":"43,87 €/L","img":"https://fd6-photos.leclercdrive.fr/image.ashx?id=2998913&use=l&cat=p&typeid=i","cat":284542},{"id":43964,"n":"Mini bûches Eskiss Fruits - x6 - 333g","p":2.29,"u":"6,88 €/KG","img":"https://fd6-photos.leclercdrive.fr/image.ashx?id=2791317&use=l&cat=p&typeid=i","cat":284266},{"id":44039,"n":"Soufflés Grignot' Tokapi Barbecue - 90g","p":0.99,"u":"11,00 €/KG","img":"https://fd6-photos.leclercdrive.fr/image.ashx?id=2059486&use=l&cat=p&typeid=i","cat":284449},{"id":44040,"n":"Soufflé grignot' Tokapi  jambon fromage 90g","p":0.89,"u":"9,89 €/KG","img":"https://fd6-photos.leclercdrive.fr/image.ashx?id=803076&use=l&cat=p&typeid=i","cat":284449},{"id":44081,"n":"Eau aromatisée Volvic Juicy Fraise - 1,5L","p":1.34,"u":"0,89 €/L","img":"https://fd6-photos.leclercdrive.fr/image.ashx?id=2964664&use=l&cat=p&typeid=i","cat":284537},{"id":44082,"n":"Eau aromatisée Volvic juicy Fruits exotiques - 1,5L","p":1.4,"u":"0,93 €/L","img":"https://fd6-photos.leclercdrive.fr/image.ashx?id=2964667&use=l&cat=p&typeid=i","cat":284537},{"id":44083,"n":"Eau gazeuse  Badoit verte finement pétillante - 6x1l","p":3.53,"u":"0,59 €/L","img":"https://fd6-photos.leclercdrive.fr/image.ashx?id=2919259&use=l&cat=p&typeid=i","cat":284536},{"id":44085,"n":"Petit quatre quarts Bonne Maman x10 - 300g","p":3.06,"u":"10,20 €/KG","img":"https://fd6-photos.leclercdrive.fr/image.ashx?id=2936149&use=l&cat=p&typeid=i","cat":284492},{"id":44090,"n":"AOP Monbazillac vin blanc Moelleux Terrasses d'Autan-75cl","p":6.99,"u":"9,32 €/L","img":"https://fd6-photos.leclercdrive.fr/image.ashx?id=2756873&use=l&cat=p&typeid=i","cat":289557},{"id":44091,"n":"AOC Côtes du Rhône Villages vin rouge Rives & Terrasses - 75cl","p":3.89,"u":"5,19 €/L","img":"https://fd6-photos.leclercdrive.fr/image.ashx?id=2755064&use=l&cat=p&typeid=i","cat":289556},{"id":44094,"n":"Bière blonde Leffe 6,6% - 50cl canette","p":1.85,"u":"3,70 €/L","img":"https://fd6-photos.leclercdrive.fr/image.ashx?id=2948417&use=l&cat=p&typeid=i","cat":334853},{"id":44095,"n":"Bière blonde Leffe 6,6% - 75cl","p":2.44,"u":"3,25 €/L","img":"https://fd6-photos.leclercdrive.fr/image.ashx?id=1720789&use=l&cat=p&typeid=i","cat":334852},{"id":44096,"n":"Fond pour rotis 110g","p":2.15,"u":"19,55 €/KG","img":"https://fd6-photos.leclercdrive.fr/image.ashx?id=2970453&use=l&cat=p&typeid=i","cat":288379},{"id":44097,"n":"Quinoa 500g","p":3.05,"u":"6,10 €/KG","img":"https://fd6-photos.leclercdrive.fr/image.ashx?id=3012845&use=l&cat=p&typeid=i","cat":284429},{"id":44166,"n":"Vinaigre de Riz Tanoshi Flacon 150ml","p":3.58,"u":"23,87 €/L","img":"https://fd6-photos.leclercdrive.fr/image.ashx?id=2907982&use=l&cat=p&typeid=i","cat":288992},{"id":44168,"n":"Guacamole en pot 300g","p":1.75,"u":"5,83 €/KG","img":"https://fd6-photos.leclercdrive.fr/image.ashx?id=2466072&use=l&cat=p&typeid=i","cat":288993},{"id":44170,"n":"Assaisonnement pour Fajitas Mélange d'épices - 30g","p":1.06,"u":"35,33 €/KG","img":"https://fd6-photos.leclercdrive.fr/image.ashx?id=2477565&use=l&cat=p&typeid=i","cat":288993},{"id":44171,"n":"6 wraps de blé nature 370g","p":1.95,"u":"5,27 €/KG","img":"https://fd6-photos.leclercdrive.fr/image.ashx?id=2679741&use=l&cat=p&typeid=i","cat":288993},{"id":44172,"n":"Assaisonnement pour Guacamole Tables du monde - 20g","p":1.13,"u":"56,50 €/KG","img":"https://fd6-photos.leclercdrive.fr/image.ashx?id=2489125&use=l&cat=p&typeid=i","cat":288993},{"id":44173,"n":"Après-shampooing Nateis Cheveux colorés - 250ml","p":1.63,"u":"6,52 €/L","img":"https://fd6-photos.leclercdrive.fr/image.ashx?id=2626808&use=l&cat=p&typeid=i","cat":284607},{"id":44174,"n":"Après-shampooing doux Nateis Cheveux secs - 250ml","p":1.35,"u":"5,40 €/KG","img":"https://fd6-photos.leclercdrive.fr/image.ashx?id=2626811&use=l&cat=p&typeid=i","cat":284607},{"id":44175,"n":"Masque nourrisant Natéïs Cheuveux secs et frisés - 300ml","p":2.63,"u":"8,77 €/L","img":"https://fd6-photos.leclercdrive.fr/image.ashx?id=1875848&use=l&cat=p&typeid=i","cat":284608},{"id":44181,"n":"Poivrons grillés Florelli Antipasti - 280g","p":3.05,"u":"10,89 €/KG","img":"https://fd6-photos.leclercdrive.fr/image.ashx?id=2633091&use=l&cat=p&typeid=i","cat":289010},{"id":44183,"n":"Tortillas Old El Paso de blé nature x8 - 326g","p":2.65,"u":"8,13 €/KG","img":"https://fd6-photos.leclercdrive.fr/image.ashx?id=2737642&use=l&cat=p&typeid=i","cat":288993},{"id":44184,"n":"Kit fajitas Old El Paso Original doux - 500g","p":4.7,"u":"9,40 €/KG","img":"https://fd6-photos.leclercdrive.fr/image.ashx?id=2940576&use=l&cat=p&typeid=i","cat":288993},{"id":44195,"n":"Détachant avant lavage K2R  Action complète pistolet -750ml","p":3.16,"u":"4,21 €/L","img":"https://fd6-photos.leclercdrive.fr/image.ashx?id=2101180&use=l&cat=p&typeid=i","cat":284651},{"id":44198,"n":"Déodorant Carré Homme Vetiver Attirant - 100ml","p":1.12,"u":"11,20 €/L","img":"https://fd6-photos.leclercdrive.fr/image.ashx?id=2440751&use=l&cat=p&typeid=i","cat":284618},{"id":44273,"n":"Miettes de thon Petit Navire À l'huile d'olive - 160g","p":2.7,"u":"16,88 €/KG","img":"https://fd6-photos.leclercdrive.fr/image.ashx?id=2519642&use=l&cat=p&typeid=i","cat":303867},{"id":44278,"n":"Ravioli bolognaise Panzani - 400g","p":2.54,"u":"6,35 €/KG","img":"https://fd6-photos.leclercdrive.fr/image.ashx?id=2876059&use=l&cat=p&typeid=i","cat":284442},{"id":44279,"n":"Fromage apéritif Apericube Panier de campagne 24 cubes","p":2.47,"u":"19,76 €/KG","img":"https://fd6-photos.leclercdrive.fr/image.ashx?id=2882656&use=l&cat=p&typeid=i","cat":314027},{"id":44285,"n":"Thon cuisiné Saupiquet  sauce catalane 1/6 2x135g","p":2.32,"u":"8,59 €/KG","img":"https://fd6-photos.leclercdrive.fr/image.ashx?id=2731549&use=l&cat=p&typeid=i","cat":303867},{"id":44293,"n":"Emmental râpé  Entremont  français 160g","p":1.78,"u":"11,13 €/KG","img":"https://fd6-photos.leclercdrive.fr/image.ashx?id=2983153&use=l&cat=p&typeid=i","cat":314035},{"id":44298,"n":"L'Ortolan familial  Fromagerie Milleret-  330g","p":3.19,"u":"9,67 €/KG","img":"https://fd6-photos.leclercdrive.fr/image.ashx?id=2226400&use=l&cat=p&typeid=i","cat":314033},{"id":44299,"n":"Fromage à Tartiner Tartare  Ail et fines herbes - 250g","p":2.82,"u":"11,28 €/KG","img":"https://fd6-photos.leclercdrive.fr/image.ashx?id=2903170&use=l&cat=p&typeid=i","cat":314029},{"id":44300,"n":"Mini bûches de chèvre Soignon x6 - 150g","p":2.88,"u":"19,20 €/KG","img":"https://fd6-photos.leclercdrive.fr/image.ashx?id=2646560&use=l&cat=p&typeid=i","cat":314030},{"id":44302,"n":"Fromage Tranché Les Croisés au lait de vache 23%MG - 200g","p":1.99,"u":"9,95 €/KG","img":"https://fd6-photos.leclercdrive.fr/image.ashx?id=2302570&use=l&cat=p&typeid=i","cat":314026},{"id":44307,"n":"Fromage Tomme noire NRT IGP  des Pyrénées - 200g","p":2.45,"u":"12,25 €/KG","img":"https://fd6-photos.leclercdrive.fr/image.ashx?id=2849596&use=l&cat=p&typeid=i","cat":329184},{"id":44327,"n":"Vin Union Européenne rosé Le Tonnelier - BIB 5L","p":8.95,"u":"1,79 €/L","img":"https://fd6-photos.leclercdrive.fr/image.ashx?id=2107474&use=l&cat=p&typeid=i","cat":289560},{"id":44330,"n":"IGP Pays d'Oc blanc Roche Mazet Chardonnay 12% vol BIB 3L","p":13.37,"u":"4,46 €/L","img":"https://fd6-photos.leclercdrive.fr/image.ashx?id=2597130&use=l&cat=p&typeid=i","cat":289557},{"id":44336,"n":"Savon Noir liquide Briochin Ecocert - 1L","p":2.93,"u":"2,93 €/L","img":"https://fd6-photos.leclercdrive.fr/image.ashx?id=3011389&use=l&cat=p&typeid=i","cat":325365},{"id":44340,"n":"Cire cheveux Taft Effet mat tenue forte - 75ml","p":3.25,"u":"43,33 €/L","img":"https://fd6-photos.leclercdrive.fr/image.ashx?id=2410937&use=l&cat=p&typeid=i","cat":284609},{"id":44355,"n":"Sandwich Baguette Mega Viennois  Sodebo Poulet Œuf - 270g","p":1.65,"u":"6,11 €/KG","img":"https://fd6-photos.leclercdrive.fr/image.ashx?id=2732392&use=l&cat=p&typeid=i","cat":333658},{"id":44361,"n":"Chocolat Pâtissier Nestlé Dessert : Noir - 205g","p":2.99,"u":"14,59 €/KG","img":"https://fd6-photos.leclercdrive.fr/image.ashx?id=2938920&use=l&cat=p&typeid=i","cat":285562},{"id":44364,"n":"Bonbon Alpin Fresh Ricola Sans sucres - 50g","p":1.65,"u":"33,00 €/KG","img":"https://fd6-photos.leclercdrive.fr/image.ashx?id=2387831&use=l&cat=p&typeid=i","cat":304256},{"id":44368,"n":"Dentifrice mini voyage Dentamyl Haleine fraiche - 25ml","p":1.6,"u":"64,00 €/L","img":"https://fd6-photos.leclercdrive.fr/image.ashx?id=2658581&use=l&cat=p&typeid=i","cat":284612},{"id":44384,"n":"Saumon fumé Ronde des Mers MSC Alaska x2T - 60g","p":3.85,"u":"64,17 €/KG","img":"https://fd6-photos.leclercdrive.fr/image.ashx?id=2837698&use=l&cat=p&typeid=i","cat":285188},{"id":44423,"n":"IGP Côtes de Gascogne blanc Domus UBY 11,5% vol - 75cl","p":5.35,"u":"7,13 €/L","img":"https://fd6-photos.leclercdrive.fr/image.ashx?id=2108915&use=l&cat=p&typeid=i","cat":289557},{"id":44434,"n":"Nectar Bio Pressade Multifruits - 1,5L","p":2.4,"u":"1,60 €/L","img":"https://fd6-photos.leclercdrive.fr/image.ashx?id=2732533&use=l&cat=p&typeid=i","cat":284917},{"id":44437,"n":"AOC Buzet vin rouge Terrasses d'Autan - 75cl","p":3.99,"u":"5,32 €/L","img":"https://fd6-photos.leclercdrive.fr/image.ashx?id=3009791&use=l&cat=p&typeid=i","cat":289556},{"id":44445,"n":"Wraps Old El Paso de blé nature x6 - 350g","p":2.23,"u":"6,37 €/KG","img":"https://fd6-photos.leclercdrive.fr/image.ashx?id=2737645&use=l&cat=p&typeid=i","cat":288993},{"id":44567,"n":"Oeufs de Nos Régions Plein air Oméga 3 - x6","p":1.49,"u":"0,25 €/P","img":"https://fd6-photos.leclercdrive.fr/image.ashx?id=2969773&use=l&cat=p&typeid=i","cat":284378},{"id":44568,"n":"Oeufs frais De Nos Régions  Oméga 3 - Plein Air - x12","p":2.88,"u":"0,24 €/P","img":"https://fd6-photos.leclercdrive.fr/image.ashx?id=2969791&use=l&cat=p&typeid=i","cat":284378},{"id":44572,"n":"AOC Bordeaux Supérieur vin rouge Chantet Blanet - 75cl","p":3.49,"u":"4,65 €/L","img":"https://fd6-photos.leclercdrive.fr/image.ashx?id=2776570&use=l&cat=p&typeid=i","cat":289556},{"id":44578,"n":"Madeleines Saint Michel Pépites chocolat 400g","p":1.96,"u":"4,90 €/KG","img":"https://fd6-photos.leclercdrive.fr/image.ashx?id=2936200&use=l&cat=p&typeid=i","cat":284492},{"id":44656,"n":"Couette standard Tissaia  Chaude - 200x200cm","p":32.95,"u":"Dont 0,40 € d'éco-part.","img":"https://fd6-photos.leclercdrive.fr/image.ashx?id=2648445&use=l&cat=p&typeid=i","cat":288835},{"id":44657,"n":"Bière blonde Leffe Rituel 9% - 12x25cl","p":10.04,"u":"3,35 €/L","img":"https://fd6-photos.leclercdrive.fr/image.ashx?id=2548288&use=l&cat=p&typeid=i","cat":334852},{"id":44706,"n":"Palets bretons P'tit Déli 2x125g","p":1.82,"u":"7,28 €/KG","img":"https://fd6-photos.leclercdrive.fr/image.ashx?id=2820134&use=l&cat=p&typeid=i","cat":284487},{"id":44732,"n":"Brunoise Notre Jardin méditerranéens 600g","p":3.41,"u":"5,68 €/KG","img":"https://fd6-photos.leclercdrive.fr/image.ashx?id=2873150&use=l&cat=p&typeid=i","cat":319823},{"id":44738,"n":"Haricots verts Notre Jardin cuits 750g","p":1.55,"u":"2,07 €/KG","img":"https://fd6-photos.leclercdrive.fr/image.ashx?id=2900142&use=l&cat=p&typeid=i","cat":319805},{"id":44740,"n":"Frites allumettes Pom'lisse 2.5kg","p":4.55,"u":"1,82 €/KG","img":"https://fd6-photos.leclercdrive.fr/image.ashx?id=2699498&use=l&cat=p&typeid=i","cat":319791},{"id":44741,"n":"Riz sushi Table du monde 500g","p":1.19,"u":"2,38 €/KG","img":"https://fd6-photos.leclercdrive.fr/image.ashx?id=2679753&use=l&cat=p&typeid=i","cat":288992},{"id":44745,"n":"Mini boulettes au boeuf Férial  x50 - 750g","p":6.99,"u":"9,32 €/KG","img":"https://fd6-photos.leclercdrive.fr/image.ashx?id=2966511&use=l&cat=p&typeid=i","cat":319779},{"id":44746,"n":"Glace Mystère Extrême Vanille Meringue x4 308.6g","p":5.01,"u":"16,21 €/KG","img":"https://fd6-photos.leclercdrive.fr/image.ashx?id=2878375&use=l&cat=p&typeid=i","cat":284266},{"id":44748,"n":"Purée de carottes Notre Jardin potirons 750g","p":2.62,"u":"3,49 €/KG","img":"https://fd6-photos.leclercdrive.fr/image.ashx?id=2856190&use=l&cat=p&typeid=i","cat":319805},{"id":44758,"n":"Grattugiato 29% MG Les Croisés  100g","p":1.49,"u":"14,90 €/KG","img":"https://fd6-photos.leclercdrive.fr/image.ashx?id=2806859&use=l&cat=p&typeid=i","cat":314035},{"id":44767,"n":"Dés Gouda cumin Les Croisés 30%MG - 150g","p":1.94,"u":"12,93 €/KG","img":"https://fd6-photos.leclercdrive.fr/image.ashx?id=2532844&use=l&cat=p&typeid=i","cat":314027},{"id":44770,"n":"Steak haché Férial  5%mg x4 - 400g","p":6.99,"u":"17,48 €/KG","img":"https://fd6-photos.leclercdrive.fr/image.ashx?id=3004663&use=l&cat=p&typeid=i","cat":319778},{"id":44859,"n":"Olives Vertes -25% sel Tramier  Dénoyautées 160g","p":2.12,"u":"13,25 €/KG","img":"https://fd6-photos.leclercdrive.fr/image.ashx?id=2840823&use=l&cat=p&typeid=i","cat":284458},{"id":44861,"n":"Sauce pesto Tradizioni d'Italia A la génoise - 180g","p":1.79,"u":"9,94 €/KG","img":"https://fd6-photos.leclercdrive.fr/image.ashx?id=2840043&use=l&cat=p&typeid=i","cat":287599},{"id":44865,"n":"Dessert fruits mixés Sojasun Abricot / Goyave - 4x100g","p":1.62,"u":"4,05 €/KG","img":"https://fd6-photos.leclercdrive.fr/image.ashx?id=2355668&use=l&cat=p&typeid=i","cat":316071},{"id":44884,"n":"Soupe Mouliné Bio Village Bio - Légumes variés - 1L","p":1.97,"u":"1,97 €/L","img":"https://fd6-photos.leclercdrive.fr/image.ashx?id=2376115&use=l&cat=p&typeid=i","cat":284462},{"id":44885,"n":"Velouté de légumes Bio Village Bio - 1L","p":2.97,"u":"2,97 €/L","img":"https://fd6-photos.leclercdrive.fr/image.ashx?id=2339879&use=l&cat=p&typeid=i","cat":284462},{"id":44944,"n":"Oeufs de caille De Nos Régions x18","p":2.39,"u":"0,13 €/P","img":"https://fd6-photos.leclercdrive.fr/image.ashx?id=1070469&use=l&cat=p&typeid=i","cat":284378},{"id":44953,"n":"Pâtes Sans gluten Barilla Spaghetti - 400g","p":1.93,"u":"4,83 €/KG","img":"https://fd6-photos.leclercdrive.fr/image.ashx?id=2647639&use=l&cat=p&typeid=i","cat":284427},{"id":44954,"n":"Pâtes Sans gluten Barilla Penne Rigate - 400g","p":1.95,"u":"4,88 €/KG","img":"https://fd6-photos.leclercdrive.fr/image.ashx?id=2975461&use=l&cat=p&typeid=i","cat":284427},{"id":44959,"n":"Lingettes démaquillantes Inell Eau micellaire x25","p":2.6,"u":"0,10 €/P","img":"https://fd6-photos.leclercdrive.fr/image.ashx?id=2764392&use=l&cat=p&typeid=i","cat":284603},{"id":44963,"n":"Stick lèvres Inell Miss pink - 1 pièce","p":1.69,"img":"https://fd6-photos.leclercdrive.fr/image.ashx?id=2691673&use=l&cat=p&typeid=i","cat":285485},{"id":44964,"n":"Alèses absorbantes Chorys 60x90cm - x16","p":6.99,"u":"0,44 €/P","img":"https://fd6-photos.leclercdrive.fr/image.ashx?id=2860076&use=l&cat=p&typeid=i","cat":284628},{"id":44965,"n":"Lingettes Hygiène Adulte Chorys x64","p":4.57,"u":"0,07 €/P","img":"https://fd6-photos.leclercdrive.fr/image.ashx?id=2940911&use=l&cat=p&typeid=i","cat":284627},{"id":44967,"n":"Culottes bébé Mots d'Enfants  T5 : 12/18kg - x20 changes","p":5.12,"u":"0,26 €/P","img":"https://fd6-photos.leclercdrive.fr/image.ashx?id=2904580&use=l&cat=p&typeid=i","cat":290633},{"id":44968,"n":"Culottes bébé Mots d'Enfants  T6 : 16kg - x18 changes","p":5.09,"u":"0,28 €/P","img":"https://fd6-photos.leclercdrive.fr/image.ashx?id=2907201&use=l&cat=p&typeid=i","cat":290633},{"id":44976,"n":"Masque nourrisant Natéïs Cheveux secs ou abîmés - 300ml","p":2.63,"u":"8,77 €/L","img":"https://fd6-photos.leclercdrive.fr/image.ashx?id=2387340&use=l&cat=p&typeid=i","cat":284608},{"id":44977,"n":"Mousse nettoyante Inell Peaux sensibles 150ml","p":2.99,"u":"19,93 €/L","img":"https://fd6-photos.leclercdrive.fr/image.ashx?id=1993200&use=l&cat=p&typeid=i","cat":284603},{"id":44980,"n":"Gel lave-vaisselle Visior Classique x75 - 1,5L","p":4.75,"u":"3,17 €/L","img":"https://fd6-photos.leclercdrive.fr/image.ashx?id=2939061&use=l&cat=p&typeid=i","cat":284656},{"id":44982,"n":"Papier toilette Lotus Just.1 Rouleaux blancs - x6","p":3.78,"u":"0,63 €/P","img":"https://fd6-photos.leclercdrive.fr/image.ashx?id=2842915&use=l&cat=p&typeid=i","cat":284634},{"id":45002,"n":"Pain de mie Epi d'Or  Croque monsieur - 550g","p":1.45,"u":"2,64 €/KG","img":"https://fd6-photos.leclercdrive.fr/image.ashx?id=2860748&use=l&cat=p&typeid=i","cat":284477},{"id":45005,"n":"Fond de veau Rustica dégraissé 100g","p":2.18,"u":"21,80 €/KG","img":"https://fd6-photos.leclercdrive.fr/image.ashx?id=2979571&use=l&cat=p&typeid=i","cat":288379},{"id":45009,"n":"Cacahuètes grillées Tokapi salées 3x120g","p":1.49,"u":"4,14 €/KG","img":"https://fd6-photos.leclercdrive.fr/image.ashx?id=2799769&use=l&cat=p&typeid=i","cat":284448},{"id":45011,"n":"AOC Côtes de Beaune Vin rouge Antoine Barrier - 75cl","p":9.99,"u":"13,32 €/L","img":"https://fd6-photos.leclercdrive.fr/image.ashx?id=2922938&use=l&cat=p&typeid=i","cat":289556},{"id":45014,"n":"AOC Touraine vin rouge Les Caractères - 75cl","p":4.49,"u":"5,99 €/L","img":"https://fd6-photos.leclercdrive.fr/image.ashx?id=2623998&use=l&cat=p&typeid=i","cat":289556},{"id":45015,"n":"Biscuits P'tit Déli Pépites de chocolat 300g","p":2.49,"u":"8,30 €/KG","img":"https://fd6-photos.leclercdrive.fr/image.ashx?id=2390425&use=l&cat=p&typeid=i","cat":284487},{"id":45016,"n":"AOC Médoc vin rouge Chantet Blanet - 75cl","p":3.99,"u":"5,32 €/L","img":"https://fd6-photos.leclercdrive.fr/image.ashx?id=2614482&use=l&cat=p&typeid=i","cat":289556},{"id":45019,"n":"AOC Minervois vin rouge Prieur Barsanne - 75cl","p":2.99,"u":"3,99 €/L","img":"https://fd6-photos.leclercdrive.fr/image.ashx?id=2722817&use=l&cat=p&typeid=i","cat":289556},{"id":45020,"n":"AOC Fitou vin rouge Prieur Barsanne - 75cl","p":3.99,"u":"5,32 €/L","img":"https://fd6-photos.leclercdrive.fr/image.ashx?id=2954689&use=l&cat=p&typeid=i","cat":289556},{"id":45023,"n":"AOC Moulin-à-Vent vin rouge Antoine Barrier - 75cl","p":7.75,"u":"10,33 €/L","img":"https://fd6-photos.leclercdrive.fr/image.ashx?id=2741625&use=l&cat=p&typeid=i","cat":289556},{"id":45029,"n":"AOP Vin blanc Muscadet Sèvre & Maine sur Lie - 75cl","p":4.19,"u":"5,59 €/L","img":"https://fd6-photos.leclercdrive.fr/image.ashx?id=2750147&use=l&cat=p&typeid=i","cat":289557},{"id":45034,"n":"AOC Crozes-Hermitage vin rouge Rives & Terrasses - 75cl","p":9.99,"u":"13,32 €/L","img":"https://fd6-photos.leclercdrive.fr/image.ashx?id=2623437&use=l&cat=p&typeid=i","cat":289556},{"id":45035,"n":"AOP Alsace Riesling vin blanc Rebmann - 75 cl","p":4.85,"u":"6,47 €/L","img":"https://fd6-photos.leclercdrive.fr/image.ashx?id=2754213&use=l&cat=p&typeid=i","cat":289557},{"id":45036,"n":"AOC Alsace Riesling vin blanc Rebmann - 37,5 cl","p":3.25,"u":"8,67 €/L","img":"https://fd6-photos.leclercdrive.fr/image.ashx?id=2754216&use=l&cat=p&typeid=i","cat":289557},{"id":45038,"n":"AOP Côtes du Rhône vin rouge Grégoire XI - 75 cl","p":2.99,"u":"3,99 €/L","img":"https://fd6-photos.leclercdrive.fr/image.ashx?id=2709701&use=l&cat=p&typeid=i","cat":289556},{"id":45043,"n":"AOC Bordeaux fût de chêne vin rouge Chantet Blanet - 75cl","p":2.99,"u":"3,99 €/L","img":"https://fd6-photos.leclercdrive.fr/image.ashx?id=2816133&use=l&cat=p&typeid=i","cat":289556},{"id":45050,"n":"AOP Bourgogne Pinot noir vin rouge Antoine Barrier - 75cl","p":7.99,"u":"10,65 €/L","img":"https://fd6-photos.leclercdrive.fr/image.ashx?id=2694106&use=l&cat=p&typeid=i","cat":289556},{"id":45051,"n":"AOP Chablis vin blanc Antoine Barrier - 75cl","p":12.99,"u":"17,32 €/L","img":"https://fd6-photos.leclercdrive.fr/image.ashx?id=2741291&use=l&cat=p&typeid=i","cat":289557},{"id":45052,"n":"Velouté Régal Soupe Potiron Châtaigne - 1L","p":2.46,"u":"2,46 €/L","img":"https://fd6-photos.leclercdrive.fr/image.ashx?id=2607569&use=l&cat=p&typeid=i","cat":284462},{"id":45054,"n":"Soupe Velouté Régal Soupe  Tomate vermicelles 2x30cl","p":1.66,"u":"2,77 €/L","img":"https://fd6-photos.leclercdrive.fr/image.ashx?id=2607575&use=l&cat=p&typeid=i","cat":284462},{"id":45063,"n":"Biscuits sablés P'tit Déli Noix de coco - 120g","p":0.85,"u":"7,08 €/KG","img":"https://fd6-photos.leclercdrive.fr/image.ashx?id=2669750&use=l&cat=p&typeid=i","cat":284487},{"id":45065,"n":"Bretzels d'alsace NRT sachet 200g","p":0.75,"u":"3,75 €/KG","img":"https://fd6-photos.leclercdrive.fr/image.ashx?id=2638018&use=l&cat=p&typeid=i","cat":297000},{"id":45097,"n":"Panettone Tradizioni d'Italia 500g","p":5.49,"u":"10,98 €/KG","img":"https://fd6-photos.leclercdrive.fr/image.ashx?id=2743921&use=l&cat=p&typeid=i","cat":293600},{"id":45102,"n":"Culottes bébé Mots d'Enfants  T4 : 8/15kg - x22 changes","p":5.35,"u":"0,24 €/P","img":"https://fd6-photos.leclercdrive.fr/image.ashx?id=2907198&use=l&cat=p&typeid=i","cat":290633},{"id":45145,"n":"Crème amande cuisine  Bjorg  Bio - 200ml","p":1.84,"u":"9,20 €/L","img":"https://fd6-photos.leclercdrive.fr/image.ashx?id=2851770&use=l&cat=p&typeid=i","cat":288383},{"id":45148,"n":"Boisson végétale épeautre noisette Bjorg Bio - 1L","p":2.43,"u":"2,43 €/L","img":"https://fd6-photos.leclercdrive.fr/image.ashx?id=2960804&use=l&cat=p&typeid=i","cat":316067},{"id":45149,"n":"Boisson végétale lait d'amande  chocolat bjorg bio - 1l","p":2.55,"u":"2,55 €/L","img":"https://fd6-photos.leclercdrive.fr/image.ashx?id=2939412&use=l&cat=p&typeid=i","cat":316067},{"id":45150,"n":"Biscuits lunettes Bio Bjorg Fraise 200g","p":2.67,"u":"13,35 €/KG","img":"https://fd6-photos.leclercdrive.fr/image.ashx?id=2999976&use=l&cat=p&typeid=i","cat":284489},{"id":45167,"n":"Flocons avoine bio  Terres et Céréales - 500g","p":1.97,"u":"3,94 €/KG","img":"https://fd6-photos.leclercdrive.fr/image.ashx?id=2471907&use=l&cat=p&typeid=i","cat":309512},{"id":45171,"n":"Chocolat noir Bio Ethiquable   70% Pérou - 100g","p":2.78,"u":"27,80 €/KG","img":"https://fd6-photos.leclercdrive.fr/image.ashx?id=2870896&use=l&cat=p&typeid=i","cat":284956},{"id":45172,"n":"Chocolat noir Bio Ethiquable 72% Haïti - 100g","p":2.84,"u":"28,40 €/KG","img":"https://fd6-photos.leclercdrive.fr/image.ashx?id=2870914&use=l&cat=p&typeid=i","cat":284956},{"id":45194,"n":"Chocolat noir Bio Ethiquable  80% Equateur - 100g","p":2.76,"u":"27,60 €/KG","img":"https://fd6-photos.leclercdrive.fr/image.ashx?id=2870917&use=l&cat=p&typeid=i","cat":284956},{"id":45197,"n":"Quinoa boulghour  Céréal Bio  à l'Indienne bio -220g","p":2.46,"u":"11,18 €/KG","img":"https://fd6-photos.leclercdrive.fr/image.ashx?id=2574068&use=l&cat=p&typeid=i","cat":287600},{"id":45205,"n":"Biscuits fourrés Bio Bjorg  Chocolat lait noisette - 225g","p":3.85,"u":"17,11 €/KG","img":"https://fd6-photos.leclercdrive.fr/image.ashx?id=2970930&use=l&cat=p&typeid=i","cat":284488},{"id":45227,"n":"Biscuits fourrés Bio Bjorg Citron - 225g","p":3.83,"u":"17,02 €/KG","img":"https://fd6-photos.leclercdrive.fr/image.ashx?id=2861527&use=l&cat=p&typeid=i","cat":284489},{"id":45229,"n":"biscuits gaufres bio bjorg  Miel - 175g","p":2.14,"u":"12,23 €/KG","img":"https://fd6-photos.leclercdrive.fr/image.ashx?id=2915973&use=l&cat=p&typeid=i","cat":294777},{"id":45239,"n":"plat cuisiné lentilles bio carottes  bjorg 250g","p":1.95,"u":"7,80 €/KG","img":"https://fd6-photos.leclercdrive.fr/image.ashx?id=2861521&use=l&cat=p&typeid=i","cat":287600},{"id":45243,"n":"Lait de coco fluide Bio Bjorg 200ml","p":1.62,"u":"8,10 €/L","img":"https://fd6-photos.leclercdrive.fr/image.ashx?id=2752995&use=l&cat=p&typeid=i","cat":288992},{"id":45244,"n":"boisson végétale lait d'amande  bio bjorg 1l","p":2.3,"u":"2,30 €/L","img":"https://fd6-photos.leclercdrive.fr/image.ashx?id=2967067&use=l&cat=p&typeid=i","cat":316067},{"id":45245,"n":"Boisson végétale lait d'amande  vanille bjorg bio - 1l","p":2.54,"u":"2,54 €/L","img":"https://fd6-photos.leclercdrive.fr/image.ashx?id=2991978&use=l&cat=p&typeid=i","cat":316067},{"id":45276,"n":"Pain de mie La Boulangère  Céréales Bio - 500g","p":2.52,"u":"5,04 €/KG","img":"https://fd6-photos.leclercdrive.fr/image.ashx?id=2912398&use=l&cat=p&typeid=i","cat":284477},{"id":45278,"n":"Purée potimarron Céréal Bio  lentilles bio-250g","p":1.94,"u":"7,76 €/KG","img":"https://fd6-photos.leclercdrive.fr/image.ashx?id=2574074&use=l&cat=p&typeid=i","cat":287600},{"id":45319,"n":"Pineau blanc Charentes NRT  17% vol - 75cl","p":7.95,"u":"10,60 €/L","img":"https://fd6-photos.leclercdrive.fr/image.ashx?id=2679804&use=l&cat=p&typeid=i","cat":284913},{"id":45339,"n":"Tartine sarrasin Céréal Bio Bio - 145g","p":1.57,"u":"10,83 €/KG","img":"https://fd6-photos.leclercdrive.fr/image.ashx?id=2810792&use=l&cat=p&typeid=i","cat":284479},{"id":45340,"n":"Tartine  Céréal Bio  Bio multicéréales - 145g","p":1.48,"u":"10,21 €/KG","img":"https://fd6-photos.leclercdrive.fr/image.ashx?id=2810795&use=l&cat=p&typeid=i","cat":284479},{"id":45355,"n":"Thé vert Bio Clipper Au Citron - 20 sachets - 35g","p":2.23,"u":"63,71 €/KG","img":"https://fd6-photos.leclercdrive.fr/image.ashx?id=2922089&use=l&cat=p&typeid=i","cat":293233},{"id":45372,"n":"Tomates pelées Jardin Bio  Bio Entières au jus - 240g","p":1.28,"u":"5,33 €/KG","img":"https://fd6-photos.leclercdrive.fr/image.ashx?id=2967911&use=l&cat=p&typeid=i","cat":288384},{"id":45382,"n":"Déodorant Spray Femme Nivea Protect & Care - 200ml","p":2.93,"u":"14,65 €/L","img":"https://fd6-photos.leclercdrive.fr/image.ashx?id=2869188&use=l&cat=p&typeid=i","cat":284595},{"id":45415,"n":"Fromage Emmental Entremont Râpé  - 300g","p":3.25,"u":"10,83 €/KG","img":"https://fd6-photos.leclercdrive.fr/image.ashx?id=2983156&use=l&cat=p&typeid=i","cat":314035},{"id":45437,"n":"Bâtonnets Surimi grands Coraya x10 - 156g","p":2.58,"u":"16,54 €/KG","img":"https://fd6-photos.leclercdrive.fr/image.ashx?id=2762133&use=l&cat=p&typeid=i","cat":285189},{"id":45456,"n":"Chips Bio Village Bio Nature - 6x30g","p":2.99,"u":"16,61 €/KG","img":"https://fd6-photos.leclercdrive.fr/image.ashx?id=2838957&use=l&cat=p&typeid=i","cat":284447},{"id":45457,"n":"Mogette sèche IGP NRT De Vendée - 500g","p":3.09,"u":"6,18 €/KG","img":"https://fd6-photos.leclercdrive.fr/image.ashx?id=2771411&use=l&cat=p&typeid=i","cat":284430},{"id":45478,"n":"Nettoyant lave-vaisselle Visior 3x40g","p":2.9,"u":"24,17 €/KG","img":"https://fd6-photos.leclercdrive.fr/image.ashx?id=2742694&use=l&cat=p&typeid=i","cat":284657},{"id":45479,"n":"Nettoyant Dentamyl Appareils dentaires x36","p":2.0,"img":"https://fd6-photos.leclercdrive.fr/image.ashx?id=2486799&use=l&cat=p&typeid=i","cat":285158},{"id":45480,"n":"Nettoyant menthe Dentamyl Appareils dentaires x36","p":2.19,"img":"https://fd6-photos.leclercdrive.fr/image.ashx?id=2486802&use=l&cat=p&typeid=i","cat":285158},{"id":45483,"n":"Pastilles javel Clair Parfum Menthe x42 - 168g","p":1.44,"u":"8,57 €/KG","img":"https://fd6-photos.leclercdrive.fr/image.ashx?id=2631447&use=l&cat=p&typeid=i","cat":284661},{"id":45498,"n":"Sacs poubelle 30L Elembal Ultra resist - x20","p":3.25,"u":"0,16 €/P","img":"https://fd6-photos.leclercdrive.fr/image.ashx?id=2793215&use=l&cat=p&typeid=i","cat":285168},{"id":45499,"n":"Sacs poubelle 50L Elembal Ultra résist - x15","p":3.9,"u":"0,26 €/P","img":"https://fd6-photos.leclercdrive.fr/image.ashx?id=2958732&use=l&cat=p&typeid=i","cat":285168},{"id":45500,"n":"Sacs poubelle 100L Elembal Ultra résist - x10","p":3.73,"u":"0,37 €/P","img":"https://fd6-photos.leclercdrive.fr/image.ashx?id=2958735&use=l&cat=p&typeid=i","cat":285168},{"id":45536,"n":"Taboulé Bonduelle Poulet - 300g","p":1.96,"u":"6,53 €/KG","img":"https://fd6-photos.leclercdrive.fr/image.ashx?id=2907902&use=l&cat=p&typeid=i","cat":333657},{"id":45540,"n":"Pizza l'Ovale Sodebo Jambon et fromages - 200g","p":1.43,"u":"7,15 €/KG","img":"https://fd6-photos.leclercdrive.fr/image.ashx?id=2407211&use=l&cat=p&typeid=i","cat":333679},{"id":45541,"n":"Pizza l'Ovale Sodebo 3 fromages fondants - 200g","p":1.43,"u":"7,15 €/KG","img":"https://fd6-photos.leclercdrive.fr/image.ashx?id=2723644&use=l&cat=p&typeid=i","cat":333679},{"id":45576,"n":"Fromage raclette Les Croisés  Nature et fumé 400g","p":5.34,"u":"13,35 €/KG","img":"https://fd6-photos.leclercdrive.fr/image.ashx?id=2793233&use=l&cat=p&typeid=i","cat":314037},{"id":45642,"n":"Ratatouille Cuisinée Cassegrain à la Provençale 185g","p":1.81,"u":"9,78 €/KG","img":"https://fd6-photos.leclercdrive.fr/image.ashx?id=2913007&use=l&cat=p&typeid=i","cat":312612},{"id":45671,"n":"Chips Bret's Chèvre/piment d'espelette -125g","p":1.22,"u":"9,76 €/KG","img":"https://fd6-photos.leclercdrive.fr/image.ashx?id=1941593&use=l&cat=p&typeid=i","cat":284447},{"id":45708,"n":"Yaourt à boire Mini Yop Aromatisé Fraise - 8x100g","p":2.28,"u":"2,85 €/KG","img":"https://fd6-photos.leclercdrive.fr/image.ashx?id=2985159&use=l&cat=p&typeid=i","cat":284415},{"id":45710,"n":"Fromage Burger cheddar/emmental Président - 20 tranches - 340g","p":2.62,"u":"7,71 €/KG","img":"https://fd6-photos.leclercdrive.fr/image.ashx?id=2628239&use=l&cat=p&typeid=i","cat":314028},{"id":45711,"n":"Fromage Croque emmental Président - 20 tranches - 340g","p":2.91,"u":"8,56 €/KG","img":"https://fd6-photos.leclercdrive.fr/image.ashx?id=2838163&use=l&cat=p&typeid=i","cat":314028},{"id":45715,"n":"Mimolette Isigny Ste Mère Demi-vieille - 210g","p":3.29,"u":"15,67 €/KG","img":"https://fd6-photos.leclercdrive.fr/image.ashx?id=1745234&use=l&cat=p&typeid=i","cat":314034},{"id":45813,"n":"Cire divine Nair Monoï - 400g","p":7.74,"u":"19,35 €/KG","img":"https://fd6-photos.leclercdrive.fr/image.ashx?id=2903239&use=l&cat=p&typeid=i","cat":325351},{"id":45825,"n":"Brosse à dents pro Dentamyl Souple x2","p":0.72,"u":"0,36 €/P","img":"https://fd6-photos.leclercdrive.fr/image.ashx?id=2790979&use=l&cat=p&typeid=i","cat":284614},{"id":45826,"n":"Brosse à dents pro Dentamyl Médium x2","p":0.65,"u":"0,33 €/P","img":"https://fd6-photos.leclercdrive.fr/image.ashx?id=2790982&use=l&cat=p&typeid=i","cat":284614},{"id":45855,"n":"Whisky Clan Campbell Blended Scotch 40% vol - 1,5L","p":28.64,"u":"19,09 €/L","img":"https://fd6-photos.leclercdrive.fr/image.ashx?id=2868362&use=l&cat=p&typeid=i","cat":284547},{"id":45869,"n":"Crème dessert Mont Blanc Coupelles Praliné - 4x125g","p":3.26,"u":"6,52 €/KG","img":"https://fd6-photos.leclercdrive.fr/image.ashx?id=2951890&use=l&cat=p&typeid=i","cat":284506},{"id":45870,"n":"Vinaigre ménager Clair 100% naturel - 1L","p":1.08,"u":"1,08 €/L","img":"https://fd6-photos.leclercdrive.fr/image.ashx?id=2779199&use=l&cat=p&typeid=i","cat":325365},{"id":45908,"n":"Biscuits fourrés Prince Chocolat - 3x300g","p":3.55,"u":"3,94 €/KG","img":"https://fd6-photos.leclercdrive.fr/image.ashx?id=3014641&use=l&cat=p&typeid=i","cat":284488},{"id":45923,"n":"Pur jus d'orange Bio Village Bio avec pulpe - 1L","p":3.11,"u":"3,11 €/L","img":"https://fd6-photos.leclercdrive.fr/image.ashx?id=2901542&use=l&cat=p&typeid=i","cat":284521},{"id":45965,"n":"Saucisses Knacki Herta Poulet x6 - 210g","p":1.71,"u":"8,14 €/KG","img":"https://fd6-photos.leclercdrive.fr/image.ashx?id=2290428&use=l&cat=p&typeid=i","cat":316012},{"id":45999,"n":"Jus innocent  pomme 1.35L","p":2.95,"u":"2,19 €/L","img":"https://fd6-photos.leclercdrive.fr/image.ashx?id=2891217&use=l&cat=p&typeid=i","cat":284354},{"id":46000,"n":"Jus innocent  orange avec pulpe 1.35L","p":2.95,"u":"2,19 €/L","img":"https://fd6-photos.leclercdrive.fr/image.ashx?id=2888527&use=l&cat=p&typeid=i","cat":285435},{"id":46001,"n":"Jus innocent  orange sans pulpe 1.35L","p":3.59,"u":"2,66 €/L","img":"https://fd6-photos.leclercdrive.fr/image.ashx?id=2891238&use=l&cat=p&typeid=i","cat":285435},{"id":46006,"n":"AOP Jurançon vin blanc Moelleux Terrasses d'Autan-75cl","p":6.99,"u":"9,32 €/L","img":"https://fd6-photos.leclercdrive.fr/image.ashx?id=2774859&use=l&cat=p&typeid=i","cat":289557},{"id":46016,"n":"Chocolat Pâtissier Tablette dOr Chocolat Noir - 3x200g","p":5.35,"u":"8,92 €/KG","img":"https://fd6-photos.leclercdrive.fr/image.ashx?id=2958519&use=l&cat=p&typeid=i","cat":285562},{"id":46028,"n":"IGP Pays d'Oc Rosé Grenache Cinsault JP Chenet 12.5% BIB 3L","p":10.62,"u":"3,54 €/L","img":"https://fd6-photos.leclercdrive.fr/image.ashx?id=2941715&use=l&cat=p&typeid=i","cat":289560},{"id":46037,"n":"Biscottes Toast Pelletier  Goût brioché - 150g","p":1.45,"u":"9,67 €/KG","img":"https://fd6-photos.leclercdrive.fr/image.ashx?id=1888023&use=l&cat=p&typeid=i","cat":284479},{"id":46039,"n":"Oeufs plein air Matines Moyen - x12","p":3.31,"u":"0,28 €/P","img":"https://fd6-photos.leclercdrive.fr/image.ashx?id=2795746&use=l&cat=p&typeid=i","cat":284378},{"id":46045,"n":"biscuits fourrés bio   bjorg myrtille - 175g","p":2.69,"u":"15,37 €/KG","img":"https://fd6-photos.leclercdrive.fr/image.ashx?id=2979734&use=l&cat=p&typeid=i","cat":284489},{"id":46047,"n":"Sirop d'érable  250g","p":3.31,"u":"13,24 €/KG","img":"https://fd6-photos.leclercdrive.fr/image.ashx?id=2480298&use=l&cat=p&typeid=i","cat":287643},{"id":46049,"n":"Pulpe de tomate Jardin Bio Bio - 500g","p":2.18,"u":"4,36 €/L","img":"https://fd6-photos.leclercdrive.fr/image.ashx?id=2535031&use=l&cat=p&typeid=i","cat":288384},{"id":46051,"n":"Menus chat Tous mes amis Viande menus gourmands 24x100g","p":6.95,"u":"2,90 €/KG","img":"https://fd6-photos.leclercdrive.fr/image.ashx?id=2027607&use=l&cat=p&typeid=i","cat":285286},{"id":46052,"n":"Gelée pour chat Tous mes amis Poisson menus gourmands 24x100g","p":6.95,"u":"2,90 €/KG","img":"https://fd6-photos.leclercdrive.fr/image.ashx?id=2027604&use=l&cat=p&typeid=i","cat":285286},{"id":46160,"n":"Bière blanche Hoegaarden 4,9% - 12x25cl","p":8.49,"u":"2,83 €/L","img":"https://fd6-photos.leclercdrive.fr/image.ashx?id=2948420&use=l&cat=p&typeid=i","cat":334878},{"id":46166,"n":"Crackers bio Bio Village 3 graines - 200g","p":2.69,"u":"13,45 €/KG","img":"https://fd6-photos.leclercdrive.fr/image.ashx?id=2310504&use=l&cat=p&typeid=i","cat":297000},{"id":46224,"n":"Friandises chien Pedigree Récompense bœuf fromage - 140g","p":1.83,"u":"13,07 €/KG","img":"https://fd6-photos.leclercdrive.fr/image.ashx?id=2256203&use=l&cat=p&typeid=i","cat":294527},{"id":46381,"n":"Fromage Emmenta Les Croisés En dés - 150g","p":1.89,"u":"12,60 €/KG","img":"https://fd6-photos.leclercdrive.fr/image.ashx?id=2422550&use=l&cat=p&typeid=i","cat":314027},{"id":46433,"n":"Poivrons Tradizioni D'italia  Grillés/huile d'olive - 280g","p":3.49,"u":"12,46 €/KG","img":"https://fd6-photos.leclercdrive.fr/image.ashx?id=2840046&use=l&cat=p&typeid=i","cat":312608},{"id":46455,"n":"Chips Bret's Nature lisse - 500g","p":4.03,"u":"8,06 €/KG","img":"https://fd6-photos.leclercdrive.fr/image.ashx?id=2282625&use=l&cat=p&typeid=i","cat":284447},{"id":46462,"n":"Mini coudes Turini 500g","p":0.99,"u":"1,98 €/KG","img":"https://fd6-photos.leclercdrive.fr/image.ashx?id=2607566&use=l&cat=p&typeid=i","cat":284427},{"id":46470,"n":"IGP Penne rigate Garofalo  - 500g","p":1.67,"u":"3,34 €/KG","img":"https://fd6-photos.leclercdrive.fr/image.ashx?id=3011893&use=l&cat=p&typeid=i","cat":284427},{"id":46471,"n":"IGP Pâte Garofalo  Linguine - 500g","p":1.84,"u":"3,68 €/KG","img":"https://fd6-photos.leclercdrive.fr/image.ashx?id=3005347&use=l&cat=p&typeid=i","cat":284427},{"id":46472,"n":"Pandoro Tradizioni D'italia 500g","p":5.99,"u":"11,98 €/KG","img":"https://fd6-photos.leclercdrive.fr/image.ashx?id=2743924&use=l&cat=p&typeid=i","cat":293600},{"id":46473,"n":"Rhum blanc Trois Rivières 40% vol - 70cl","p":12.66,"u":"18,09 €/L","img":"https://fd6-photos.leclercdrive.fr/image.ashx?id=2766334&use=l&cat=p&typeid=i","cat":284550},{"id":46525,"n":"Brosse à dents pro Dentamyl Souple x1","p":1.32,"img":"https://fd6-photos.leclercdrive.fr/image.ashx?id=2790985&use=l&cat=p&typeid=i","cat":284614},{"id":46528,"n":"Fil dentaire  menthe Dentamyl Ultra résistant  archet  - x50","p":2.06,"img":"https://fd6-photos.leclercdrive.fr/image.ashx?id=2440721&use=l&cat=p&typeid=i","cat":285159},{"id":46540,"n":"Croquette chat stérilisé Ultima Poulet - Sénior +10 ans - 1.5kg","p":7.22,"u":"4,81 €/KG","img":"https://fd6-photos.leclercdrive.fr/image.ashx?id=2922227&use=l&cat=p&typeid=i","cat":284680},{"id":46541,"n":"Croquette chat stérilisé Ultima Chat d'intérieur - Dinde -1.5kg","p":7.26,"u":"4,84 €/KG","img":"https://fd6-photos.leclercdrive.fr/image.ashx?id=2927009&use=l&cat=p&typeid=i","cat":284680},{"id":46545,"n":"Croquettes chiens adulte Ultima Medium/maxi - poulet - 2kg","p":6.64,"u":"3,32 €/KG","img":"https://fd6-photos.leclercdrive.fr/image.ashx?id=2902181&use=l&cat=p&typeid=i","cat":284672},{"id":46547,"n":"Croquette chat stérilisé Ultima  Truite - Sensible - 1.5kg","p":7.16,"u":"4,77 €/KG","img":"https://fd6-photos.leclercdrive.fr/image.ashx?id=2937436&use=l&cat=p&typeid=i","cat":284680},{"id":46654,"n":"Bière blonde La Chouffe 33cl","p":2.38,"u":"7,21 €/L","img":"https://fd6-photos.leclercdrive.fr/image.ashx?id=2877073&use=l&cat=p&typeid=i","cat":334872},{"id":46667,"n":"Monster Munch Salé - 135g","p":1.37,"u":"10,15 €/KG","img":"https://fd6-photos.leclercdrive.fr/image.ashx?id=2996935&use=l&cat=p&typeid=i","cat":284449},{"id":46703,"n":"Spray désodorisant Airwick  Pure Douceur de Coton - 250ml","p":2.85,"u":"11,40 €/L","img":"https://fd6-photos.leclercdrive.fr/image.ashx?id=2858600&use=l&cat=p&typeid=i","cat":311626},{"id":46981,"n":"Petit cake Bonne Maman Aux fruits - 300g","p":3.28,"u":"10,93 €/KG","img":"https://fd6-photos.leclercdrive.fr/image.ashx?id=2936173&use=l&cat=p&typeid=i","cat":284493},{"id":46982,"n":"Cookies gros éclats Granola Chocolat - 276g","p":2.5,"u":"9,06 €/KG","img":"https://fd6-photos.leclercdrive.fr/image.ashx?id=3005335&use=l&cat=p&typeid=i","cat":325066},{"id":46984,"n":"Café et Chicorée Soluble Ricoré  Original Recharge - 180g","p":3.73,"u":"20,72 €/KG","img":"https://fd6-photos.leclercdrive.fr/image.ashx?id=2980112&use=l&cat=p&typeid=i","cat":284843},{"id":47034,"n":"Litière chats Tranquille Cristale - 4L","p":6.31,"u":"1,58 €/L","img":"https://fd6-photos.leclercdrive.fr/image.ashx?id=2092256&use=l&cat=p&typeid=i","cat":284683},{"id":47038,"n":"Beurre de cacahuètes Ethiquable  Nicaragua - 350g","p":3.86,"u":"11,03 €/KG","img":"https://fd6-photos.leclercdrive.fr/image.ashx?id=2873396&use=l&cat=p&typeid=i","cat":284481},{"id":47080,"n":"Cordons Bleu poulet Le Gaulois 400g","p":4.04,"u":"10,10 €/KG","img":"https://fd6-photos.leclercdrive.fr/image.ashx?id=2860232&use=l&cat=p&typeid=i","cat":333683},{"id":47083,"n":"Croq Extra Fromage Le Gaulois x2 - 200g","p":2.61,"u":"13,05 €/KG","img":"https://fd6-photos.leclercdrive.fr/image.ashx?id=2342845&use=l&cat=p&typeid=i","cat":333683},{"id":47127,"n":"Bière Red Desperados 5.9%vol. - 6x33cl","p":8.8,"u":"4,44 €/L","img":"https://fd6-photos.leclercdrive.fr/image.ashx?id=2766229&use=l&cat=p&typeid=i","cat":334878},{"id":47128,"n":"Vin Union Européenne rouge Le Tonnelier - BIB 5L","p":8.95,"u":"1,79 €/L","img":"https://fd6-photos.leclercdrive.fr/image.ashx?id=2107468&use=l&cat=p&typeid=i","cat":289560},{"id":47169,"n":"Sacs poubelle 10L Elembal Salle de bain - x20","p":0.8,"u":"0,04 €/P","img":"https://fd6-photos.leclercdrive.fr/image.ashx?id=2793239&use=l&cat=p&typeid=i","cat":285168},{"id":47171,"n":"Papier toilette Eco+ x4","p":1.33,"u":"0,33 €/P","img":"https://fd6-photos.leclercdrive.fr/image.ashx?id=2783337&use=l&cat=p&typeid=i","cat":284634},{"id":47176,"n":"Déodorant Spray Femme Nivea Black&White Original - 200ml","p":2.87,"u":"14,35 €/L","img":"https://fd6-photos.leclercdrive.fr/image.ashx?id=2980031&use=l&cat=p&typeid=i","cat":284595},{"id":47180,"n":"Gel douche enfant Tahiti Fruits exotiques - 300ml","p":2.09,"u":"6,97 €/L","img":"https://fd6-photos.leclercdrive.fr/image.ashx?id=2687332&use=l&cat=p&typeid=i","cat":284594},{"id":47181,"n":"Essuie-tout compact 3=9 Eco+ x3","p":2.27,"u":"0,76 €/P","img":"https://fd6-photos.leclercdrive.fr/image.ashx?id=2726688&use=l&cat=p&typeid=i","cat":284635},{"id":47254,"n":"Pâtes Coudes Rayés Turini 1kg","p":1.75,"u":"1,75 €/KG","img":"https://fd6-photos.leclercdrive.fr/image.ashx?id=2980812&use=l&cat=p&typeid=i","cat":284427},{"id":47255,"n":"Pâtes linguine Turini  500g","p":0.93,"u":"1,86 €/KG","img":"https://fd6-photos.leclercdrive.fr/image.ashx?id=2607554&use=l&cat=p&typeid=i","cat":284427},{"id":47256,"n":"Pâtes Farfalles Turini  1kg","p":1.2,"u":"1,20 €/KG","img":"https://fd6-photos.leclercdrive.fr/image.ashx?id=2665574&use=l&cat=p&typeid=i","cat":284427},{"id":47257,"n":"Pâtes Spaghettoni Turini  500g","p":0.84,"u":"1,68 €/KG","img":"https://fd6-photos.leclercdrive.fr/image.ashx?id=2607557&use=l&cat=p&typeid=i","cat":284427},{"id":47258,"n":"Pâtes coquillettes Turini Blé complet  - 500g","p":1.1,"u":"2,20 €/KG","img":"https://fd6-photos.leclercdrive.fr/image.ashx?id=2607563&use=l&cat=p&typeid=i","cat":284427},{"id":47259,"n":"Pistaches Tokapi  Grillées à sec - 75g","p":1.65,"u":"22,00 €/KG","img":"https://fd6-photos.leclercdrive.fr/image.ashx?id=2795571&use=l&cat=p&typeid=i","cat":284448},{"id":47281,"n":"Piles rechargeables Energizer Power plus AAA/LR3 - x4 piles","p":15.19,"u":"3,80 €/P","img":"https://fd6-photos.leclercdrive.fr/image.ashx?id=2748629&use=l&cat=p&typeid=i","cat":300572},{"id":47290,"n":"Piles Energizer lr44/A76 - x4","p":5.2,"img":"https://fd6-photos.leclercdrive.fr/image.ashx?id=2024972&use=l&cat=p&typeid=i","cat":300572},{"id":47359,"n":"Sandwich Mega Club Sodebo  Pain Complet Poulet Mayo - 230g","p":1.82,"u":"7,91 €/KG","img":"https://fd6-photos.leclercdrive.fr/image.ashx?id=2960156&use=l&cat=p&typeid=i","cat":333658},{"id":47360,"n":"Fromage à tartiner Madame Loïk Fouetté Ail Fines Herbes - 150g","p":1.79,"u":"11,93 €/KG","img":"https://fd6-photos.leclercdrive.fr/image.ashx?id=2948021&use=l&cat=p&typeid=i","cat":314029},{"id":47361,"n":"Bûche de chèvre Président 250g","p":2.9,"u":"11,60 €/KG","img":"https://fd6-photos.leclercdrive.fr/image.ashx?id=2446647&use=l&cat=p&typeid=i","cat":314031},{"id":47381,"n":"Vin Union européenne blanc Lichette 11° - 75 cl","p":2.7,"u":"3,60 €/L","img":"https://fd6-photos.leclercdrive.fr/image.ashx?id=2943855&use=l&cat=p&typeid=i","cat":289557},{"id":47389,"n":"AOP Bordeaux rouge Bio Nos racines - 75cl","p":5.95,"u":"7,93 €/L","img":"https://fd6-photos.leclercdrive.fr/image.ashx?id=2544452&use=l&cat=p&typeid=i","cat":289556},{"id":47483,"n":"Champagne Rothschild Brut millésimé - 75cl","p":25.54,"u":"34,05 €/L","img":"https://fd6-photos.leclercdrive.fr/image.ashx?id=2819328&use=l&cat=p&typeid=i","cat":284542},{"id":47528,"n":"Vin mousseux J.P Chenet Blanc 11%vol - 75cl","p":5.13,"u":"6,84 €/L","img":"https://fd6-photos.leclercdrive.fr/image.ashx?id=2794469&use=l&cat=p&typeid=i","cat":284544},{"id":47529,"n":"Vin mousseux de France Rosé J.P Chenet 11%vol - 75cl","p":5.27,"u":"7,03 €/L","img":"https://fd6-photos.leclercdrive.fr/image.ashx?id=2794472&use=l&cat=p&typeid=i","cat":284544},{"id":47542,"n":"Starmint Haribo Sachet bonbons menthe - 200g","p":1.49,"u":"7,45 €/KG","img":"https://fd6-photos.leclercdrive.fr/image.ashx?id=2984889&use=l&cat=p&typeid=i","cat":304252},{"id":47563,"n":"Macédoine de Légumes Bonduelle 265g","p":0.95,"u":"3,58 €/KG","img":"https://fd6-photos.leclercdrive.fr/image.ashx?id=2910007&use=l&cat=p&typeid=i","cat":312612},{"id":47567,"n":"Rhum blanc Clément  Martinique, agricole - 70cl","p":11.9,"pp":10.71,"u":"15,30 €/L","img":"https://fd6-photos.leclercdrive.fr/image.ashx?id=1973141&use=l&cat=p&typeid=i","cat":284550},{"id":47592,"n":"Crêpe fourrée Whaou Cracky choco x8 - 256g","p":2.36,"u":"9,22 €/KG","img":"https://fd6-photos.leclercdrive.fr/image.ashx?id=2971029&use=l&cat=p&typeid=i","cat":284494},{"id":47593,"n":"Yaourts Mamie Nova Chocolat - 2x150g","p":1.28,"u":"4,27 €/KG","img":"https://fd6-photos.leclercdrive.fr/image.ashx?id=2909029&use=l&cat=p&typeid=i","cat":285041},{"id":47594,"n":"Yaourts Mamie Nova  Café - 2x150g","p":1.31,"u":"4,37 €/KG","img":"https://fd6-photos.leclercdrive.fr/image.ashx?id=2909035&use=l&cat=p&typeid=i","cat":285041},{"id":47646,"n":"Pâtes Macaroni Panzani  3 Minutes - 500G","p":1.29,"u":"2,58 €/KG","img":"https://fd6-photos.leclercdrive.fr/image.ashx?id=2896081&use=l&cat=p&typeid=i","cat":284427},{"id":47667,"n":"Pâtes Penne Rigate Panzani 3 Minutes - 500G","p":1.29,"u":"2,58 €/KG","img":"https://fd6-photos.leclercdrive.fr/image.ashx?id=2896087&use=l&cat=p&typeid=i","cat":284427},{"id":47668,"n":"Pâtes Spaghetti Panzani Prêt en 3 min - 1kg","p":2.27,"u":"2,27 €/KG","img":"https://fd6-photos.leclercdrive.fr/image.ashx?id=2896102&use=l&cat=p&typeid=i","cat":284427},{"id":47675,"n":"Sardines Connétable Piment - 140g","p":1.64,"u":"11,71 €/KG","img":"https://fd6-photos.leclercdrive.fr/image.ashx?id=2807573&use=l&cat=p&typeid=i","cat":305146},{"id":47681,"n":"Sauce pizza Turini aux tomates et origan - 390g","p":0.99,"u":"2,54 €/KG","img":"https://fd6-photos.leclercdrive.fr/image.ashx?id=2412025&use=l&cat=p&typeid=i","cat":288384},{"id":47686,"n":"Fromage Spécialité Babybel Maxi - 200g","p":2.18,"u":"10,90 €/KG","img":"https://fd6-photos.leclercdrive.fr/image.ashx?id=2806913&use=l&cat=p&typeid=i","cat":314030},{"id":47687,"n":"IGP Sables de Camargue rosé Bio Les Embruns 12% vol - 75cl","p":5.82,"u":"7,76 €/L","img":"https://fd6-photos.leclercdrive.fr/image.ashx?id=2260698&use=l&cat=p&typeid=i","cat":289558},{"id":47693,"n":"AOP Saint-Émilion vin rouge Chantet Blanet - 75cl","p":8.95,"u":"11,93 €/L","img":"https://fd6-photos.leclercdrive.fr/image.ashx?id=2462900&use=l&cat=p&typeid=i","cat":289556},{"id":47694,"n":"AOC Sauternes vin blanc Chantet Blanet - 75cl","p":12.99,"u":"17,32 €/L","img":"https://fd6-photos.leclercdrive.fr/image.ashx?id=2748055&use=l&cat=p&typeid=i","cat":289557},{"id":47698,"n":"AOC Madiran vin rouge  Terrasses d'Autan - 75cl","p":4.49,"u":"5,99 €/L","img":"https://fd6-photos.leclercdrive.fr/image.ashx?id=2800270&use=l&cat=p&typeid=i","cat":289556},{"id":47702,"n":"Sirop La Maison Guiot Violette - 70cl","p":2.2,"u":"3,14 €/L","img":"https://fd6-photos.leclercdrive.fr/image.ashx?id=2014832&use=l&cat=p&typeid=i","cat":295020},{"id":47718,"n":"Boisson gourmande PAGO Cocktail Tropical Vitaminé - 75cl","p":1.82,"u":"2,43 €/L","img":"https://fd6-photos.leclercdrive.fr/image.ashx?id=2861854&use=l&cat=p&typeid=i","cat":284917},{"id":47722,"n":"Compotes Pom'Potes Gourdes  Pomme Nature - 12x90g","p":4.81,"u":"4,45 €/KG","img":"https://fd6-photos.leclercdrive.fr/image.ashx?id=2968082&use=l&cat=p&typeid=i","cat":284508},{"id":47742,"n":"Lait nuage de lait Régilait Non sucré entier - 10x14g","p":1.08,"u":"7,71 €/KG","img":"https://fd6-photos.leclercdrive.fr/image.ashx?id=2018649&use=l&cat=p&typeid=i","cat":299162},{"id":47772,"n":"Chips Lay's Saveur cheeseburger - 120g","p":1.89,"u":"15,75 €/KG","img":"https://fd6-photos.leclercdrive.fr/image.ashx?id=3011134&use=l&cat=p&typeid=i","cat":284447},{"id":47795,"n":"Papier toilette humide Lotus Aloe Douceur - x42 feuilles","p":1.85,"u":"0,04 €/P","img":"https://fd6-photos.leclercdrive.fr/image.ashx?id=2864840&use=l&cat=p&typeid=i","cat":284634},{"id":47796,"n":"Papier toilette humide Lotus Pure - x42 feuilles","p":1.83,"u":"0,04 €/P","img":"https://fd6-photos.leclercdrive.fr/image.ashx?id=2866070&use=l&cat=p&typeid=i","cat":284634},{"id":47797,"n":"Papier toilette Lotus Confort Blanc - Aquatube - x12","p":3.94,"u":"0,33 €/P","img":"https://fd6-photos.leclercdrive.fr/image.ashx?id=3002213&use=l&cat=p&typeid=i","cat":284634},{"id":47807,"n":"Boisson Sunny Delight Multivitamines - 1,25L","p":2.37,"u":"1,90 €/L","img":"https://fd6-photos.leclercdrive.fr/image.ashx?id=2309948&use=l&cat=p&typeid=i","cat":285435},{"id":47812,"n":"Shampooing Gliss Ultimate  Cheveux sec flacon - 250ml","p":2.36,"u":"9,44 €/L","img":"https://fd6-photos.leclercdrive.fr/image.ashx?id=2868933&use=l&cat=p&typeid=i","cat":284606},{"id":47843,"n":"Cordon bleu poulet Maître Coq 1kg","p":6.94,"u":"6,94 €/KG","img":"https://fd6-photos.leclercdrive.fr/image.ashx?id=2939475&use=l&cat=p&typeid=i","cat":319780},{"id":47865,"n":"Apéritif Lillet Rosé à base de vin 17% vol 75cl","p":12.38,"u":"16,51 €/L","img":"https://fd6-photos.leclercdrive.fr/image.ashx?id=2946493&use=l&cat=p&typeid=i","cat":304569},{"id":47866,"n":"Apéritif Lillet Blanc à base de vin 17% vol 75cl","p":12.35,"u":"16,47 €/L","img":"https://fd6-photos.leclercdrive.fr/image.ashx?id=2998922&use=l&cat=p&typeid=i","cat":304569},{"id":47872,"n":"IGP Atlantique blanc Honoré de Berticot - 75cl","p":3.45,"u":"4,60 €/L","img":"https://fd6-photos.leclercdrive.fr/image.ashx?id=1882265&use=l&cat=p&typeid=i","cat":289557},{"id":47926,"n":"Ktipiti Extra L'atelier blini - 175g","p":2.87,"u":"16,40 €/KG","img":"https://fd6-photos.leclercdrive.fr/image.ashx?id=2973706&use=l&cat=p&typeid=i","cat":315999},{"id":47936,"n":"Saumon fumé de  l'atlantique   200g","p":6.03,"u":"30,15 €/KG","img":"https://fd6-photos.leclercdrive.fr/image.ashx?id=2506137&use=l&cat=p&typeid=i","cat":285188},{"id":48007,"n":"Vin mousseux de France Kriter blanc Demi-sec - 75cl","p":4.94,"u":"6,59 €/L","img":"https://fd6-photos.leclercdrive.fr/image.ashx?id=2840871&use=l&cat=p&typeid=i","cat":284544},{"id":48029,"n":"Sirop Moulin de Valdonne Pêche blanche - 70cl","p":3.37,"u":"4,81 €/L","img":"https://fd6-photos.leclercdrive.fr/image.ashx?id=2842678&use=l&cat=p&typeid=i","cat":295020},{"id":48055,"n":"Hachis parmentier Marie  1kg","p":5.79,"u":"5,79 €/KG","img":"https://fd6-photos.leclercdrive.fr/image.ashx?id=2993385&use=l&cat=p&typeid=i","cat":284254},{"id":48079,"n":"Vinaigre de Cidre MAILLE au jus de pomme concentré 50cl","p":2.49,"u":"4,98 €/L","img":"https://fd6-photos.leclercdrive.fr/image.ashx?id=2945421&use=l&cat=p&typeid=i","cat":298543},{"id":48095,"n":"Cartouches d'encre HP Cyan/Magenta/Jaune - 301","p":31.26,"u":"Dont 0,02 € d'éco-part.","img":"https://fd6-photos.leclercdrive.fr/image.ashx?id=854030&use=l&cat=p&typeid=i","cat":316445},{"id":48107,"n":"Thon mariné Petit Navire Citron/thym - 110g","p":2.28,"u":"20,73 €/KG","img":"https://fd6-photos.leclercdrive.fr/image.ashx?id=2986122&use=l&cat=p&typeid=i","cat":303867},{"id":48112,"n":"Poivre noir moulu Ducros Fort, N°9 - 35g","p":3.2,"u":"91,43 €/KG","img":"https://fd6-photos.leclercdrive.fr/image.ashx?id=2486593&use=l&cat=p&typeid=i","cat":284457},{"id":48114,"n":"Persil Ducros 5g","p":1.42,"u":"284,00 €/KG","img":"https://fd6-photos.leclercdrive.fr/image.ashx?id=2490503&use=l&cat=p&typeid=i","cat":298297},{"id":48123,"n":"IGP Pâte Radiatori Garofalo Festives - 500g","p":2.42,"u":"4,84 €/KG","img":"https://fd6-photos.leclercdrive.fr/image.ashx?id=2994560&use=l&cat=p&typeid=i","cat":284427},{"id":48167,"n":"Dosettes café Plantation  Doux - x36 - 250g","p":3.79,"u":"15,16 €/KG","img":"https://fd6-photos.leclercdrive.fr/image.ashx?id=2622121&use=l&cat=p&typeid=i","cat":293238},{"id":48197,"n":"Raisins Golden Sun 500g","p":4.31,"u":"8,62 €/KG","img":"https://fd6-photos.leclercdrive.fr/image.ashx?id=2692227&use=l&cat=p&typeid=i","cat":284357},{"id":48200,"n":"Rillettes de poulet rôti Bordeau Chesnel - 220g","p":2.32,"u":"10,55 €/KG","img":"https://fd6-photos.leclercdrive.fr/image.ashx?id=2855046&use=l&cat=p&typeid=i","cat":316008},{"id":48226,"n":"Petit Pois, Carotte Cassegrain Tendres et Fondants 130g","p":1.21,"u":"9,31 €/KG","img":"https://fd6-photos.leclercdrive.fr/image.ashx?id=2912977&use=l&cat=p&typeid=i","cat":312607},{"id":48254,"n":"Filets de maquereaux Saupiquet Natures - Grillés - 120g","p":2.12,"u":"17,67 €/KG","img":"https://fd6-photos.leclercdrive.fr/image.ashx?id=2873868&use=l&cat=p&typeid=i","cat":303868},{"id":48258,"n":"Croquettes chat Ultima Stérilisé - Saumon - 3kg","p":11.8,"u":"3,93 €/KG","img":"https://fd6-photos.leclercdrive.fr/image.ashx?id=2922221&use=l&cat=p&typeid=i","cat":284680},{"id":48267,"n":"Rhum ambré Saint James 45%vol - 70cl","p":14.28,"u":"20,40 €/L","img":"https://fd6-photos.leclercdrive.fr/image.ashx?id=2970945&use=l&cat=p&typeid=i","cat":284550},{"id":48268,"n":"Gin Gordon's 37.5%vol - 70cl","p":14.34,"u":"20,49 €/L","img":"https://fd6-photos.leclercdrive.fr/image.ashx?id=2736388&use=l&cat=p&typeid=i","cat":284550},{"id":48272,"n":"Liqueur de menthe Get 31 24° - 70cl","p":14.38,"u":"20,54 €/L","img":"https://fd6-photos.leclercdrive.fr/image.ashx?id=2840497&use=l&cat=p&typeid=i","cat":286032},{"id":48277,"n":"Coloration cheveux Kit Racines Schwarzkopf - R1 châtain clair","p":5.57,"img":"https://fd6-photos.leclercdrive.fr/image.ashx?id=2817482&use=l&cat=p&typeid=i","cat":288899},{"id":48299,"n":"Burger Le Charolais Daunat Boeuf emmental - 180g","p":2.9,"u":"16,11 €/KG","img":"https://fd6-photos.leclercdrive.fr/image.ashx?id=2967175&use=l&cat=p&typeid=i","cat":333671},{"id":48302,"n":"Sandwich triangle Daunat Poulet rôti mayonnaise - 160g","p":1.42,"u":"8,88 €/KG","img":"https://fd6-photos.leclercdrive.fr/image.ashx?id=2894257&use=l&cat=p&typeid=i","cat":333658},{"id":48306,"n":"IGP Pays d'Oc rosé Grenache Les Ormes de Cambras 11.5% 75cl","p":3.09,"u":"4,12 €/L","img":"https://fd6-photos.leclercdrive.fr/image.ashx?id=2285234&use=l&cat=p&typeid=i","cat":289558},{"id":48307,"n":"IGP Pays d'Oc rosé Grenache Les Ormes de Cambras - BIB 5L","p":14.43,"u":"2,89 €/L","img":"https://fd6-photos.leclercdrive.fr/image.ashx?id=2489458&use=l&cat=p&typeid=i","cat":289560},{"id":48310,"n":"Concentré à diluer Pulco Citron vert - 70cl","p":2.64,"u":"3,77 €/L","img":"https://fd6-photos.leclercdrive.fr/image.ashx?id=2686630&use=l&cat=p&typeid=i","cat":295020},{"id":48311,"n":"Concentré à diluer Pulco Orange Citron - 70cl","p":2.58,"u":"3,69 €/L","img":"https://fd6-photos.leclercdrive.fr/image.ashx?id=2686633&use=l&cat=p&typeid=i","cat":295020},{"id":48312,"n":"Eau minérale gazeuse Perrier  Fines bulles - 6x50cl","p":3.51,"u":"1,17 €/L","img":"https://fd6-photos.leclercdrive.fr/image.ashx?id=2737021&use=l&cat=p&typeid=i","cat":284536},{"id":48314,"n":"Spécialité laitière Délisse Oncteux Stracciatella - 4x120g","p":1.76,"u":"3,67 €/KG","img":"https://fd6-photos.leclercdrive.fr/image.ashx?id=2554834&use=l&cat=p&typeid=i","cat":314999},{"id":48352,"n":"Tablette de chocolat noir Lindt Orange intense - 100g","p":2.22,"u":"22,20 €/KG","img":"https://fd6-photos.leclercdrive.fr/image.ashx?id=2689496&use=l&cat=p&typeid=i","cat":284956},{"id":48353,"n":"Tablette de chocolat noir Lindt 70% cacao - 100g","p":2.22,"u":"22,20 €/KG","img":"https://fd6-photos.leclercdrive.fr/image.ashx?id=2681592&use=l&cat=p&typeid=i","cat":284956},{"id":48354,"n":"Tablette de chocolat noir Lindt 85% cacao - 100g","p":2.22,"u":"22,20 €/KG","img":"https://fd6-photos.leclercdrive.fr/image.ashx?id=2681589&use=l&cat=p&typeid=i","cat":284956},{"id":48355,"n":"Tablette de chocolat noir Lindt Caramel Pointe de sel - 100g","p":2.22,"u":"22,20 €/KG","img":"https://fd6-photos.leclercdrive.fr/image.ashx?id=2689493&use=l&cat=p&typeid=i","cat":284956},{"id":48373,"n":"Démélant Petit Manava Pour enfants, spray - 200ml","p":2.05,"u":"10,25 €/L","img":"https://fd6-photos.leclercdrive.fr/image.ashx?id=2713655&use=l&cat=p&typeid=i","cat":284608},{"id":48378,"n":"Café moulu Jacques Vabre Brésil 100% Arabica - 250g","p":4.55,"u":"18,20 €/KG","img":"https://fd6-photos.leclercdrive.fr/image.ashx?id=2100380&use=l&cat=p&typeid=i","cat":284750},{"id":48383,"n":"Gel Lubrifiant Massage 2 en 1 Durex Sensuel Ylang Ylang 200ml","p":7.0,"u":"35,00 €/L","img":"https://fd6-photos.leclercdrive.fr/image.ashx?id=2736562&use=l&cat=p&typeid=i","cat":285160},{"id":48392,"n":"Boules en cire naturelle Quies x12 paires","p":3.86,"u":"0,32 €/P","img":"https://fd6-photos.leclercdrive.fr/image.ashx?id=2159502&use=l&cat=p&typeid=i","cat":284630},{"id":48419,"n":"AOP Alsace Riesling blanc Wolfberger - 75cl","p":6.5,"pp":4.87,"u":"6,49 €/L","img":"https://fd6-photos.leclercdrive.fr/image.ashx?id=2905357&use=l&cat=p&typeid=i","cat":289557},{"id":48421,"n":"AOP Alsace Gewurztraminer blanc Wolfberger 13,5% - 75cl","p":7.85,"pp":5.89,"u":"7,85 €/L","img":"https://fd6-photos.leclercdrive.fr/image.ashx?id=2936368&use=l&cat=p&typeid=i","cat":289557},{"id":48471,"n":"Mélange 5 baies n°5 Ducros 70g","p":4.45,"u":"63,57 €/KG","img":"https://fd6-photos.leclercdrive.fr/image.ashx?id=2486602&use=l&cat=p&typeid=i","cat":284457},{"id":48508,"n":"Ketchup AMORA Flacon Souple - 550g","p":1.48,"u":"2,69 €/KG","img":"https://fd6-photos.leclercdrive.fr/image.ashx?id=2766649&use=l&cat=p&typeid=i","cat":284455},{"id":48512,"n":"Poivre noir n°6 Ducros Moulin - 28g","p":3.7,"u":"132,14 €/KG","img":"https://fd6-photos.leclercdrive.fr/image.ashx?id=2559472&use=l&cat=p&typeid=i","cat":284457},{"id":48513,"n":"Poivre noir n°6 Ducros Grains - 90g","p":3.98,"u":"44,22 €/KG","img":"https://fd6-photos.leclercdrive.fr/image.ashx?id=2473336&use=l&cat=p&typeid=i","cat":284457},{"id":48515,"n":"Coriandre Ducros Moulue - 32g","p":1.25,"u":"39,06 €/KG","img":"https://fd6-photos.leclercdrive.fr/image.ashx?id=2490497&use=l&cat=p&typeid=i","cat":298297},{"id":48525,"n":"Tomato Ketchup Heinz - 700g","p":2.67,"u":"3,81 €/KG","img":"https://fd6-photos.leclercdrive.fr/image.ashx?id=2729326&use=l&cat=p&typeid=i","cat":284455},{"id":48573,"n":"Barre Chocolat au Lait KitKat x10 barres - 415g","p":4.98,"u":"1,20 €/L","img":"https://fd6-photos.leclercdrive.fr/image.ashx?id=2905045&use=l&cat=p&typeid=i","cat":284498},{"id":48575,"n":"Lasagnes bolognaise bio HippBio 250g","p":2.45,"u":"9,80 €/KG","img":"https://fd6-photos.leclercdrive.fr/image.ashx?id=2929080&use=l&cat=p&typeid=i","cat":312238},{"id":48589,"n":"Lait bébé poudre Gallia Calisma croissance Dès 12 mois 1,2kg","p":15.54,"u":"12,95 €/KG","img":"https://fd6-photos.leclercdrive.fr/image.ashx?id=2973553&use=l&cat=p&typeid=i","cat":290219},{"id":48591,"n":"Lait bébé Gallia Calisma croissance Dès 12 mois 4x1L","p":9.28,"u":"2,32 €/L","img":"https://fd6-photos.leclercdrive.fr/image.ashx?id=2481249&use=l&cat=p&typeid=i","cat":284728},{"id":48595,"n":"Gourdes Bio bébé Hipp 4 variétés - 6 mois - 8x90g","p":6.97,"u":"9,68 €/KG","img":"https://fd6-photos.leclercdrive.fr/image.ashx?id=2904416&use=l&cat=p&typeid=i","cat":312393},{"id":48596,"n":"Gourdes Bio bébé Hipp  4 variétés - 8x90g","p":6.83,"u":"9,49 €/KG","img":"https://fd6-photos.leclercdrive.fr/image.ashx?id=3000357&use=l&cat=p&typeid=i","cat":312393},{"id":48598,"n":"Cannelloni bio Hipp Bio Aux légumes - 250g","p":2.67,"u":"10,68 €/KG","img":"https://fd6-photos.leclercdrive.fr/image.ashx?id=2929083&use=l&cat=p&typeid=i","cat":312238},{"id":48603,"n":"Farine de blé Francine 1,4kg","p":1.54,"u":"1,10 €/KG","img":"https://fd6-photos.leclercdrive.fr/image.ashx?id=2881308&use=l&cat=p&typeid=i","cat":284503},{"id":48604,"n":"Farine fluide Francine 1.4kg","p":1.61,"u":"1,15 €/KG","img":"https://fd6-photos.leclercdrive.fr/image.ashx?id=2881305&use=l&cat=p&typeid=i","cat":284503},{"id":48611,"n":"Plat bébé soir Blédiner 12 mois Pâtes légumes - 2x200g","p":2.37,"u":"5,93 €/KG","img":"https://fd6-photos.leclercdrive.fr/image.ashx?id=2975068&use=l&cat=p&typeid=i","cat":312239},{"id":48633,"n":"Boisson gourmande PAGO Fraise 75cl","p":2.59,"u":"3,45 €/L","img":"https://fd6-photos.leclercdrive.fr/image.ashx?id=2954007&use=l&cat=p&typeid=i","cat":284915},{"id":48646,"n":"Soda à l'orange Orangina Sans Sucres - 6x33cl","p":3.75,"u":"1,89 €/L","img":"https://fd6-photos.leclercdrive.fr/image.ashx?id=2946931&use=l&cat=p&typeid=i","cat":284532},{"id":48697,"n":"Sachet chat Purina One Sterillcat - 8x85g","p":3.84,"u":"5,65 €/KG","img":"https://fd6-photos.leclercdrive.fr/image.ashx?id=2899695&use=l&cat=p&typeid=i","cat":285286},{"id":48698,"n":"Croquettes chat Purina One Stérilisé/Intérieur-Poulet1.5kg","p":7.93,"u":"5,29 €/KG","img":"https://fd6-photos.leclercdrive.fr/image.ashx?id=2681257&use=l&cat=p&typeid=i","cat":284680},{"id":48704,"n":"Boîte chat Whiskas Gelée du pêcheur - 4x390g","p":4.65,"u":"2,98 €/KG","img":"https://fd6-photos.leclercdrive.fr/image.ashx?id=2759622&use=l&cat=p&typeid=i","cat":285601},{"id":48711,"n":"Friandises chien Fido  Dental Delicious - 130g","p":2.06,"u":"15,85 €/KG","img":"https://fd6-photos.leclercdrive.fr/image.ashx?id=2361614&use=l&cat=p&typeid=i","cat":294527},{"id":48717,"n":"Barquettes chats Gourmet Gold Les mousselines - 24x85g","p":10.57,"u":"5,18 €/KG","img":"https://fd6-photos.leclercdrive.fr/image.ashx?id=2861500&use=l&cat=p&typeid=i","cat":285286},{"id":48725,"n":"Légumes pour Couscous D'Aucy Orientale - 800g","p":1.79,"u":"2,24 €/KG","img":"https://fd6-photos.leclercdrive.fr/image.ashx?id=2577800&use=l&cat=p&typeid=i","cat":312612},{"id":48739,"n":"Sauce hannibal Colona  Tube grand modèle - 850g","p":3.92,"u":"4,61 €/KG","img":"https://fd6-photos.leclercdrive.fr/image.ashx?id=2687146&use=l&cat=p&typeid=i","cat":318431},{"id":48745,"n":"Chocolat Pâtissier Nestlé Dessert Lait - 170g","p":2.93,"u":"17,24 €/KG","img":"https://fd6-photos.leclercdrive.fr/image.ashx?id=2961242&use=l&cat=p&typeid=i","cat":285562},{"id":48786,"n":"Chocolat noir Bio Ethiquable  75% Nicaragua - 100g","p":2.83,"u":"28,30 €/KG","img":"https://fd6-photos.leclercdrive.fr/image.ashx?id=2870884&use=l&cat=p&typeid=i","cat":284956},{"id":48812,"n":"Masque Nuti-extrême Dessange Cheveux très secs - 250ml","p":5.65,"u":"22,60 €/L","img":"https://fd6-photos.leclercdrive.fr/image.ashx?id=2819400&use=l&cat=p&typeid=i","cat":284608},{"id":48813,"n":"Shampoing nutrition Dessange Cheveux Secs, Très Secs - 250ml","p":2.56,"u":"10,24 €/L","img":"https://fd6-photos.leclercdrive.fr/image.ashx?id=2435447&use=l&cat=p&typeid=i","cat":284606},{"id":48814,"n":"Soin Démêlant Dessange Nutri-Extrême - 200ml","p":2.56,"u":"12,80 €/L","img":"https://fd6-photos.leclercdrive.fr/image.ashx?id=2828070&use=l&cat=p&typeid=i","cat":284607},{"id":48817,"n":"Lait sucré Régilait Caramel beurre salé - 300g","p":3.24,"u":"10,80 €/KG","img":"https://fd6-photos.leclercdrive.fr/image.ashx?id=2018640&use=l&cat=p&typeid=i","cat":299162},{"id":48822,"n":"Friandises chat Catisfactions Saumon - 180g","p":3.13,"u":"17,39 €/KG","img":"https://fd6-photos.leclercdrive.fr/image.ashx?id=2912527&use=l&cat=p&typeid=i","cat":285285},{"id":48823,"n":"Haché Végétal bio Céréal Bio Façon Bolognaise au Soja 250g","p":2.87,"u":"11,48 €/KG","img":"https://fd6-photos.leclercdrive.fr/image.ashx?id=2575090&use=l&cat=p&typeid=i","cat":287600},{"id":48839,"n":"Lait concentré Régilait Non sucré, demi écrémé - 410g","p":1.68,"u":"4,10 €/KG","img":"https://fd6-photos.leclercdrive.fr/image.ashx?id=2405863&use=l&cat=p&typeid=i","cat":299162},{"id":48846,"n":"Purée tomate bio Jardin Bio 200g","p":0.89,"u":"4,45 €/KG","img":"https://fd6-photos.leclercdrive.fr/image.ashx?id=2535034&use=l&cat=p&typeid=i","cat":288384},{"id":48870,"n":"Infusion bio Jardin Bio Thym de France x20 - 28g","p":2.54,"u":"90,71 €/KG","img":"https://fd6-photos.leclercdrive.fr/image.ashx?id=2792840&use=l&cat=p&typeid=i","cat":293234},{"id":48875,"n":"Décor pour gateaux Vahiné Spécial anniversaire - x1","p":1.54,"img":"https://fd6-photos.leclercdrive.fr/image.ashx?id=2833345&use=l&cat=p&typeid=i","cat":284504},{"id":48879,"n":"Purée de piment Tables du Monde - 100g","p":1.19,"u":"11,90 €/KG","img":"https://fd6-photos.leclercdrive.fr/image.ashx?id=2679744&use=l&cat=p&typeid=i","cat":288992},{"id":48890,"n":"Pâtes De Cecco  Fusilli n°34 - 500g","p":1.73,"u":"3,46 €/KG","img":"https://fd6-photos.leclercdrive.fr/image.ashx?id=3004441&use=l&cat=p&typeid=i","cat":284427},{"id":48891,"n":"Pâtes De Cecco Penne rigate n°41 - 500g","p":1.74,"u":"3,48 €/KG","img":"https://fd6-photos.leclercdrive.fr/image.ashx?id=3005359&use=l&cat=p&typeid=i","cat":284427},{"id":48899,"n":"Pâtes De Cecco Orechiette   n°91 - 500g","p":2.0,"u":"4,00 €/KG","img":"https://fd6-photos.leclercdrive.fr/image.ashx?id=2956661&use=l&cat=p&typeid=i","cat":284427},{"id":48993,"n":"Sauce Samouraï Colona Tube - 500ml","p":2.83,"u":"5,66 €/L","img":"https://fd6-photos.leclercdrive.fr/image.ashx?id=2687167&use=l&cat=p&typeid=i","cat":318431},{"id":49018,"n":"Beurre Moulé Paysan Breton Sel de guérande - 80% MG - 250g","p":3.38,"u":"13,52 €/KG","img":"https://fd6-photos.leclercdrive.fr/image.ashx?id=2869035&use=l&cat=p&typeid=i","cat":284379},{"id":49055,"n":"Steak haché charolais 15% MG Férial - 250g","p":4.99,"u":"19,96 €/KG","img":"https://fd6-photos.leclercdrive.fr/image.ashx?id=2903983&use=l&cat=p&typeid=i","cat":284332},{"id":49058,"n":"Piles Tech+ Foxter AA/LR6 1,5V - x8","p":2.99,"u":"0,37 €/P","img":"https://fd6-photos.leclercdrive.fr/image.ashx?id=2162324&use=l&cat=p&typeid=i","cat":300572},{"id":49059,"n":"Piles Tech+ Foxter AAA/LR3 1,5V - x8","p":2.99,"img":"https://fd6-photos.leclercdrive.fr/image.ashx?id=2162327&use=l&cat=p&typeid=i","cat":300572},{"id":49078,"n":"Gaufrette P'tit Déli  Chocolat lait - 125g","p":1.29,"u":"10,32 €/KG","img":"https://fd6-photos.leclercdrive.fr/image.ashx?id=2399856&use=l&cat=p&typeid=i","cat":284490},{"id":49079,"n":"Petites madeleines P'tit Deli  Pépites de chocolat - 400g","p":1.7,"u":"4,25 €/KG","img":"https://fd6-photos.leclercdrive.fr/image.ashx?id=2999511&use=l&cat=p&typeid=i","cat":284492},{"id":49080,"n":"Gâteau fourré fraise P'tit Deli Lapin - 140g","p":1.13,"u":"8,07 €/KG","img":"https://fd6-photos.leclercdrive.fr/image.ashx?id=2671411&use=l&cat=p&typeid=i","cat":284495},{"id":49082,"n":"Gâteau fourré P'tit Deli Tout chocolat, lapin - 140g","p":1.3,"u":"9,29 €/KG","img":"https://fd6-photos.leclercdrive.fr/image.ashx?id=2211200&use=l&cat=p&typeid=i","cat":284495},{"id":49083,"n":"Biscuit palmier feuilleté Eco+ 100g","p":0.43,"u":"4,30 €/KG","img":"https://fd6-photos.leclercdrive.fr/image.ashx?id=2768016&use=l&cat=p&typeid=i","cat":284487},{"id":49131,"n":"Gin Bombay Sapphire 40° - 70cl","p":24.15,"u":"34,50 €/L","img":"https://fd6-photos.leclercdrive.fr/image.ashx?id=2842879&use=l&cat=p&typeid=i","cat":284550},{"id":49132,"n":"Gin Tanqueray 43.1%vol - 70cl","p":21.97,"u":"31,39 €/L","img":"https://fd6-photos.leclercdrive.fr/image.ashx?id=2414906&use=l&cat=p&typeid=i","cat":284550},{"id":49254,"n":"Gelifiant Vahiné Agar Agar - 8g","p":2.36,"u":"295,00 €/KG","img":"https://fd6-photos.leclercdrive.fr/image.ashx?id=2833342&use=l&cat=p&typeid=i","cat":284504},{"id":49282,"n":"Tablette de chocolat noir Lindt Zeste de citron vert - 100g","p":2.5,"u":"25,00 €/KG","img":"https://fd6-photos.leclercdrive.fr/image.ashx?id=2608160&use=l&cat=p&typeid=i","cat":284956},{"id":49294,"n":"Cotons Démaquillants Demak'Up Original - x105","p":1.61,"u":"0,02 €/P","img":"https://fd6-photos.leclercdrive.fr/image.ashx?id=2745274&use=l&cat=p&typeid=i","cat":284636},{"id":49295,"n":"Cotons Démaquillants Demak'Up Ovale sensitive - x48","p":1.5,"u":"0,03 €/P","img":"https://fd6-photos.leclercdrive.fr/image.ashx?id=2745277&use=l&cat=p&typeid=i","cat":284636},{"id":49296,"n":"Barre Chocolat au Lait Lion x10 barres - 420g","p":3.99,"u":"9,50 €/KG","img":"https://fd6-photos.leclercdrive.fr/image.ashx?id=2736988&use=l&cat=p&typeid=i","cat":284498},{"id":49298,"n":"Biscuits croquant Nutella &Go! Pâte à tartiner x2 packs - 104g","p":2.28,"u":"21,92 €/KG","img":"https://fd6-photos.leclercdrive.fr/image.ashx?id=2737240&use=l&cat=p&typeid=i","cat":284488},{"id":49304,"n":"Détachant Vanish  Powergel - 200ml","p":4.38,"u":"21,90 €/L","img":"https://fd6-photos.leclercdrive.fr/image.ashx?id=2587861&use=l&cat=p&typeid=i","cat":284651},{"id":49327,"n":"Déodorant Bille Homme Nivea Men Black&White Original - 50ml","p":2.05,"u":"41,00 €/L","img":"https://fd6-photos.leclercdrive.fr/image.ashx?id=2165815&use=l&cat=p&typeid=i","cat":284618},{"id":49333,"n":"Déodorant bille Men Expert Carbon Protection 48h - 50ml","p":2.56,"u":"51,20 €/L","img":"https://fd6-photos.leclercdrive.fr/image.ashx?id=2394561&use=l&cat=p&typeid=i","cat":284618},{"id":49340,"n":"Cornichons Eco+ Au vinaigre - 190g","p":0.88,"u":"4,63 €/KG","img":"https://fd6-photos.leclercdrive.fr/image.ashx?id=2551954&use=l&cat=p&typeid=i","cat":284458},{"id":49342,"n":"Moutarde Eco+ Forte au vinaigre - 850g","p":1.7,"u":"2,00 €/KG","img":"https://fd6-photos.leclercdrive.fr/image.ashx?id=2954325&use=l&cat=p&typeid=i","cat":288850},{"id":49346,"n":"Mini cornichons Jardin D'Orant Au condiment balsamique - 185g","p":2.12,"u":"11,46 €/KG","img":"https://fd6-photos.leclercdrive.fr/image.ashx?id=2918688&use=l&cat=p&typeid=i","cat":284458},{"id":49349,"n":"Petit croquant Kühne Aigre doux - 360g","p":3.37,"u":"9,36 €/KG","img":"https://fd6-photos.leclercdrive.fr/image.ashx?id=2551036&use=l&cat=p&typeid=i","cat":284458},{"id":49354,"n":"Olives Noires Grecques Tramier  Dénoyautées 220g","p":2.63,"u":"26,30 €/KG","img":"https://fd6-photos.leclercdrive.fr/image.ashx?id=2836340&use=l&cat=p&typeid=i","cat":284450},{"id":49454,"n":"Harissa Phare Du Cap Bon 810g","p":2.71,"u":"3,35 €/KG","img":"https://fd6-photos.leclercdrive.fr/image.ashx?id=2237355&use=l&cat=p&typeid=i","cat":298298},{"id":49494,"n":"Snack soufflés bacon Tokapi Lot - 4x85g","p":2.72,"u":"8,00 €/KG","img":"https://fd6-photos.leclercdrive.fr/image.ashx?id=2691384&use=l&cat=p&typeid=i","cat":284449},{"id":49495,"n":"Soufflés Tornades Tokapi Fromage- 4x85g","p":2.99,"u":"8,79 €/KG","img":"https://fd6-photos.leclercdrive.fr/image.ashx?id=2982631&use=l&cat=p&typeid=i","cat":284449},{"id":49497,"n":"Soufflés Tornades Tokapi Paprika- 4x85g","p":2.92,"u":"8,59 €/KG","img":"https://fd6-photos.leclercdrive.fr/image.ashx?id=2982628&use=l&cat=p&typeid=i","cat":284449},{"id":49561,"n":"Gel Douche 5en1 Men Expert Pure carbon - 300ml","p":3.42,"u":"11,40 €/L","img":"https://fd6-photos.leclercdrive.fr/image.ashx?id=1603553&use=l&cat=p&typeid=i","cat":284619},{"id":49575,"n":"Boisson énergisante Monster Energy Mixxd Punch - 50CL","p":1.65,"u":"3,30 €/L","img":"https://fd6-photos.leclercdrive.fr/image.ashx?id=2206172&use=l&cat=p&typeid=i","cat":284533},{"id":49632,"n":"Pain de mie 100% Mie Harrys Nature Longue conservation 325g","p":2.13,"u":"6,55 €/KG","img":"https://fd6-photos.leclercdrive.fr/image.ashx?id=2469647&use=l&cat=p&typeid=i","cat":284477},{"id":49636,"n":"Biscuits Baiocchi Mulino Bianco Chocolat noisette Snack - 336g","p":2.7,"u":"8,04 €/KG","img":"https://fd6-photos.leclercdrive.fr/image.ashx?id=2787962&use=l&cat=p&typeid=i","cat":284488},{"id":49649,"n":"Sauce Tomate Cuisinée Heinz Ail & Oignon x2 - 210g","p":1.55,"u":"3,69 €/KG","img":"https://fd6-photos.leclercdrive.fr/image.ashx?id=2926990&use=l&cat=p&typeid=i","cat":288384},{"id":49653,"n":"Chapelure dorée Tipiak 250g","p":0.74,"u":"2,96 €/KG","img":"https://fd6-photos.leclercdrive.fr/image.ashx?id=2563490&use=l&cat=p&typeid=i","cat":288382},{"id":49656,"n":"Sauce burger Amora 448g","p":2.11,"u":"4,71 €/KG","img":"https://fd6-photos.leclercdrive.fr/image.ashx?id=3014656&use=l&cat=p&typeid=i","cat":318431},{"id":49659,"n":"Huile de noix Cauvin Bouteille - 25cl","p":3.17,"u":"12,68 €/L","img":"https://fd6-photos.leclercdrive.fr/image.ashx?id=2482318&use=l&cat=p&typeid=i","cat":284453},{"id":49664,"n":"Farine complète Francine Boîte - 1kg","p":1.96,"u":"1,96 €/KG","img":"https://fd6-photos.leclercdrive.fr/image.ashx?id=2018898&use=l&cat=p&typeid=i","cat":284503},{"id":49674,"n":"Fécule de pomme de terre Tipiak Substitut de farine - 250g","p":0.92,"u":"3,68 €/KG","img":"https://fd6-photos.leclercdrive.fr/image.ashx?id=2563487&use=l&cat=p&typeid=i","cat":288382},{"id":49677,"n":"Mousse fromage blanc Délisse Lit de fruits 0%MG - 4x115g","p":1.83,"u":"3,98 €/KG","img":"https://fd6-photos.leclercdrive.fr/image.ashx?id=2991130&use=l&cat=p&typeid=i","cat":284409},{"id":49681,"n":"Yaourt La Laitière Nature - 4x125g","p":1.79,"u":"3,58 €/KG","img":"https://fd6-photos.leclercdrive.fr/image.ashx?id=3007978&use=l&cat=p&typeid=i","cat":284409},{"id":49682,"n":"Yaourt La Laitière Vanille - 4x125g","p":1.94,"u":"3,88 €/KG","img":"https://fd6-photos.leclercdrive.fr/image.ashx?id=2650393&use=l&cat=p&typeid=i","cat":286006},{"id":49700,"n":"Matin Léger Bio de Lactel Sans lactose 1.2%mg - 6x1L","p":13.2,"u":"2,20 €/L","img":"https://fd6-photos.leclercdrive.fr/image.ashx?id=2883552&use=l&cat=p&typeid=i","cat":317169},{"id":49798,"n":"Nectar Goyave Caraibos Sans alcool - 75cl","p":2.15,"u":"2,87 €/L","img":"https://fd6-photos.leclercdrive.fr/image.ashx?id=3011281&use=l&cat=p&typeid=i","cat":284916},{"id":49799,"n":"Nectar Mangue Caraibos Sans alcool - 75cl","p":2.18,"u":"2,91 €/L","img":"https://fd6-photos.leclercdrive.fr/image.ashx?id=3011278&use=l&cat=p&typeid=i","cat":284916},{"id":49800,"n":"Chorizo doux César Moroni   200g","p":2.83,"u":"14,15 €/KG","img":"https://fd6-photos.leclercdrive.fr/image.ashx?id=2854420&use=l&cat=p&typeid=i","cat":316006},{"id":49801,"n":"Nectar Maracuja Caraibos 75cl","p":2.32,"u":"3,09 €/L","img":"https://fd6-photos.leclercdrive.fr/image.ashx?id=3011275&use=l&cat=p&typeid=i","cat":284916},{"id":49805,"n":"Cocktail Piña colada Caraibos Sans alcool - 75cl","p":2.29,"u":"3,05 €/L","img":"https://fd6-photos.leclercdrive.fr/image.ashx?id=3011299&use=l&cat=p&typeid=i","cat":284549},{"id":49806,"n":"Planteur des îles Caraibos Sans alcool - 75cl","p":2.31,"u":"3,08 €/L","img":"https://fd6-photos.leclercdrive.fr/image.ashx?id=3011290&use=l&cat=p&typeid=i","cat":284916},{"id":49825,"n":"Croco Pik Haribo  Sachet bonbons acidulés - 275g","p":1.79,"u":"6,51 €/KG","img":"https://fd6-photos.leclercdrive.fr/image.ashx?id=2802350&use=l&cat=p&typeid=i","cat":304250},{"id":49828,"n":"Happy Life Haribo Sachet bonbons - 275g","p":1.52,"u":"5,53 €/KG","img":"https://fd6-photos.leclercdrive.fr/image.ashx?id=2803577&use=l&cat=p&typeid=i","cat":304250},{"id":49832,"n":"Dragibus Pik Haribo Sachet bonbons - 230g","p":1.87,"u":"8,13 €/KG","img":"https://fd6-photos.leclercdrive.fr/image.ashx?id=2984907&use=l&cat=p&typeid=i","cat":304250},{"id":49834,"n":"Bonbons LUTTI BestFizz Assortiment Piquant - 550g","p":4.01,"u":"7,29 €/KG","img":"https://fd6-photos.leclercdrive.fr/image.ashx?id=2815022&use=l&cat=p&typeid=i","cat":304250},{"id":49845,"n":"Jus multifruits Jafaden Brique, ABC - 2L","p":2.65,"u":"1,33 €/L","img":"https://fd6-photos.leclercdrive.fr/image.ashx?id=2759220&use=l&cat=p&typeid=i","cat":284917},{"id":49851,"n":"Limonade Sprink's 1.5L","p":0.95,"u":"0,63 €/L","img":"https://fd6-photos.leclercdrive.fr/image.ashx?id=2954103&use=l&cat=p&typeid=i","cat":284531},{"id":49852,"n":"Speck alto adige IGP Tradizioni d'Italia - 70g","p":2.02,"u":"28,86 €/KG","img":"https://fd6-photos.leclercdrive.fr/image.ashx?id=2925225&use=l&cat=p&typeid=i","cat":316007},{"id":49857,"n":"Mortadella bologna IGP Tradizioni d'Italia - 150g","p":2.59,"u":"17,27 €/KG","img":"https://fd6-photos.leclercdrive.fr/image.ashx?id=2925222&use=l&cat=p&typeid=i","cat":316009},{"id":49863,"n":"Pizza feu de bois  Turini  Saumon  - 420g","p":2.45,"u":"5,83 €/KG","img":"https://fd6-photos.leclercdrive.fr/image.ashx?id=2816579&use=l&cat=p&typeid=i","cat":284256},{"id":49865,"n":"Steak haché Authentique Charal Pur Bœuf 10% MG  8x125g - 1kg","p":14.25,"u":"14,25 €/KG","img":"https://fd6-photos.leclercdrive.fr/image.ashx?id=2741955&use=l&cat=p&typeid=i","cat":319778},{"id":49870,"n":"Protection Absorbante Tena Men  Médium - x10","p":4.64,"u":"0,46 €/P","img":"https://fd6-photos.leclercdrive.fr/image.ashx?id=2428573&use=l&cat=p&typeid=i","cat":291514},{"id":49872,"n":"Tampons Tampax Compak Pearl Super - x18","p":3.23,"u":"0,18 €/P","img":"https://fd6-photos.leclercdrive.fr/image.ashx?id=2956616&use=l&cat=p&typeid=i","cat":284626},{"id":49880,"n":"Boisson concentrée Frucci Menthe avec édulcorants - 75cl","p":2.39,"u":"3,19 €/L","img":"https://fd6-photos.leclercdrive.fr/image.ashx?id=2909903&use=l&cat=p&typeid=i","cat":295020},{"id":49881,"n":"Sirop Frucci Zero Grenadine avec edulcorants-75cl","p":2.49,"u":"3,32 €/L","img":"https://fd6-photos.leclercdrive.fr/image.ashx?id=2956110&use=l&cat=p&typeid=i","cat":295020},{"id":49882,"n":"Sirop Frucci Zero Pêche avec édulcorants - 75cl","p":2.35,"u":"3,13 €/L","img":"https://fd6-photos.leclercdrive.fr/image.ashx?id=2954100&use=l&cat=p&typeid=i","cat":295020},{"id":49883,"n":"Soda tonic Sprink's 1.5L","p":1.05,"u":"0,70 €/L","img":"https://fd6-photos.leclercdrive.fr/image.ashx?id=2954106&use=l&cat=p&typeid=i","cat":284531},{"id":49900,"n":"Feuilletés fromage fondu Eco+ 650g","p":1.61,"u":"2,48 €/KG","img":"https://fd6-photos.leclercdrive.fr/image.ashx?id=2079792&use=l&cat=p&typeid=i","cat":319776},{"id":49903,"n":"Bresaola Della Valtellina IGP Tradizioni d'Italia - 70g","p":2.99,"u":"42,71 €/KG","img":"https://fd6-photos.leclercdrive.fr/image.ashx?id=2925228&use=l&cat=p&typeid=i","cat":316007},{"id":49930,"n":"Yaourt douceur Le Petit Basque Brebis nature - 4x100g","p":2.87,"u":"7,18 €/KG","img":"https://fd6-photos.leclercdrive.fr/image.ashx?id=2248084&use=l&cat=p&typeid=i","cat":314998},{"id":49932,"n":"Fromage Pavé d'Affinois Original - 180g","p":2.74,"u":"15,22 €/KG","img":"https://fd6-photos.leclercdrive.fr/image.ashx?id=2644070&use=l&cat=p&typeid=i","cat":314030},{"id":49933,"n":"Fromage Pavé d'Affinois Mini Mix 5 variétés - 130g","p":2.73,"u":"21,00 €/KG","img":"https://fd6-photos.leclercdrive.fr/image.ashx?id=2644076&use=l&cat=p&typeid=i","cat":314030},{"id":49954,"n":"Limonade Sprink's 6x50cl","p":4.92,"u":"1,64 €/L","img":"https://fd6-photos.leclercdrive.fr/image.ashx?id=2913718&use=l&cat=p&typeid=i","cat":284531},{"id":49955,"n":"Soda 7UP Citron/citron vert zéro - 1.5L","p":1.35,"u":"0,90 €/L","img":"https://fd6-photos.leclercdrive.fr/image.ashx?id=2752462&use=l&cat=p&typeid=i","cat":284531},{"id":49956,"n":"Soda à l'orange Orangina Sans Sucres - 1,5L","p":1.71,"u":"1,14 €/L","img":"https://fd6-photos.leclercdrive.fr/image.ashx?id=2946496&use=l&cat=p&typeid=i","cat":284532},{"id":49971,"n":"Frites Pom Bistro à la Graisse de Canard - 500g","p":3.48,"u":"6,96 €/KG","img":"https://fd6-photos.leclercdrive.fr/image.ashx?id=2866412&use=l&cat=p&typeid=i","cat":319791},{"id":49980,"n":"Soupe liquide Liebig  Légumes poêlés - Brique 1L","p":3.32,"u":"3,32 €/L","img":"https://fd6-photos.leclercdrive.fr/image.ashx?id=2729941&use=l&cat=p&typeid=i","cat":284462},{"id":49981,"n":"Velouté Liebig Légumes du soleil - 1L","p":2.69,"u":"2,69 €/L","img":"https://fd6-photos.leclercdrive.fr/image.ashx?id=2750991&use=l&cat=p&typeid=i","cat":284462},{"id":49983,"n":"Sauce yakitori Kikkoman 250ml","p":5.04,"u":"20,16 €/L","img":"https://fd6-photos.leclercdrive.fr/image.ashx?id=2536299&use=l&cat=p&typeid=i","cat":288992},{"id":49984,"n":"Café dosettes Tassimo L'Or Espresso Delizioso x16","p":4.86,"u":"46,73 €/KG","img":"https://fd6-photos.leclercdrive.fr/image.ashx?id=2507329&use=l&cat=p&typeid=i","cat":293240},{"id":49996,"n":"Boisson aux fruits Oasis Mini Pomme Cassis Framboise - 6x25cl","p":3.2,"u":"2,13 €/L","img":"https://fd6-photos.leclercdrive.fr/image.ashx?id=2692272&use=l&cat=p&typeid=i","cat":295018},{"id":49997,"n":"Boisson aux fruits Oasis Mini Tropical - 6x25cl","p":3.25,"u":"2,17 €/L","img":"https://fd6-photos.leclercdrive.fr/image.ashx?id=2684443&use=l&cat=p&typeid=i","cat":295018},{"id":50002,"n":"Sauce soja Kikkoman  150ml","p":3.56,"u":"23,73 €/L","img":"https://fd6-photos.leclercdrive.fr/image.ashx?id=2536284&use=l&cat=p&typeid=i","cat":288992},{"id":50003,"n":"Café soluble Maxwell House Qualité Filtre - 20g","p":7.56,"u":"37,80 €/KG","img":"https://fd6-photos.leclercdrive.fr/image.ashx?id=1755025&use=l&cat=p&typeid=i","cat":284843},{"id":50004,"n":"Kit Crousti Fajitas Old El Paso extra doux - 521g","p":4.79,"u":"9,19 €/KG","img":"https://fd6-photos.leclercdrive.fr/image.ashx?id=2765402&use=l&cat=p&typeid=i","cat":288993},{"id":50017,"n":"Confit de tomates séchées  Les Tartinables Florelli 190g","p":2.33,"u":"12,26 €/KG","img":"https://fd6-photos.leclercdrive.fr/image.ashx?id=3011671&use=l&cat=p&typeid=i","cat":289010},{"id":50029,"n":"Biscuit apéritif ancel Sticks Bretzels - 137g","p":1.58,"u":"11,53 €/KG","img":"https://fd6-photos.leclercdrive.fr/image.ashx?id=2895181&use=l&cat=p&typeid=i","cat":297000},{"id":50052,"n":"Lait bébé en poudre Galliagest croissance Dès 12 mois 900g","p":13.9,"u":"15,44 €/KG","img":"https://fd6-photos.leclercdrive.fr/image.ashx?id=2616844&use=l&cat=p&typeid=i","cat":290219},{"id":50053,"n":"Eau gazeuse minérale Salvetat pauvre en sodium - 6x50cl","p":2.61,"u":"0,87 €/L","img":"https://fd6-photos.leclercdrive.fr/image.ashx?id=2533469&use=l&cat=p&typeid=i","cat":284536},{"id":50072,"n":"Soupe Liquide Douceur Knorr 8 légumes à la crème - 50cl","p":1.77,"u":"3,54 €/L","img":"https://fd6-photos.leclercdrive.fr/image.ashx?id=2738023&use=l&cat=p&typeid=i","cat":284462},{"id":50082,"n":"Dessert fruits mixés Sojasun Myrtilles - 4x100g","p":1.69,"u":"4,23 €/KG","img":"https://fd6-photos.leclercdrive.fr/image.ashx?id=2355680&use=l&cat=p&typeid=i","cat":316071},{"id":50083,"n":"Taboulé aux tomates  Garbit - 730g","p":2.87,"u":"3,93 €/KG","img":"https://fd6-photos.leclercdrive.fr/image.ashx?id=2901905&use=l&cat=p&typeid=i","cat":325094},{"id":50091,"n":"Lait de coco Kara - brique 200ml","p":1.01,"u":"5,05 €/L","img":"https://fd6-photos.leclercdrive.fr/image.ashx?id=2906895&use=l&cat=p&typeid=i","cat":288992},{"id":50102,"n":"Sauce pâte olive Sacla'Italia 190g","p":2.22,"u":"11,68 €/KG","img":"https://fd6-photos.leclercdrive.fr/image.ashx?id=2160222&use=l&cat=p&typeid=i","cat":287599},{"id":50106,"n":"Nems au Porc Tables du Monde x4 - 280g","p":1.76,"u":"6,29 €/KG","img":"https://fd6-photos.leclercdrive.fr/image.ashx?id=2657957&use=l&cat=p&typeid=i","cat":333673},{"id":50123,"n":"Vinaigrette Puget  Ciboulette/échalotes - 33cl","p":2.56,"u":"7,76 €/L","img":"https://fd6-photos.leclercdrive.fr/image.ashx?id=2912146&use=l&cat=p&typeid=i","cat":284456},{"id":50131,"n":"Compotes Pom'Potes Gourdes  Multivariétés - 20x90g","p":7.45,"u":"4,14 €/KG","img":"https://fd6-photos.leclercdrive.fr/image.ashx?id=3010930&use=l&cat=p&typeid=i","cat":284508},{"id":50132,"n":"Compotes Pom'Potes Gourdes  Multivariétés Inédits - 12x90g","p":5.64,"u":"5,22 €/KG","img":"https://fd6-photos.leclercdrive.fr/image.ashx?id=2870170&use=l&cat=p&typeid=i","cat":284508},{"id":50133,"n":"Dessert fruitier Andros Pomme, morceaux- 695g","p":2.51,"u":"3,61 €/KG","img":"https://fd6-photos.leclercdrive.fr/image.ashx?id=2397770&use=l&cat=p&typeid=i","cat":284508},{"id":50135,"n":"Lingettes Textil Anti-transfert - x40","p":3.71,"u":"0,09 €/P","img":"https://fd6-photos.leclercdrive.fr/image.ashx?id=2964574&use=l&cat=p&typeid=i","cat":290450},{"id":50211,"n":"Pain Bruschetta La Boulangère 400g","p":2.7,"u":"6,75 €/KG","img":"https://fd6-photos.leclercdrive.fr/image.ashx?id=2912404&use=l&cat=p&typeid=i","cat":284985},{"id":50214,"n":"Laque  Fixation forte - 75ml","p":1.27,"u":"16,93 €/L","img":"https://fd6-photos.leclercdrive.fr/image.ashx?id=2616745&use=l&cat=p&typeid=i","cat":284609},{"id":50215,"n":"Huile sublime  Vitanove Cheveux sec - 150ml","p":3.99,"u":"26,60 €/L","img":"https://fd6-photos.leclercdrive.fr/image.ashx?id=2209720&use=l&cat=p&typeid=i","cat":284608},{"id":50218,"n":"Tronches de Cake St Michel 175g","p":2.41,"u":"13,77 €/KG","img":"https://fd6-photos.leclercdrive.fr/image.ashx?id=2949946&use=l&cat=p&typeid=i","cat":284495},{"id":50224,"n":"Cookies Milka Pépites de chocolat - 168g","p":1.79,"u":"10,65 €/KG","img":"https://fd6-photos.leclercdrive.fr/image.ashx?id=3002285&use=l&cat=p&typeid=i","cat":325066},{"id":50225,"n":"Biscuits Choco suprême Milka Chocolat - 180g","p":2.39,"u":"13,28 €/KG","img":"https://fd6-photos.leclercdrive.fr/image.ashx?id=2990991&use=l&cat=p&typeid=i","cat":284488},{"id":50227,"n":"Biscuits Granola Chocolat au lait - 200g","p":1.43,"u":"7,15 €/KG","img":"https://fd6-photos.leclercdrive.fr/image.ashx?id=2324282&use=l&cat=p&typeid=i","cat":284488},{"id":50231,"n":"Biscuit Dinosaurus Lotus Chocolat au lait - 225g","p":2.05,"u":"9,11 €/KG","img":"https://fd6-photos.leclercdrive.fr/image.ashx?id=2859815&use=l&cat=p&typeid=i","cat":284488},{"id":50245,"n":"Range couverts Ardence Vertical - x1","p":2.9,"img":"https://fd6-photos.leclercdrive.fr/image.ashx?id=1655865&use=l&cat=p&typeid=i","cat":334135},{"id":50256,"n":"Soda Sprink's Lemon Lime - 1.5L","p":0.97,"u":"0,65 €/L","img":"https://fd6-photos.leclercdrive.fr/image.ashx?id=2913736&use=l&cat=p&typeid=i","cat":284532},{"id":50262,"n":"Kebab de poulet Fleury Michon Semoule à l'orientale - 280g","p":3.11,"u":"11,11 €/KG","img":"https://fd6-photos.leclercdrive.fr/image.ashx?id=2680167&use=l&cat=p&typeid=i","cat":333665},{"id":50360,"n":"Mousse à Raser Nivea Men Peaux Sensibles - 200 ml","p":2.7,"u":"13,50 €/L","img":"https://fd6-photos.leclercdrive.fr/image.ashx?id=3005212&use=l&cat=p&typeid=i","cat":284617},{"id":50415,"n":"Pâtes Pevides Turini 250g","p":0.58,"u":"2,32 €/KG","img":"https://fd6-photos.leclercdrive.fr/image.ashx?id=2578508&use=l&cat=p&typeid=i","cat":289009},{"id":50432,"n":"Pain Campagnard GERBLE  Sans gluten - 350g","p":4.32,"u":"12,34 €/KG","img":"https://fd6-photos.leclercdrive.fr/image.ashx?id=2662829&use=l&cat=p&typeid=i","cat":325069},{"id":50442,"n":"Haut de Cuisse Poulet Blanc Les Accessibles - 1kg","p":4.68,"u":"4,68 €/KG","img":"https://fd6-photos.leclercdrive.fr/image.ashx?id=2831975&use=l&cat=p&typeid=i","cat":284336},{"id":50445,"n":"Filet de poulet Le Gaulois Les Accessibles - 1kg","p":11.01,"u":"11,01 €/KG","img":"https://fd6-photos.leclercdrive.fr/image.ashx?id=2831966&use=l&cat=p&typeid=i","cat":284336},{"id":50446,"n":"Aiguilette Poulet Blanc S/Atm Les Accessibles - 500g","p":5.74,"u":"11,48 €/KG","img":"https://fd6-photos.leclercdrive.fr/image.ashx?id=2831978&use=l&cat=p&typeid=i","cat":284336},{"id":50459,"n":"Fromage à Tartiner St Môret  Nature - 150g","p":2.01,"u":"13,40 €/KG","img":"https://fd6-photos.leclercdrive.fr/image.ashx?id=2755468&use=l&cat=p&typeid=i","cat":314029},{"id":50491,"n":"Bière blanche Hoegaarden 4,9% - 6x25cl","p":4.55,"u":"3,03 €/L","img":"https://fd6-photos.leclercdrive.fr/image.ashx?id=2963922&use=l&cat=p&typeid=i","cat":334878},{"id":50524,"n":"Crème soin Nivea visage Sensitive soin de jour - 50ml","p":4.05,"u":"81,00 €/L","img":"https://fd6-photos.leclercdrive.fr/image.ashx?id=2221581&use=l&cat=p&typeid=i","cat":325345},{"id":50548,"n":"Lait de croissance Lactel Nature - 6x1L","p":11.12,"u":"1,85 €/L","img":"https://fd6-photos.leclercdrive.fr/image.ashx?id=2927438&use=l&cat=p&typeid=i","cat":284728},{"id":50568,"n":"Eau aromatisée Cristaline Jus de pêche - 1.5L","p":1.14,"u":"0,76 €/L","img":"https://fd6-photos.leclercdrive.fr/image.ashx?id=2344615&use=l&cat=p&typeid=i","cat":284537},{"id":50570,"n":"Eau aromatisée Cristaline Fraise - 1.5L","p":1.17,"u":"0,78 €/L","img":"https://fd6-photos.leclercdrive.fr/image.ashx?id=2417255&use=l&cat=p&typeid=i","cat":284537},{"id":50573,"n":"Lait d'ici Demi-écrémé Bouteille - 6x1L","p":6.12,"u":"1,02 €/L","img":"https://fd6-photos.leclercdrive.fr/image.ashx?id=2767168&use=l&cat=p&typeid=i","cat":284377},{"id":50585,"n":"Haricots verts d'aucy  Extra-fins - 440g","p":1.79,"u":"4,07 €/KG","img":"https://fd6-photos.leclercdrive.fr/image.ashx?id=2527370&use=l&cat=p&typeid=i","cat":312606},{"id":50590,"n":"Lentilles préparées D'aucy  530g","p":1.6,"u":"3,02 €/KG","img":"https://fd6-photos.leclercdrive.fr/image.ashx?id=2560597&use=l&cat=p&typeid=i","cat":312609},{"id":50592,"n":"Pois chiches Sultanines 265g","p":0.98,"u":"3,70 €/KG","img":"https://fd6-photos.leclercdrive.fr/image.ashx?id=1920223&use=l&cat=p&typeid=i","cat":312609},{"id":50599,"n":"Crème soyeuse Bio Lait d'anesse So'Bio Etic - 50 ml","p":9.67,"u":"193,40 €/L","img":"https://fd6-photos.leclercdrive.fr/image.ashx?id=2906463&use=l&cat=p&typeid=i","cat":325345},{"id":50604,"n":"Lotion micellaire So Bio Etic Aloe vera bio - 500 ml","p":4.74,"u":"9,48 €/L","img":"https://fd6-photos.leclercdrive.fr/image.ashx?id=2493508&use=l&cat=p&typeid=i","cat":284603},{"id":50626,"n":"AOC Saint-Émilion vin rouge Chantet Blanet - 37,5cl","p":4.79,"u":"12,77 €/L","img":"https://fd6-photos.leclercdrive.fr/image.ashx?id=2805981&use=l&cat=p&typeid=i","cat":289556},{"id":50640,"n":"IGP Méditerranée vin rosé Terres Ocrées 12.5% vol BIB 5L","p":12.99,"u":"2,60 €/L","img":"https://fd6-photos.leclercdrive.fr/image.ashx?id=2883318&use=l&cat=p&typeid=i","cat":289560},{"id":50653,"n":"Blanc de dinde Eco+ 4 tranches - 180g","p":1.62,"u":"9,00 €/KG","img":"https://fd6-photos.leclercdrive.fr/image.ashx?id=2683631&use=l&cat=p&typeid=i","cat":316010},{"id":50672,"n":"Biscuits à la cuillère x30 Bonne Maman - 250g","p":4.72,"u":"18,88 €/KG","img":"https://fd6-photos.leclercdrive.fr/image.ashx?id=2936152&use=l&cat=p&typeid=i","cat":284487},{"id":50673,"n":"Financier amandes Bonne Maman 250g","p":3.92,"u":"15,68 €/KG","img":"https://fd6-photos.leclercdrive.fr/image.ashx?id=2936176&use=l&cat=p&typeid=i","cat":284492},{"id":50674,"n":"Quatre quarts Bonne Maman 500g","p":3.09,"u":"6,18 €/KG","img":"https://fd6-photos.leclercdrive.fr/image.ashx?id=2936158&use=l&cat=p&typeid=i","cat":294776},{"id":50675,"n":"Gâteau Bonne Maman  Marbré chocolat - 475g","p":3.51,"u":"7,39 €/KG","img":"https://fd6-photos.leclercdrive.fr/image.ashx?id=2936161&use=l&cat=p&typeid=i","cat":294776},{"id":50676,"n":"Madeleine coquille St Michel  Oeuf plein air x24 - 600g","p":3.5,"u":"5,83 €/KG","img":"https://fd6-photos.leclercdrive.fr/image.ashx?id=2936197&use=l&cat=p&typeid=i","cat":284492},{"id":50678,"n":"IGP Vinaigre balsamique Modène Maille - 75cl","p":4.54,"u":"6,05 €/L","img":"https://fd6-photos.leclercdrive.fr/image.ashx?id=2805666&use=l&cat=p&typeid=i","cat":298543},{"id":50680,"n":"Barre Chocolatée KINDER Country  Céréales chocolat x15 - 352,5g","p":4.77,"u":"13,55 €/KG","img":"https://fd6-photos.leclercdrive.fr/image.ashx?id=2231903&use=l&cat=p&typeid=i","cat":284498},{"id":50682,"n":"Gâteau Ker Cadélac Le Moelleux Original - 500g","p":2.63,"u":"5,26 €/KG","img":"https://fd6-photos.leclercdrive.fr/image.ashx?id=2955797&use=l&cat=p&typeid=i","cat":294776},{"id":50683,"n":"Barre marbré  Ker Cadélac  Cacao - 500g","p":2.57,"u":"5,14 €/KG","img":"https://fd6-photos.leclercdrive.fr/image.ashx?id=2939508&use=l&cat=p&typeid=i","cat":294776},{"id":50686,"n":"Compotes Pom'Potes Gourdes  Multivariétés Inédits - 12x90g","p":5.87,"u":"5,44 €/KG","img":"https://fd6-photos.leclercdrive.fr/image.ashx?id=2864303&use=l&cat=p&typeid=i","cat":284508},{"id":50688,"n":"Pains au chocolat Pasquier  x16 - 720g","p":4.31,"u":"5,99 €/KG","img":"https://fd6-photos.leclercdrive.fr/image.ashx?id=2686837&use=l&cat=p&typeid=i","cat":296366},{"id":50689,"n":"Croissants Pasquier x8 - 320g","p":1.91,"u":"5,97 €/KG","img":"https://fd6-photos.leclercdrive.fr/image.ashx?id=2853053&use=l&cat=p&typeid=i","cat":296366},{"id":50690,"n":"Brioche tressée Pasquier Tranchée nature - 500g","p":2.53,"u":"5,06 €/KG","img":"https://fd6-photos.leclercdrive.fr/image.ashx?id=2978706&use=l&cat=p&typeid=i","cat":284478},{"id":50705,"n":"Toasts ronds nature Jacquet - 250g","p":1.6,"u":"6,40 €/KG","img":"https://fd6-photos.leclercdrive.fr/image.ashx?id=2979602&use=l&cat=p&typeid=i","cat":285454},{"id":50706,"n":"Toasts foie gras ronds Jacquet - 250g","p":1.38,"u":"5,52 €/KG","img":"https://fd6-photos.leclercdrive.fr/image.ashx?id=2979599&use=l&cat=p&typeid=i","cat":285454},{"id":50712,"n":"Biscuits Choco Pause Milka Chocolat au lait - 260g","p":1.42,"u":"5,46 €/KG","img":"https://fd6-photos.leclercdrive.fr/image.ashx?id=2192572&use=l&cat=p&typeid=i","cat":284488},{"id":50713,"n":"Biscuits Oreo Vanille / chocolat blanc - 246g","p":2.43,"u":"9,88 €/KG","img":"https://fd6-photos.leclercdrive.fr/image.ashx?id=2989447&use=l&cat=p&typeid=i","cat":284488},{"id":50714,"n":"Biscottes Heudebert  Goût brioché - 290g","p":1.68,"u":"5,79 €/KG","img":"https://fd6-photos.leclercdrive.fr/image.ashx?id=3001979&use=l&cat=p&typeid=i","cat":284479},{"id":50717,"n":"Gâche tranchée La Fournée Dorée Pépites de chocolat - 500g","p":3.0,"u":"6,00 €/KG","img":"https://fd6-photos.leclercdrive.fr/image.ashx?id=2347035&use=l&cat=p&typeid=i","cat":284478},{"id":50734,"n":"Soda Sprink's Orange - 1.5L","p":0.92,"u":"0,61 €/L","img":"https://fd6-photos.leclercdrive.fr/image.ashx?id=2974810&use=l&cat=p&typeid=i","cat":284532},{"id":50736,"n":"Blancs de poulet Eco+ 4 tranches - 180g","p":1.41,"u":"7,83 €/KG","img":"https://fd6-photos.leclercdrive.fr/image.ashx?id=2683634&use=l&cat=p&typeid=i","cat":316010},{"id":50739,"n":"Bacon fumé Eco+ 12 tranches - 150g","p":1.48,"u":"9,87 €/KG","img":"https://fd6-photos.leclercdrive.fr/image.ashx?id=2837111&use=l&cat=p&typeid=i","cat":316007},{"id":50759,"n":"Biscuit croquant Bonne Maman  Noix de coco - 150g","p":1.4,"u":"9,33 €/KG","img":"https://fd6-photos.leclercdrive.fr/image.ashx?id=2936188&use=l&cat=p&typeid=i","cat":284487},{"id":50760,"n":"Sablés Bonne Maman  Tout Chocolat - 150g","p":1.64,"u":"10,93 €/KG","img":"https://fd6-photos.leclercdrive.fr/image.ashx?id=2923687&use=l&cat=p&typeid=i","cat":325066},{"id":50767,"n":"Roti de porc Eco+ 5 tranches - 150g","p":1.79,"u":"11,93 €/KG","img":"https://fd6-photos.leclercdrive.fr/image.ashx?id=2706747&use=l&cat=p&typeid=i","cat":316009},{"id":50770,"n":"Pâtes serpentin Turini  Cuisson rapide - 500g","p":1.16,"u":"2,32 €/KG","img":"https://fd6-photos.leclercdrive.fr/image.ashx?id=2607560&use=l&cat=p&typeid=i","cat":284427},{"id":50772,"n":"Epaule cuite sans couenne Eco+ 8 tranches - 360g","p":1.82,"u":"5,06 €/KG","img":"https://fd6-photos.leclercdrive.fr/image.ashx?id=2678577&use=l&cat=p&typeid=i","cat":316009},{"id":50773,"n":"Dés de jambon Eco+ 2x100G","p":1.65,"u":"8,25 €/KG","img":"https://fd6-photos.leclercdrive.fr/image.ashx?id=2930936&use=l&cat=p&typeid=i","cat":316011},{"id":50775,"n":"Mousse de canard au porto Eco+ 200g","p":1.16,"u":"5,80 €/KG","img":"https://fd6-photos.leclercdrive.fr/image.ashx?id=2716024&use=l&cat=p&typeid=i","cat":316008},{"id":50776,"n":"Mousse de foie Eco+ 300g","p":1.32,"u":"4,40 €/KG","img":"https://fd6-photos.leclercdrive.fr/image.ashx?id=2728297&use=l&cat=p&typeid=i","cat":316008},{"id":50778,"n":"Jambon qualité choix Eco+ 10 tranches - 500g","p":4.25,"u":"8,50 €/KG","img":"https://fd6-photos.leclercdrive.fr/image.ashx?id=2715010&use=l&cat=p&typeid=i","cat":316009},{"id":50779,"n":"Saucisse de Strasbourg Eco+ x10 - 350g","p":1.19,"u":"3,40 €/KG","img":"https://fd6-photos.leclercdrive.fr/image.ashx?id=2794856&use=l&cat=p&typeid=i","cat":316012},{"id":50780,"n":"Saucisse de Cocktail Eco+ 400g","p":2.65,"u":"6,63 €/KG","img":"https://fd6-photos.leclercdrive.fr/image.ashx?id=2651813&use=l&cat=p&typeid=i","cat":284450},{"id":50782,"n":"Saucisson cuit à l'ail Eco+ fumé - 400g","p":1.41,"u":"3,53 €/KG","img":"https://fd6-photos.leclercdrive.fr/image.ashx?id=2675792&use=l&cat=p&typeid=i","cat":316006},{"id":50802,"n":"Huile d'olive Tramier Vierge extra - 75cl","p":8.77,"u":"11,69 €/L","img":"https://fd6-photos.leclercdrive.fr/image.ashx?id=2769807&use=l&cat=p&typeid=i","cat":284453},{"id":50805,"n":"Sauce Tomates Barilla Olive - 400g","p":1.89,"u":"4,73 €/KG","img":"https://fd6-photos.leclercdrive.fr/image.ashx?id=2832515&use=l&cat=p&typeid=i","cat":287599},{"id":50810,"n":"Sauce Tomates Barilla Arrabbiata - 400g","p":1.82,"u":"4,55 €/KG","img":"https://fd6-photos.leclercdrive.fr/image.ashx?id=2832509&use=l&cat=p&typeid=i","cat":287599},{"id":50863,"n":"Savon verveine Petit Olivier 2x100g","p":2.28,"u":"11,40 €/KG","img":"https://fd6-photos.leclercdrive.fr/image.ashx?id=2144839&use=l&cat=p&typeid=i","cat":284597},{"id":50864,"n":"Savon Petit Olivier Fleur d'oranger - 2x100g","p":1.88,"u":"9,40 €/KG","img":"https://fd6-photos.leclercdrive.fr/image.ashx?id=2660862&use=l&cat=p&typeid=i","cat":284597},{"id":50866,"n":"Savon doux karité Petit Olivier Surgras - 250g","p":2.48,"u":"9,92 €/KG","img":"https://fd6-photos.leclercdrive.fr/image.ashx?id=2144848&use=l&cat=p&typeid=i","cat":284597},{"id":50899,"n":"Sandwich baguette Daunat XXL Poulet crudités - 230g","p":1.98,"u":"8,61 €/KG","img":"https://fd6-photos.leclercdrive.fr/image.ashx?id=2623229&use=l&cat=p&typeid=i","cat":333658},{"id":50903,"n":"Rana Feuilles de lasagnes Fraîches - 250g","p":2.62,"u":"10,48 €/KG","img":"https://fd6-photos.leclercdrive.fr/image.ashx?id=2529144&use=l&cat=p&typeid=i","cat":333682},{"id":50906,"n":"Cubes allume-feu Eco+ x32","p":1.4,"u":"0,04 €/P","img":"https://fd6-photos.leclercdrive.fr/image.ashx?id=2645125&use=l&cat=p&typeid=i","cat":300578},{"id":50915,"n":"Gnocchi à poêler Lustucru Fromage - 300g","p":1.67,"u":"5,57 €/KG","img":"https://fd6-photos.leclercdrive.fr/image.ashx?id=3014482&use=l&cat=p&typeid=i","cat":333682},{"id":50969,"n":"Calendrier de l'Avent Kinder Neige - 184g","p":9.75,"u":"52,99 €/KG","img":"https://fd6-photos.leclercdrive.fr/image.ashx?id=1984783&use=l&cat=p&typeid=i","cat":336112},{"id":50984,"n":"Soda zéro Sprink's Agrumes - 1,5L","p":0.76,"u":"0,51 €/L","img":"https://fd6-photos.leclercdrive.fr/image.ashx?id=2913724&use=l&cat=p&typeid=i","cat":284532},{"id":51046,"n":"Mouchoirs blancs 3 plis Eco+ x15","p":0.97,"u":"0,06 €/P","img":"https://fd6-photos.leclercdrive.fr/image.ashx?id=2824244&use=l&cat=p&typeid=i","cat":284638},{"id":51047,"n":"Biscuits Petit Brun extra 300g","p":1.37,"u":"4,57 €/KG","img":"https://fd6-photos.leclercdrive.fr/image.ashx?id=3002264&use=l&cat=p&typeid=i","cat":284487},{"id":51048,"n":"Lentilles Notre Jardin 3x130g","p":2.09,"u":"5,36 €/KG","img":"https://fd6-photos.leclercdrive.fr/image.ashx?id=3002617&use=l&cat=p&typeid=i","cat":312609},{"id":51050,"n":"Chips Pom'lisse Barbecue - 6x30g","p":1.99,"u":"11,06 €/KG","img":"https://fd6-photos.leclercdrive.fr/image.ashx?id=2809668&use=l&cat=p&typeid=i","cat":284447},{"id":51079,"n":"Clafoutis La Laitière Pommes façon tatin - 4x85g","p":2.8,"u":"8,24 €/KG","img":"https://fd6-photos.leclercdrive.fr/image.ashx?id=2633833&use=l&cat=p&typeid=i","cat":284419},{"id":51089,"n":"Soda Sprink's Aux agrumes - 1.5L","p":1.36,"u":"0,91 €/L","img":"https://fd6-photos.leclercdrive.fr/image.ashx?id=2913727&use=l&cat=p&typeid=i","cat":284532},{"id":51203,"n":"Filets de maqueraux Saupiquet  Vin blanc - 3x176g","p":5.99,"u":"11,34 €/KG","img":"https://fd6-photos.leclercdrive.fr/image.ashx?id=2826969&use=l&cat=p&typeid=i","cat":303868},{"id":51221,"n":"Détachant poudre Sanytol 450g","p":5.92,"u":"13,16 €/KG","img":"https://fd6-photos.leclercdrive.fr/image.ashx?id=2866316&use=l&cat=p&typeid=i","cat":284651},{"id":51250,"n":"Yaourt nature Activia bifidus 0%MG  - 8x125g","p":2.78,"u":"2,78 €/KG","img":"https://fd6-photos.leclercdrive.fr/image.ashx?id=2741688&use=l&cat=p&typeid=i","cat":315000},{"id":51254,"n":"Eau aromatisée O'Fresh Pêche - 1.5L","p":0.91,"u":"0,61 €/L","img":"https://fd6-photos.leclercdrive.fr/image.ashx?id=2450029&use=l&cat=p&typeid=i","cat":284537},{"id":51257,"n":"Eau aromatisée O'Fresh Citron vert - 1.5L","p":0.75,"u":"0,50 €/L","img":"https://fd6-photos.leclercdrive.fr/image.ashx?id=2450038&use=l&cat=p&typeid=i","cat":284537},{"id":51265,"n":"Eau aromatisée O'Fresh Citron - 1.5L","p":0.75,"u":"0,50 €/L","img":"https://fd6-photos.leclercdrive.fr/image.ashx?id=2450041&use=l&cat=p&typeid=i","cat":284537},{"id":51268,"n":"Eau aromatisée O'Fresh Fraise - 1.5L","p":0.75,"u":"0,50 €/L","img":"https://fd6-photos.leclercdrive.fr/image.ashx?id=2450044&use=l&cat=p&typeid=i","cat":284537},{"id":51270,"n":"Tablette chocolat Côte d'Or Chocolat au lait - 3x100g","p":4.79,"u":"15,97 €/KG","img":"https://fd6-photos.leclercdrive.fr/image.ashx?id=2875561&use=l&cat=p&typeid=i","cat":284497},{"id":51271,"n":"Tablette chocolat Côte d'Or Noir extra - 3x100g","p":3.8,"u":"12,67 €/KG","img":"https://fd6-photos.leclercdrive.fr/image.ashx?id=2875564&use=l&cat=p&typeid=i","cat":284956},{"id":51274,"n":"Tablette chocolat Côte d'Or Chocolar lait/ Raisin - 180g","p":3.96,"u":"22,00 €/KG","img":"https://fd6-photos.leclercdrive.fr/image.ashx?id=2961272&use=l&cat=p&typeid=i","cat":284497},{"id":51275,"n":"Tablette chocolat Côte d'Or Chocolat lait/Noisettes - 180g","p":3.26,"u":"18,11 €/KG","img":"https://fd6-photos.leclercdrive.fr/image.ashx?id=2993140&use=l&cat=p&typeid=i","cat":284497},{"id":51276,"n":"Tablette chocolat Côte d'Or Chocolat noir/Noisettes - 180g","p":3.48,"u":"19,33 €/KG","img":"https://fd6-photos.leclercdrive.fr/image.ashx?id=2993143&use=l&cat=p&typeid=i","cat":284956},{"id":51289,"n":"Fromage Blanc Calin Nature - 0% extra - 850g","p":2.3,"u":"2,71 €/KG","img":"https://fd6-photos.leclercdrive.fr/image.ashx?id=2973724&use=l&cat=p&typeid=i","cat":315000},{"id":51292,"n":"Yaourts Douceur satinée Délisse Nature - 8x125g","p":2.59,"u":"2,59 €/KG","img":"https://fd6-photos.leclercdrive.fr/image.ashx?id=2465047&use=l&cat=p&typeid=i","cat":284409},{"id":51293,"n":"Douceur satinée Délisse Noix de coco - 4x125g","p":1.71,"u":"3,42 €/KG","img":"https://fd6-photos.leclercdrive.fr/image.ashx?id=2967564&use=l&cat=p&typeid=i","cat":314999},{"id":51297,"n":"Compotes Andros Pomme nature - 8x100g","p":2.38,"u":"2,98 €/KG","img":"https://fd6-photos.leclercdrive.fr/image.ashx?id=2884006&use=l&cat=p&typeid=i","cat":284416},{"id":51298,"n":"Compotes Andros  Pomme nature - 16x100g","p":3.21,"u":"2,01 €/KG","img":"https://fd6-photos.leclercdrive.fr/image.ashx?id=2908195&use=l&cat=p&typeid=i","cat":284416},{"id":51300,"n":"Yaourt Nature Sucré Yoplait - 4x125g","p":1.16,"u":"2,32 €/KG","img":"https://fd6-photos.leclercdrive.fr/image.ashx?id=2799898&use=l&cat=p&typeid=i","cat":284409},{"id":51344,"n":"Riz au lait La Laitière Rhum raisin - 4x115g","p":1.97,"u":"4,28 €/KG","img":"https://fd6-photos.leclercdrive.fr/image.ashx?id=2490455&use=l&cat=p&typeid=i","cat":284418},{"id":51346,"n":"Dessert liégeois Viennois Vanille lit de caramel - 4x100g","p":1.76,"u":"4,40 €/KG","img":"https://fd6-photos.leclercdrive.fr/image.ashx?id=2692122&use=l&cat=p&typeid=i","cat":285042},{"id":51392,"n":"Yaourts à la Grecque Délisse Lit de fruit jaunes - 4x150g","p":1.99,"u":"3,32 €/KG","img":"https://fd6-photos.leclercdrive.fr/image.ashx?id=2699699&use=l&cat=p&typeid=i","cat":314999},{"id":51395,"n":"Profiteroles Délisse 4x90g","p":2.49,"u":"6,92 €/KG","img":"https://fd6-photos.leclercdrive.fr/image.ashx?id=2844842&use=l&cat=p&typeid=i","cat":284419},{"id":51471,"n":"Mimolette Boule d'Or Demi-vieille 7 mois - 250g","p":4.09,"u":"16,36 €/KG","img":"https://fd6-photos.leclercdrive.fr/image.ashx?id=2179857&use=l&cat=p&typeid=i","cat":314034},{"id":51607,"n":"Fromage enfant Kiri Goûter 8 portions barquettes - 280g","p":3.49,"u":"12,46 €/KG","img":"https://fd6-photos.leclercdrive.fr/image.ashx?id=2972886&use=l&cat=p&typeid=i","cat":314030},{"id":51653,"n":"Bananes Panier du Primeur x5","p":1.69,"u":"0,34 €/P","img":"https://fd6-photos.leclercdrive.fr/image.ashx?id=2302456&use=l&cat=p&typeid=i","cat":284356},{"id":51669,"n":"IGP Pays d'Oc blanc Viognier Jean-Claude Mas 13.5%vol - 75cl","p":4.5,"u":"6,00 €/L","img":"https://fd6-photos.leclercdrive.fr/image.ashx?id=2490314&use=l&cat=p&typeid=i","cat":289557},{"id":51722,"n":"Bâtonnet Magic Smicy Mutlifruits x8 - 320g","p":2.45,"u":"7,66 €/KG","img":"https://fd6-photos.leclercdrive.fr/image.ashx?id=2133942&use=l&cat=p&typeid=i","cat":285250},{"id":51750,"n":"Sel fin La Baleine Iodé - 500g","p":0.52,"u":"1,04 €/KG","img":"https://fd6-photos.leclercdrive.fr/image.ashx?id=1752100&use=l&cat=p&typeid=i","cat":284457},{"id":51791,"n":"Classeur à levier Esquisse Blanc - Dos 80mm","p":2.8,"img":"https://fd6-photos.leclercdrive.fr/image.ashx?id=1691183&use=l&cat=p&typeid=i","cat":284745},{"id":51822,"n":"Thé glacé Lipton Ice Tea Pêche - 4x50cl","p":4.22,"u":"2,11 €/L","img":"https://fd6-photos.leclercdrive.fr/image.ashx?id=2505471&use=l&cat=p&typeid=i","cat":295019},{"id":51864,"n":"Bière blonde Kronenbourg 4,2° - 6x25cl","p":3.72,"u":"2,48 €/L","img":"https://fd6-photos.leclercdrive.fr/image.ashx?id=2992747&use=l&cat=p&typeid=i","cat":334873},{"id":51865,"n":"Bière blonde Kronenbourg 4,2° - 10x25cl","p":5.37,"u":"2,15 €/L","img":"https://fd6-photos.leclercdrive.fr/image.ashx?id=2992750&use=l&cat=p&typeid=i","cat":334873},{"id":51866,"n":"Lait Croissance Mots d'Enfants 12 à 36 mois - 6x1L","p":8.04,"u":"1,34 €/L","img":"https://fd6-photos.leclercdrive.fr/image.ashx?id=2770684&use=l&cat=p&typeid=i","cat":284728},{"id":51925,"n":"Classeur à levier Esquisse Noir - Dos 80mm","p":2.8,"img":"https://fd6-photos.leclercdrive.fr/image.ashx?id=1691195&use=l&cat=p&typeid=i","cat":284745},{"id":51935,"n":"Goûter laitier Récré O'Lé Gourdes Saveur Vanille - 12x85g","p":6.08,"u":"5,96 €/KG","img":"https://fd6-photos.leclercdrive.fr/image.ashx?id=2795213&use=l&cat=p&typeid=i","cat":284506},{"id":51956,"n":"Gel barquette  Bien Air Muguet  x1","p":1.24,"img":"https://fd6-photos.leclercdrive.fr/image.ashx?id=2466877&use=l&cat=p&typeid=i","cat":311628},{"id":51976,"n":"Boisson lactée Candy'UP Chocolat - 24x20cl","p":10.9,"pp":8.17,"u":"1,70 €/L","img":"https://fd6-photos.leclercdrive.fr/image.ashx?id=2851060&use=l&cat=p&typeid=i","cat":295246},{"id":51978,"n":"Boisson au soja Nat&Vie Chocolat - 1L","p":1.4,"u":"1,40 €/L","img":"https://fd6-photos.leclercdrive.fr/image.ashx?id=2886457&use=l&cat=p&typeid=i","cat":316067},{"id":51979,"n":"Boisson au soja Vanille Végé 1L Végé - 200g","p":1.35,"u":"1,35 €/L","img":"https://fd6-photos.leclercdrive.fr/image.ashx?id=2872703&use=l&cat=p&typeid=i","cat":316067},{"id":51995,"n":"Spécialité laitière Délisse Epaisse - 7% MG - 50cl","p":1.43,"u":"2,86 €/L","img":"https://fd6-photos.leclercdrive.fr/image.ashx?id=2363802&use=l&cat=p&typeid=i","cat":284381},{"id":51996,"n":"Spécialtié laitière Délisse UHT Fluide 4%mg - 3x20cl","p":1.99,"u":"3,32 €/L","img":"https://fd6-photos.leclercdrive.fr/image.ashx?id=2909398&use=l&cat=p&typeid=i","cat":284381},{"id":51999,"n":"Spécialité laitière Délisse Semi-épaisse 4%mg - 2x25cl","p":1.9,"u":"3,80 €/L","img":"https://fd6-photos.leclercdrive.fr/image.ashx?id=1790942&use=l&cat=p&typeid=i","cat":284381},{"id":52000,"n":"Spécialité laitière Délisse Epaisse - 7% MG - 20cl","p":0.95,"u":"4,75 €/L","img":"https://fd6-photos.leclercdrive.fr/image.ashx?id=2375583&use=l&cat=p&typeid=i","cat":284381},{"id":52001,"n":"Pâte à pizza fine Herta Rectangulaire - 390g","p":1.52,"u":"3,90 €/KG","img":"https://fd6-photos.leclercdrive.fr/image.ashx?id=2976110&use=l&cat=p&typeid=i","cat":333681},{"id":52002,"n":"HERTA Pâte à pizza fine & ronde 265g","p":1.23,"u":"4,64 €/KG","img":"https://fd6-photos.leclercdrive.fr/image.ashx?id=2975674&use=l&cat=p&typeid=i","cat":333681},{"id":52004,"n":"AOC Alsace Edelzwicker  vin blanc Rebmann - 75 cl","p":4.49,"u":"5,99 €/L","img":"https://fd6-photos.leclercdrive.fr/image.ashx?id=2775472&use=l&cat=p&typeid=i","cat":289557},{"id":52006,"n":"Blinis Ronde des Mers Medium x8 - 160g","p":1.69,"u":"10,56 €/KG","img":"https://fd6-photos.leclercdrive.fr/image.ashx?id=2981888&use=l&cat=p&typeid=i","cat":285191},{"id":52071,"n":"Tortillas Table du Monde De maïs - 320g","p":1.69,"u":"5,28 €/KG","img":"https://fd6-photos.leclercdrive.fr/image.ashx?id=2679759&use=l&cat=p&typeid=i","cat":288993},{"id":52080,"n":"Emmental fromage rapé Les Croisés - 1kg","p":7.97,"u":"7,97 €/KG","img":"https://fd6-photos.leclercdrive.fr/image.ashx?id=2832990&use=l&cat=p&typeid=i","cat":314035},{"id":52081,"n":"Boisson à base de vin rosé  saveur fraise Festalie - 75 cl","p":2.21,"u":"2,95 €/L","img":"https://fd6-photos.leclercdrive.fr/image.ashx?id=2774903&use=l&cat=p&typeid=i","cat":304569},{"id":52082,"n":"Roulés Les Croisés Jambon fumé Fromage ail fines herbes - 100g","p":2.79,"u":"27,90 €/KG","img":"https://fd6-photos.leclercdrive.fr/image.ashx?id=2501682&use=l&cat=p&typeid=i","cat":314027},{"id":52086,"n":"Cappuccino soluble Plantation  Saveur vanille - 310g","p":2.42,"u":"7,81 €/KG","img":"https://fd6-photos.leclercdrive.fr/image.ashx?id=2819277&use=l&cat=p&typeid=i","cat":284843},{"id":52087,"n":"Apéritif Rosso Voltano Sans alcool - 75cl","p":2.28,"u":"3,04 €/L","img":"https://fd6-photos.leclercdrive.fr/image.ashx?id=2562117&use=l&cat=p&typeid=i","cat":284549},{"id":52090,"n":"Pizza Turini 3 Fromages - 3x350g","p":5.3,"u":"5,05 €/KG","img":"https://fd6-photos.leclercdrive.fr/image.ashx?id=2815247&use=l&cat=p&typeid=i","cat":284256},{"id":52093,"n":"Salade Menu Fraîcheur Lentilles aux oignons - 300g","p":1.55,"u":"5,17 €/KG","img":"https://fd6-photos.leclercdrive.fr/image.ashx?id=2645954&use=l&cat=p&typeid=i","cat":333657},{"id":52096,"n":"Confit de figues NRT De Provence - 150g","p":1.87,"u":"12,47 €/KG","img":"https://fd6-photos.leclercdrive.fr/image.ashx?id=2839995&use=l&cat=p&typeid=i","cat":284480},{"id":52104,"n":"Gaufres P'tit Deli Poudrées - 260g","p":1.69,"u":"6,50 €/KG","img":"https://fd6-photos.leclercdrive.fr/image.ashx?id=2932417&use=l&cat=p&typeid=i","cat":294777},{"id":52108,"n":"Sirop violette NRT Des Alpes-Maritimes -70cl","p":3.2,"u":"4,57 €/L","img":"https://fd6-photos.leclercdrive.fr/image.ashx?id=2590490&use=l&cat=p&typeid=i","cat":295020},{"id":52112,"n":"Jambon sec Saint Azay  4 tranches - 100g","p":2.06,"u":"20,60 €/KG","img":"https://fd6-photos.leclercdrive.fr/image.ashx?id=2869275&use=l&cat=p&typeid=i","cat":316007},{"id":52115,"n":"Ail Rustica  250g","p":3.29,"u":"13,16 €/KG","img":"https://fd6-photos.leclercdrive.fr/image.ashx?id=2341894&use=l&cat=p&typeid=i","cat":319804},{"id":52117,"n":"Persil et ail Rustica   250g","p":3.33,"u":"13,32 €/KG","img":"https://fd6-photos.leclercdrive.fr/image.ashx?id=2341897&use=l&cat=p&typeid=i","cat":319804},{"id":52118,"n":"Persil Rustica 250g","p":3.29,"u":"13,16 €/KG","img":"https://fd6-photos.leclercdrive.fr/image.ashx?id=2835205&use=l&cat=p&typeid=i","cat":319804},{"id":52122,"n":"Limonade Sprink's Zero - 1.5L","p":0.59,"u":"0,39 €/L","img":"https://fd6-photos.leclercdrive.fr/image.ashx?id=2913681&use=l&cat=p&typeid=i","cat":284531},{"id":52124,"n":"Pâtes Tagliatelles Turini  Fraiches - 600g","p":1.93,"u":"3,22 €/KG","img":"https://fd6-photos.leclercdrive.fr/image.ashx?id=2823081&use=l&cat=p&typeid=i","cat":333682},{"id":52125,"n":"Feuilleté glacé Tyrolia Eskiss Fruits rouges - 390g","p":2.96,"u":"7,59 €/KG","img":"https://fd6-photos.leclercdrive.fr/image.ashx?id=2660425&use=l&cat=p&typeid=i","cat":284266},{"id":52131,"n":"Filet de poulet Côté Table  Pomme de terre salardaise 300g","p":2.73,"u":"9,10 €/KG","img":"https://fd6-photos.leclercdrive.fr/image.ashx?id=2614476&use=l&cat=p&typeid=i","cat":333665},{"id":52134,"n":"Emmental -30% sel fromage bloc  Les Croisés - 200g","p":2.59,"u":"12,95 €/KG","img":"https://fd6-photos.leclercdrive.fr/image.ashx?id=2897790&use=l&cat=p&typeid=i","cat":314034},{"id":52135,"n":"Emmental -30% sel fromage râpé Les Croisés - 150g","p":1.99,"u":"13,27 €/KG","img":"https://fd6-photos.leclercdrive.fr/image.ashx?id=2949197&use=l&cat=p&typeid=i","cat":314035},{"id":52139,"n":"Confit d'oignons NRT 150g","p":1.87,"u":"12,47 €/KG","img":"https://fd6-photos.leclercdrive.fr/image.ashx?id=2839998&use=l&cat=p&typeid=i","cat":284458},{"id":52141,"n":"Bâtonnets Dentastix Pedigree Moyen chien x7 - 180g","p":2.29,"u":"12,72 €/KG","img":"https://fd6-photos.leclercdrive.fr/image.ashx?id=2981301&use=l&cat=p&typeid=i","cat":294527},{"id":52143,"n":"Bâtonnets Dentastix Pedigree Petit chien x7 - 110g","p":1.76,"u":"16,00 €/KG","img":"https://fd6-photos.leclercdrive.fr/image.ashx?id=2832338&use=l&cat=p&typeid=i","cat":294527},{"id":52148,"n":"Filet de poulet Fleury Michon pommes de terre - 300g","p":3.2,"u":"10,67 €/KG","img":"https://fd6-photos.leclercdrive.fr/image.ashx?id=2656754&use=l&cat=p&typeid=i","cat":333665},{"id":52170,"n":"Amandes effilées Vahiné 125g","p":3.65,"u":"29,20 €/KG","img":"https://fd6-photos.leclercdrive.fr/image.ashx?id=2490575&use=l&cat=p&typeid=i","cat":284504},{"id":52172,"n":"Noisettes en poudre Vahiné 100g","p":3.22,"u":"32,20 €/KG","img":"https://fd6-photos.leclercdrive.fr/image.ashx?id=2559823&use=l&cat=p&typeid=i","cat":284504},{"id":52175,"n":"Raisins secs Vahiné  125g","p":1.66,"u":"13,28 €/KG","img":"https://fd6-photos.leclercdrive.fr/image.ashx?id=2559820&use=l&cat=p&typeid=i","cat":284357},{"id":52176,"n":"Cerneaux de noix Vahiné 50g","p":1.59,"u":"31,80 €/KG","img":"https://fd6-photos.leclercdrive.fr/image.ashx?id=2606247&use=l&cat=p&typeid=i","cat":284504},{"id":52177,"n":"Pignons de pin Vahiné 50g","p":3.92,"u":"78,40 €/KG","img":"https://fd6-photos.leclercdrive.fr/image.ashx?id=2559799&use=l&cat=p&typeid=i","cat":284357},{"id":52246,"n":"Spray retouche L'Oréal Paris Magic Retouch Noir","p":9.28,"u":"123,73 €/L","img":"https://fd6-photos.leclercdrive.fr/image.ashx?id=2586420&use=l&cat=p&typeid=i","cat":288899},{"id":52247,"n":"Spray racine Magic Retouch 6 Chatain/acajou - 75ml","p":9.29,"u":"123,87 €/L","img":"https://fd6-photos.leclercdrive.fr/image.ashx?id=2618011&use=l&cat=p&typeid=i","cat":288899},{"id":52248,"n":"Spray racine Magic Retouch 5 Blond - 75ml","p":9.29,"u":"123,87 €/L","img":"https://fd6-photos.leclercdrive.fr/image.ashx?id=2597193&use=l&cat=p&typeid=i","cat":288899},{"id":52249,"n":"Spray retouche L'Oréal Paris Magic Retouch Blond foncé","p":9.83,"u":"131,07 €/L","img":"https://fd6-photos.leclercdrive.fr/image.ashx?id=2586429&use=l&cat=p&typeid=i","cat":288899},{"id":52250,"n":"Spray Coloration L'Oréal Paris Magic Retouch Châtain","p":9.29,"u":"123,87 €/L","img":"https://fd6-photos.leclercdrive.fr/image.ashx?id=2586426&use=l&cat=p&typeid=i","cat":288899},{"id":52251,"n":"Spray retouche L'Oréal Paris Magic Retouch Châtain Foncé","p":9.29,"u":"123,87 €/L","img":"https://fd6-photos.leclercdrive.fr/image.ashx?id=2586423&use=l&cat=p&typeid=i","cat":288899},{"id":52254,"n":"IGP Comté Tolosan vin blanc Bernard Cordelier - 75 cl","p":1.99,"u":"2,65 €/L","img":"https://fd6-photos.leclercdrive.fr/image.ashx?id=2750126&use=l&cat=p&typeid=i","cat":289557},{"id":52335,"n":"Sauce tomate cuisinée Panzani Tube légumes - 180g","p":0.98,"u":"5,44 €/KG","img":"https://fd6-photos.leclercdrive.fr/image.ashx?id=2984751&use=l&cat=p&typeid=i","cat":288384},{"id":52384,"n":"Règle Double décimètre Esquisse 20 cm x1","p":0.5,"img":"https://fd6-photos.leclercdrive.fr/image.ashx?id=2943247&use=l&cat=p&typeid=i","cat":334133},{"id":52388,"n":"Crème anti-âge So Bio Etic Plaisir d'argan bio - 50ml","p":9.15,"u":"183,00 €/L","img":"https://fd6-photos.leclercdrive.fr/image.ashx?id=2988587&use=l&cat=p&typeid=i","cat":325345},{"id":52389,"n":"Gelée nuit anti âge So Bio Etic Argan bio - 40ml","p":9.29,"u":"232,25 €/L","img":"https://fd6-photos.leclercdrive.fr/image.ashx?id=2494734&use=l&cat=p&typeid=i","cat":325345},{"id":52392,"n":"Contour yeux lèvres So Bio Etic Anti-âge Argan bio - 15ml","p":8.39,"u":"559,33 €/L","img":"https://fd6-photos.leclercdrive.fr/image.ashx?id=2494740&use=l&cat=p&typeid=i","cat":325345},{"id":52404,"n":"Yaourt nature bifidus Activia 12x125g","p":3.88,"u":"2,59 €/KG","img":"https://fd6-photos.leclercdrive.fr/image.ashx?id=2741703&use=l&cat=p&typeid=i","cat":315000},{"id":52539,"n":"Pur jus de citron Jardin Bio Bio - 50cl","p":3.1,"u":"6,20 €/L","img":"https://fd6-photos.leclercdrive.fr/image.ashx?id=3014524&use=l&cat=p&typeid=i","cat":288383},{"id":52582,"n":"Sauce Bolognaise Panzani - 210G","p":1.35,"u":"6,43 €/KG","img":"https://fd6-photos.leclercdrive.fr/image.ashx?id=2977927&use=l&cat=p&typeid=i","cat":287599},{"id":52618,"n":"Crème brulée Rians  3x100g","p":3.21,"u":"10,70 €/KG","img":"https://fd6-photos.leclercdrive.fr/image.ashx?id=2396246&use=l&cat=p&typeid=i","cat":284419},{"id":52625,"n":"Sauce Pommes de Terre Bénédicta - 255g","p":1.6,"u":"6,15 €/KG","img":"https://fd6-photos.leclercdrive.fr/image.ashx?id=2689925&use=l&cat=p&typeid=i","cat":318430},{"id":52631,"n":"Sauce Béarnaise Bénédicta - 260g","p":1.39,"u":"5,35 €/KG","img":"https://fd6-photos.leclercdrive.fr/image.ashx?id=2689931&use=l&cat=p&typeid=i","cat":318430},{"id":52632,"n":"Sauce au Poivre Bénédicta - 260g","p":1.61,"u":"6,19 €/KG","img":"https://fd6-photos.leclercdrive.fr/image.ashx?id=2689937&use=l&cat=p&typeid=i","cat":318430},{"id":52633,"n":"Sauce Tartare Bénédicta - 260g","p":1.56,"u":"6,00 €/KG","img":"https://fd6-photos.leclercdrive.fr/image.ashx?id=2689940&use=l&cat=p&typeid=i","cat":318430},{"id":52634,"n":"Sauce Bourguignonne Bénédicta - 260g","p":1.39,"u":"5,15 €/KG","img":"https://fd6-photos.leclercdrive.fr/image.ashx?id=2689943&use=l&cat=p&typeid=i","cat":318430},{"id":52664,"n":"Serpillère super Mocio Vileda x1","p":9.79,"img":"https://fd6-photos.leclercdrive.fr/image.ashx?id=2575828&use=l&cat=p&typeid=i","cat":284669},{"id":52673,"n":"Fromage Burger cheddar/emmental Président - 12 tranches - 200g","p":1.53,"u":"7,65 €/KG","img":"https://fd6-photos.leclercdrive.fr/image.ashx?id=2445024&use=l&cat=p&typeid=i","cat":314028},{"id":52679,"n":"Fromage cabecou Rians 22%mg - 3x35g","p":2.48,"u":"23,62 €/KG","img":"https://fd6-photos.leclercdrive.fr/image.ashx?id=2668455&use=l&cat=p&typeid=i","cat":314031},{"id":52684,"n":"Cheddar fromage râpé  Les Croisés - 200g","p":2.39,"u":"11,95 €/KG","img":"https://fd6-photos.leclercdrive.fr/image.ashx?id=2044381&use=l&cat=p&typeid=i","cat":314035},{"id":52688,"n":"Burrata Di Andria IGP  Tradizioni d'italia - 200g","p":4.79,"u":"23,95 €/KG","img":"https://fd6-photos.leclercdrive.fr/image.ashx?id=2904025&use=l&cat=p&typeid=i","cat":314026},{"id":52699,"n":"Comté Entremont Râpé - 2x70g","p":2.49,"u":"17,79 €/KG","img":"https://fd6-photos.leclercdrive.fr/image.ashx?id=2983162&use=l&cat=p&typeid=i","cat":314035},{"id":52701,"n":"Fromage Richesmonts Tartiflette - 450g","p":6.64,"u":"14,76 €/KG","img":"https://fd6-photos.leclercdrive.fr/image.ashx?id=3008182&use=l&cat=p&typeid=i","cat":314037},{"id":52703,"n":"Emmental à croquer Président 8 pièces - 144g","p":2.48,"u":"17,22 €/KG","img":"https://fd6-photos.leclercdrive.fr/image.ashx?id=2014535&use=l&cat=p&typeid=i","cat":314030},{"id":52720,"n":"Essuie-tout blanc Mimosa Super absorbant - x3 compacts","p":3.99,"u":"1,33 €/P","img":"https://fd6-photos.leclercdrive.fr/image.ashx?id=2727401&use=l&cat=p&typeid=i","cat":284635},{"id":52757,"n":"Biscuits sablés Granola Chocolat au lait - 2x200g","p":2.75,"u":"6,88 €/KG","img":"https://fd6-photos.leclercdrive.fr/image.ashx?id=2347275&use=l&cat=p&typeid=i","cat":284488},{"id":52773,"n":"Céréales Crousti avoine Bjorg Chocolat  bio - 500g","p":4.86,"u":"9,72 €/KG","img":"https://fd6-photos.leclercdrive.fr/image.ashx?id=2906184&use=l&cat=p&typeid=i","cat":318651},{"id":52790,"n":"Fromage mi-chèvre Soignon 180g","p":2.09,"u":"11,61 €/KG","img":"https://fd6-photos.leclercdrive.fr/image.ashx?id=2734357&use=l&cat=p&typeid=i","cat":314031},{"id":52797,"n":"AOP Parmigiano Reggiano Tradizioni d'Italia - 60g","p":1.89,"u":"31,50 €/KG","img":"https://fd6-photos.leclercdrive.fr/image.ashx?id=2904028&use=l&cat=p&typeid=i","cat":314035},{"id":52804,"n":"Fromage à Raclette RichesMonts  Classique 18 Tranches - 420g","p":5.22,"u":"12,43 €/KG","img":"https://fd6-photos.leclercdrive.fr/image.ashx?id=2953489&use=l&cat=p&typeid=i","cat":314037},{"id":52806,"n":"Fromage à Tartiner St Môret  Nature Léger - 300g","p":3.89,"u":"12,97 €/KG","img":"https://fd6-photos.leclercdrive.fr/image.ashx?id=2914507&use=l&cat=p&typeid=i","cat":314029},{"id":52809,"n":"Fromage raclette Les Croisés 28%mg - 800g","p":7.39,"u":"9,24 €/KG","img":"https://fd6-photos.leclercdrive.fr/image.ashx?id=2969761&use=l&cat=p&typeid=i","cat":314037},{"id":52811,"n":"Fromage raclette fumée Les Croisés 26%mg - 250g","p":2.99,"u":"11,96 €/KG","img":"https://fd6-photos.leclercdrive.fr/image.ashx?id=2793236&use=l&cat=p&typeid=i","cat":314037},{"id":52812,"n":"Yaourt nature bifidus Activia 16x125g","p":4.56,"u":"2,28 €/KG","img":"https://fd6-photos.leclercdrive.fr/image.ashx?id=2831675&use=l&cat=p&typeid=i","cat":315000},{"id":52816,"n":"yaourt nature bifidus Activia 8x125g","p":2.85,"u":"2,85 €/KG","img":"https://fd6-photos.leclercdrive.fr/image.ashx?id=2741709&use=l&cat=p&typeid=i","cat":315000},{"id":52818,"n":"Fromage à tartiner Boursin Figue et 3 noix - 150g","p":2.29,"u":"15,27 €/KG","img":"https://fd6-photos.leclercdrive.fr/image.ashx?id=2962062&use=l&cat=p&typeid=i","cat":314029},{"id":52819,"n":"Fromage Gruyère râpé IGP NRT 150g","p":2.22,"u":"14,80 €/KG","img":"https://fd6-photos.leclercdrive.fr/image.ashx?id=2771085&use=l&cat=p&typeid=i","cat":314035},{"id":52820,"n":"Fromage Mont d'Or AOP  Nos Régions ont du Talent -400g","p":7.59,"u":"18,98 €/KG","img":"https://fd6-photos.leclercdrive.fr/image.ashx?id=2934841&use=l&cat=p&typeid=i","cat":314037},{"id":52951,"n":"Café dosettes Tassimo Thé vert menthe x16","p":4.77,"u":"119,25 €/KG","img":"https://fd6-photos.leclercdrive.fr/image.ashx?id=2100368&use=l&cat=p&typeid=i","cat":293233},{"id":52958,"n":"Café dosettes Tassimo L'Or Espresso Classique x16","p":4.45,"u":"42,79 €/KG","img":"https://fd6-photos.leclercdrive.fr/image.ashx?id=2507335&use=l&cat=p&typeid=i","cat":293240},{"id":52961,"n":"Gnocchi Bio Village Bio - 300g","p":2.18,"u":"7,27 €/KG","img":"https://fd6-photos.leclercdrive.fr/image.ashx?id=2607960&use=l&cat=p&typeid=i","cat":333682},{"id":52962,"n":"Biscuits fourrés Prince Chocolat - 300g","p":1.34,"u":"4,47 €/KG","img":"https://fd6-photos.leclercdrive.fr/image.ashx?id=3014638&use=l&cat=p&typeid=i","cat":284488},{"id":52979,"n":"Truite fumée de Bretagne NRT x4 - 120g","p":5.2,"u":"43,33 €/KG","img":"https://fd6-photos.leclercdrive.fr/image.ashx?id=2663851&use=l&cat=p&typeid=i","cat":285188},{"id":53003,"n":"Vin d'Espagne rouge Merlot Adrien Champaud - BIB 5L","p":9.99,"u":"2,00 €/L","img":"https://fd6-photos.leclercdrive.fr/image.ashx?id=2960496&use=l&cat=p&typeid=i","cat":289560},{"id":53064,"n":"Eponges grattantes Mamison  Vaisselle délicate - x2","p":1.26,"u":"0,63 €/P","img":"https://fd6-photos.leclercdrive.fr/image.ashx?id=2202440&use=l&cat=p&typeid=i","cat":284667},{"id":53065,"n":"Eponges grattantes Mamison  Récurage difficile - x2","p":1.27,"u":"0,64 €/P","img":"https://fd6-photos.leclercdrive.fr/image.ashx?id=2207733&use=l&cat=p&typeid=i","cat":284667},{"id":53067,"n":"Recharge désodorisant Bien Air  Floral - 15ml","p":1.55,"u":"103,33 €/L","img":"https://fd6-photos.leclercdrive.fr/image.ashx?id=2467655&use=l&cat=p&typeid=i","cat":311629},{"id":53112,"n":"Surligneurs Brite liner Bic  Couleurs assortis - x5","p":2.29,"u":"0,46 €/P","img":"https://fd6-photos.leclercdrive.fr/image.ashx?id=2972406&use=l&cat=p&typeid=i","cat":284696},{"id":53116,"n":"Rhum blanc agricole Damoiseau 50%vol - 1L","p":18.79,"u":"18,79 €/L","img":"https://fd6-photos.leclercdrive.fr/image.ashx?id=2021214&use=l&cat=p&typeid=i","cat":284550},{"id":53150,"n":"Barquette chat Sheba  Volaille en sauce - 12x85g","p":7.14,"u":"7,00 €/KG","img":"https://fd6-photos.leclercdrive.fr/image.ashx?id=2759640&use=l&cat=p&typeid=i","cat":285286},{"id":53167,"n":"Gaufres liégoise P'tit Déli Nappée chocolat - x7 - 402g","p":2.61,"u":"6,49 €/KG","img":"https://fd6-photos.leclercdrive.fr/image.ashx?id=1965560&use=l&cat=p&typeid=i","cat":294777},{"id":53168,"n":"Snacks chats Tous mes amis Hygiène dentaire mini - 40g","p":0.99,"u":"24,75 €/KG","img":"https://fd6-photos.leclercdrive.fr/image.ashx?id=1946868&use=l&cat=p&typeid=i","cat":285285},{"id":53174,"n":"Chocolat noir Equador Caramel salé - 100g","p":1.58,"u":"15,80 €/KG","img":"https://fd6-photos.leclercdrive.fr/image.ashx?id=2553339&use=l&cat=p&typeid=i","cat":284956},{"id":53183,"n":"Tartinable Saumon Cap Océan Fromage ail fines herbes - 140g","p":1.88,"u":"13,43 €/KG","img":"https://fd6-photos.leclercdrive.fr/image.ashx?id=2406028&use=l&cat=p&typeid=i","cat":285191},{"id":53289,"n":"Gel Douche Cottage Monoi - 560ml","p":2.89,"u":"5,16 €/L","img":"https://fd6-photos.leclercdrive.fr/image.ashx?id=2063416&use=l&cat=p&typeid=i","cat":284594},{"id":53396,"n":"Yaourt nature bifidus Activia 4x125g","p":1.38,"u":"2,76 €/KG","img":"https://fd6-photos.leclercdrive.fr/image.ashx?id=2885944&use=l&cat=p&typeid=i","cat":315000},{"id":53434,"n":"Salade d'Alaska Menu Fraîcheur 300g","p":2.59,"u":"8,63 €/KG","img":"https://fd6-photos.leclercdrive.fr/image.ashx?id=2727638&use=l&cat=p&typeid=i","cat":333657},{"id":53465,"n":"Biscuit petit beurre P'tit Déli Chocolat lait 48% - 125g","p":1.49,"u":"11,92 €/KG","img":"https://fd6-photos.leclercdrive.fr/image.ashx?id=2846520&use=l&cat=p&typeid=i","cat":284488},{"id":53474,"n":"Bloc de foie gras pour apéritif Pierre De Chaumeyrac - 100g","p":5.99,"u":"59,90 €/KG","img":"https://fd6-photos.leclercdrive.fr/image.ashx?id=2804332&use=l&cat=p&typeid=i","cat":316008},{"id":53479,"n":"AOP Côtes du Rhône rouge Vieille Vignes - 75cl","p":3.69,"u":"4,92 €/L","img":"https://fd6-photos.leclercdrive.fr/image.ashx?id=2487317&use=l&cat=p&typeid=i","cat":289556},{"id":53508,"n":"Fine chapelure de pain Tipiak 275g","p":0.63,"u":"2,29 €/KG","img":"https://fd6-photos.leclercdrive.fr/image.ashx?id=2594124&use=l&cat=p&typeid=i","cat":288382},{"id":53600,"n":"Recharge spray Bien Air Automatique japon - 250ml","p":2.39,"u":"9,56 €/L","img":"https://fd6-photos.leclercdrive.fr/image.ashx?id=2974963&use=l&cat=p&typeid=i","cat":311629},{"id":53601,"n":"Recharge spray Bien Air Vanille ambré automatique 250ml","p":2.39,"u":"9,56 €/L","img":"https://fd6-photos.leclercdrive.fr/image.ashx?id=2991136&use=l&cat=p&typeid=i","cat":311629},{"id":53606,"n":"Salade Mexicaine Côté Snack Au thon - 250g","p":1.89,"u":"7,56 €/KG","img":"https://fd6-photos.leclercdrive.fr/image.ashx?id=2884255&use=l&cat=p&typeid=i","cat":284437},{"id":53663,"n":"Dés d'épaule Fleury Michon - 2x75g","p":1.52,"u":"10,13 €/KG","img":"https://fd6-photos.leclercdrive.fr/image.ashx?id=2650429&use=l&cat=p&typeid=i","cat":316011},{"id":53669,"n":"Assortiment Justin Bridou  4 charcuteries - 260g","p":5.35,"u":"20,58 €/KG","img":"https://fd6-photos.leclercdrive.fr/image.ashx?id=2770783&use=l&cat=p&typeid=i","cat":316007},{"id":53679,"n":"Dissolvant Diadermine Douceur - 125ml","p":2.19,"u":"17,52 €/L","img":"https://fd6-photos.leclercdrive.fr/image.ashx?id=2334926&use=l&cat=p&typeid=i","cat":325347},{"id":53716,"n":"AOP Monbazillac vin blanc Or Extrême Barouillet - 75cl","p":6.75,"u":"9,00 €/L","img":"https://fd6-photos.leclercdrive.fr/image.ashx?id=2938752&use=l&cat=p&typeid=i","cat":289557},{"id":53776,"n":"Brioche tressée Pasquier Nature - 630g","p":2.74,"u":"4,35 €/KG","img":"https://fd6-photos.leclercdrive.fr/image.ashx?id=2850946&use=l&cat=p&typeid=i","cat":284478},{"id":53777,"n":"Brioche tressée Pasquier  Pépites - 630g","p":2.84,"u":"4,51 €/KG","img":"https://fd6-photos.leclercdrive.fr/image.ashx?id=2848809&use=l&cat=p&typeid=i","cat":284478},{"id":53783,"n":"Lait de coco Suzi Wan 200ml","p":1.28,"u":"6,40 €/L","img":"https://fd6-photos.leclercdrive.fr/image.ashx?id=3002177&use=l&cat=p&typeid=i","cat":288992},{"id":53816,"n":"Chocolats Ferrero Collection Assortiments x32- 359g","p":12.34,"u":"34,37 €/KG","img":"https://fd6-photos.leclercdrive.fr/image.ashx?id=2940507&use=l&cat=p&typeid=i","cat":327595},{"id":53820,"n":"Madeleines Armor Délices x13 - 430g","p":3.75,"u":"8,72 €/KG","img":"https://fd6-photos.leclercdrive.fr/image.ashx?id=2788688&use=l&cat=p&typeid=i","cat":284492},{"id":53839,"n":"Râpé 3 saveurs Président 200g","p":2.89,"u":"14,45 €/KG","img":"https://fd6-photos.leclercdrive.fr/image.ashx?id=2786006&use=l&cat=p&typeid=i","cat":314035},{"id":53899,"n":"Eau minérale gazeuse Perrier  Naturelle - 6x1L","p":3.78,"u":"0,63 €/L","img":"https://fd6-photos.leclercdrive.fr/image.ashx?id=2454463&use=l&cat=p&typeid=i","cat":284536},{"id":53902,"n":"Eau minérale gazeuse Perrier  Fines bulles - 6x1L","p":3.6,"u":"0,60 €/L","img":"https://fd6-photos.leclercdrive.fr/image.ashx?id=2830924&use=l&cat=p&typeid=i","cat":284536},{"id":53936,"n":"Dés de fromage salade Boursin Echalote ciboulette - 120g","p":1.99,"u":"16,58 €/KG","img":"https://fd6-photos.leclercdrive.fr/image.ashx?id=2865671&use=l&cat=p&typeid=i","cat":314027},{"id":53944,"n":"Fromage à tartiner Boursin Ail et fines herbes - 250g","p":3.31,"u":"13,24 €/KG","img":"https://fd6-photos.leclercdrive.fr/image.ashx?id=2999853&use=l&cat=p&typeid=i","cat":314029},{"id":53946,"n":"Fromage à tartiner Boursin Echalote et ciboulette - 150g","p":2.29,"u":"15,27 €/KG","img":"https://fd6-photos.leclercdrive.fr/image.ashx?id=2962059&use=l&cat=p&typeid=i","cat":314029},{"id":54172,"n":"Sauce aux 3 poivres  120g","p":1.69,"u":"14,08 €/KG","img":"https://fd6-photos.leclercdrive.fr/image.ashx?id=2636242&use=l&cat=p&typeid=i","cat":284382},{"id":54173,"n":"Sauce Forestière Férial 120g","p":1.69,"u":"14,08 €/KG","img":"https://fd6-photos.leclercdrive.fr/image.ashx?id=2636248&use=l&cat=p&typeid=i","cat":284382},{"id":54174,"n":"Pâte a pizza Sans Gluten Chaque Jour Sans Gluten - 260g","p":2.99,"u":"11,50 €/KG","img":"https://fd6-photos.leclercdrive.fr/image.ashx?id=2925982&use=l&cat=p&typeid=i","cat":333681},{"id":54176,"n":"Pâte feuilletée sans gluten Chaque Jour Sans Gluten - 280g","p":1.99,"u":"7,11 €/KG","img":"https://fd6-photos.leclercdrive.fr/image.ashx?id=2896024&use=l&cat=p&typeid=i","cat":333681},{"id":54297,"n":"Désodorisant Bien Air Mèches actives, lavande - 375ml","p":1.65,"u":"4,40 €/L","img":"https://fd6-photos.leclercdrive.fr/image.ashx?id=2934721&use=l&cat=p&typeid=i","cat":311628},{"id":54298,"n":"Désodorisant Bien Air Mèche active muguet - 375ml","p":1.65,"u":"4,40 €/L","img":"https://fd6-photos.leclercdrive.fr/image.ashx?id=2777803&use=l&cat=p&typeid=i","cat":311628},{"id":54299,"n":"Désodorisant Bien Air Mèche active Fruit rouge 375ml","p":1.65,"u":"4,40 €/L","img":"https://fd6-photos.leclercdrive.fr/image.ashx?id=2777806&use=l&cat=p&typeid=i","cat":311628},{"id":54300,"n":"Désodorisant Bien Air Mèche active agrume 375ml","p":1.65,"u":"4,40 €/L","img":"https://fd6-photos.leclercdrive.fr/image.ashx?id=2777809&use=l&cat=p&typeid=i","cat":311628},{"id":54311,"n":"Bière blonde Bio Jade 4.5%vol - 6x25cl","p":5.91,"u":"3,94 €/L","img":"https://fd6-photos.leclercdrive.fr/image.ashx?id=2511282&use=l&cat=p&typeid=i","cat":334873},{"id":54346,"n":"Barre Chocolatée KINDER Country  Céréales chocolat x10 - 235g","p":3.68,"u":"15,66 €/KG","img":"https://fd6-photos.leclercdrive.fr/image.ashx?id=2231942&use=l&cat=p&typeid=i","cat":284498},{"id":54351,"n":"Crème dessert Délisse Chocolat noisette - 4x125g","p":1.05,"u":"2,10 €/KG","img":"https://fd6-photos.leclercdrive.fr/image.ashx?id=2760810&use=l&cat=p&typeid=i","cat":285041},{"id":54385,"n":"Coupelles Ananas DDV Sirop léger - 4x70g","p":2.59,"u":"9,25 €/KG","img":"https://fd6-photos.leclercdrive.fr/image.ashx?id=2100793&use=l&cat=p&typeid=i","cat":284507},{"id":54386,"n":"Gâteau multicouche P'tit Déli Genoise fourré chocolat - 175g","p":1.27,"u":"7,26 €/KG","img":"https://fd6-photos.leclercdrive.fr/image.ashx?id=2416538&use=l&cat=p&typeid=i","cat":284495},{"id":54387,"n":"Pains Hot Dog Epi d'Or x4 - 250g","p":1.44,"u":"5,76 €/KG","img":"https://fd6-photos.leclercdrive.fr/image.ashx?id=2147414&use=l&cat=p&typeid=i","cat":284985},{"id":54393,"n":"Spécialité de saucisse St Azay Sèche - 200g","p":3.05,"u":"15,25 €/KG","img":"https://fd6-photos.leclercdrive.fr/image.ashx?id=2982622&use=l&cat=p&typeid=i","cat":316006},{"id":54396,"n":"Salade Catalane Côté Snack Thon à la catalane - 250g","p":2.17,"u":"8,68 €/KG","img":"https://fd6-photos.leclercdrive.fr/image.ashx?id=2910589&use=l&cat=p&typeid=i","cat":284437},{"id":54404,"n":"Sauce Tomacouli Panzani - 3X200G","p":1.58,"u":"2,63 €/KG","img":"https://fd6-photos.leclercdrive.fr/image.ashx?id=2744623&use=l&cat=p&typeid=i","cat":288384},{"id":54405,"n":"Sauce Tomacouli Panzani - 700G","p":1.59,"u":"2,27 €/KG","img":"https://fd6-photos.leclercdrive.fr/image.ashx?id=2744632&use=l&cat=p&typeid=i","cat":288384},{"id":54416,"n":"Bâtonnet à macher Dentalife Chien moyen - 345g","p":4.28,"u":"12,41 €/KG","img":"https://fd6-photos.leclercdrive.fr/image.ashx?id=2896426&use=l&cat=p&typeid=i","cat":294527},{"id":54417,"n":"Barre chocolat lait P'tit Déli x5 - 130g","p":1.5,"u":"11,54 €/KG","img":"https://fd6-photos.leclercdrive.fr/image.ashx?id=2568936&use=l&cat=p&typeid=i","cat":284488},{"id":54418,"n":"Bâtonnet à mâche Dentalife Grand chien x12 - 426g","p":4.08,"u":"9,58 €/KG","img":"https://fd6-photos.leclercdrive.fr/image.ashx?id=2897342&use=l&cat=p&typeid=i","cat":294527},{"id":54420,"n":"Gel à raser Carré Homme Pour barbe difficile - 200ml","p":1.89,"u":"9,45 €/L","img":"https://fd6-photos.leclercdrive.fr/image.ashx?id=2976291&use=l&cat=p&typeid=i","cat":284617},{"id":54422,"n":"Spray automatique Bien Air + recharge - 250ml","p":5.98,"u":"23,92 €/L","img":"https://fd6-photos.leclercdrive.fr/image.ashx?id=2330493&use=l&cat=p&typeid=i","cat":311629},{"id":54423,"n":"Gel à raser Carré Homme Fraicheur - 200ml","p":1.69,"u":"8,45 €/L","img":"https://fd6-photos.leclercdrive.fr/image.ashx?id=2704726&use=l&cat=p&typeid=i","cat":284617},{"id":54425,"n":"Batônnets Surimi Pêche Océan MSC - x48 - 800g","p":4.34,"u":"5,43 €/KG","img":"https://fd6-photos.leclercdrive.fr/image.ashx?id=2953245&use=l&cat=p&typeid=i","cat":285189},{"id":54430,"n":"Salade Italienne Côté Snack Au thon - 250g","p":2.18,"u":"8,72 €/KG","img":"https://fd6-photos.leclercdrive.fr/image.ashx?id=2436675&use=l&cat=p&typeid=i","cat":284437},{"id":54471,"n":"Madeleines longues Le Ster Marbrées choco - 250g","p":1.88,"u":"7,52 €/KG","img":"https://fd6-photos.leclercdrive.fr/image.ashx?id=2962548&use=l&cat=p&typeid=i","cat":284492},{"id":54473,"n":"Madeleines longues Le Ster Nature  - 250g","p":1.73,"u":"6,92 €/KG","img":"https://fd6-photos.leclercdrive.fr/image.ashx?id=2962545&use=l&cat=p&typeid=i","cat":284492},{"id":54492,"n":"Tortillas chips Bio village Bio Nature - 150g","p":1.75,"u":"11,67 €/KG","img":"https://fd6-photos.leclercdrive.fr/image.ashx?id=2538385&use=l&cat=p&typeid=i","cat":287899},{"id":54494,"n":"Biscuits Petit Ecolier LU Chocolat au lait - 2x150g","p":3.31,"u":"11,03 €/KG","img":"https://fd6-photos.leclercdrive.fr/image.ashx?id=3009122&use=l&cat=p&typeid=i","cat":284488},{"id":54496,"n":"Gâteaux fourrés Milka Chocolat - 175g","p":1.78,"u":"10,17 €/KG","img":"https://fd6-photos.leclercdrive.fr/image.ashx?id=3005338&use=l&cat=p&typeid=i","cat":284495},{"id":54512,"n":"Galettes épinards fromage Végé - 2x100g","p":1.99,"u":"9,95 €/KG","img":"https://fd6-photos.leclercdrive.fr/image.ashx?id=2865260&use=l&cat=p&typeid=i","cat":316036},{"id":54513,"n":"Falafels Végé - 200g","p":1.99,"u":"9,95 €/KG","img":"https://fd6-photos.leclercdrive.fr/image.ashx?id=2865266&use=l&cat=p&typeid=i","cat":316036},{"id":54520,"n":"Pâte a pizza Tablier Blanc Rectangle - 385g","p":1.3,"u":"3,38 €/KG","img":"https://fd6-photos.leclercdrive.fr/image.ashx?id=2635925&use=l&cat=p&typeid=i","cat":333681},{"id":54522,"n":"Pâte feuilletée Tablier Blanc A dérouler - x2 - 460g","p":1.48,"u":"3,22 €/KG","img":"https://fd6-photos.leclercdrive.fr/image.ashx?id=2635928&use=l&cat=p&typeid=i","cat":333681},{"id":54524,"n":"Galettes petits légumes Végé - 2x100g","p":1.99,"u":"9,95 €/KG","img":"https://fd6-photos.leclercdrive.fr/image.ashx?id=2865269&use=l&cat=p&typeid=i","cat":316036},{"id":54540,"n":"AOC Crémant Limoux Aguila Brut - 75cl","p":6.5,"pp":4.87,"u":"6,49 €/L","img":"https://fd6-photos.leclercdrive.fr/image.ashx?id=2792243&use=l&cat=p&typeid=i","cat":284544},{"id":54612,"n":"Corn Flakes bio Bio Village Nature - 375g","p":2.49,"u":"6,64 €/KG","img":"https://fd6-photos.leclercdrive.fr/image.ashx?id=2835226&use=l&cat=p&typeid=i","cat":309513},{"id":54727,"n":"Pain d'épice Pierre Chaumeyac Au poivre - 150g","p":1.99,"u":"13,27 €/KG","img":"https://fd6-photos.leclercdrive.fr/image.ashx?id=2392274&use=l&cat=p&typeid=i","cat":284493},{"id":54857,"n":"Polenta Turini  500g","p":1.19,"u":"2,38 €/KG","img":"https://fd6-photos.leclercdrive.fr/image.ashx?id=2682792&use=l&cat=p&typeid=i","cat":284431},{"id":54860,"n":"Mix apéritif Bio Village  Bio -  120g","p":2.74,"u":"22,83 €/KG","img":"https://fd6-photos.leclercdrive.fr/image.ashx?id=1944243&use=l&cat=p&typeid=i","cat":284448},{"id":54865,"n":"Tablette chocolat Villars Chocolat au Lait Suisse - 100g","p":2.44,"u":"24,40 €/KG","img":"https://fd6-photos.leclercdrive.fr/image.ashx?id=2464276&use=l&cat=p&typeid=i","cat":284497},{"id":54926,"n":"Mousse liégeoise Viennois  Café - 4x90g","p":1.79,"u":"4,97 €/KG","img":"https://fd6-photos.leclercdrive.fr/image.ashx?id=2729788&use=l&cat=p&typeid=i","cat":284417},{"id":54944,"n":"Cône Nestlé Extrême  Café intense - 6x71g","p":3.47,"u":"8,15 €/KG","img":"https://fd6-photos.leclercdrive.fr/image.ashx?id=3000435&use=l&cat=p&typeid=i","cat":284264},{"id":54957,"n":"Cône Extrême Nestle Vanille Fraise - 6x71g","p":3.51,"u":"8,24 €/KG","img":"https://fd6-photos.leclercdrive.fr/image.ashx?id=2353113&use=l&cat=p&typeid=i","cat":284264},{"id":54959,"n":"Cône Extrême Intense Nestle Pistache Chocolat - 6x71g","p":3.5,"u":"8,22 €/KG","img":"https://fd6-photos.leclercdrive.fr/image.ashx?id=2353116&use=l&cat=p&typeid=i","cat":284264},{"id":54967,"n":"Croissants La Fournée Dorée x8 - 320g","p":1.85,"u":"5,78 €/KG","img":"https://fd6-photos.leclercdrive.fr/image.ashx?id=2686084&use=l&cat=p&typeid=i","cat":296366},{"id":55090,"n":"AOP Bordeaux rouge Mouton Cadet - 75cl","p":6.95,"u":"9,27 €/L","img":"https://fd6-photos.leclercdrive.fr/image.ashx?id=2959940&use=l&cat=p&typeid=i","cat":289556},{"id":55101,"n":"AOP Médoc rouge Merrain - 75cl","p":7.95,"u":"10,60 €/L","img":"https://fd6-photos.leclercdrive.fr/image.ashx?id=2989282&use=l&cat=p&typeid=i","cat":289556},{"id":55102,"n":"Dentifrice expert Bionaïa Menthe Bio - 75ml","p":1.79,"u":"23,87 €/L","img":"https://fd6-photos.leclercdrive.fr/image.ashx?id=2529540&use=l&cat=p&typeid=i","cat":284612},{"id":55104,"n":"Recharge brosse à dents Dentamyl - Double zone - x2","p":6.99,"u":"3,50 €/P","img":"https://fd6-photos.leclercdrive.fr/image.ashx?id=2790988&use=l&cat=p&typeid=i","cat":297133},{"id":55109,"n":"Recharge brosse à dents Dentamyl Sensitive x2","p":6.99,"u":"3,50 €/P","img":"https://fd6-photos.leclercdrive.fr/image.ashx?id=2790991&use=l&cat=p&typeid=i","cat":297133},{"id":55111,"n":"AOC Côtes du Rhône rouge Celliers des Dauphins - 75cl","p":4.95,"u":"6,60 €/L","img":"https://fd6-photos.leclercdrive.fr/image.ashx?id=2830009&use=l&cat=p&typeid=i","cat":289556},{"id":55116,"n":"Plat à tarte Elembal  x3","p":1.99,"u":"0,66 €/P","img":"https://fd6-photos.leclercdrive.fr/image.ashx?id=1733554&use=l&cat=p&typeid=i","cat":334134},{"id":55144,"n":"Emincés de poulet Fleury Michon Rôti sans nitrite 2x75g","p":2.39,"u":"15,93 €/KG","img":"https://fd6-photos.leclercdrive.fr/image.ashx?id=2649804&use=l&cat=p&typeid=i","cat":316011},{"id":55145,"n":"Allumettes Fleury Michon Jambon cuit - 2x75g","p":1.2,"u":"8,00 €/KG","img":"https://fd6-photos.leclercdrive.fr/image.ashx?id=2651047&use=l&cat=p&typeid=i","cat":316011},{"id":55160,"n":"Brioche tréssée Pasquier Tranchée Pépite chocolat - 500g","p":2.8,"u":"5,60 €/KG","img":"https://fd6-photos.leclercdrive.fr/image.ashx?id=2971969&use=l&cat=p&typeid=i","cat":284478},{"id":55186,"n":"AOP Epoisses affiné Germain 24%mg - 250g","p":7.35,"u":"29,40 €/KG","img":"https://fd6-photos.leclercdrive.fr/image.ashx?id=1746047&use=l&cat=p&typeid=i","cat":329558},{"id":55197,"n":"Plat bébé soir Blédiner 12 mois Macaroni ratatouille - 2x200g","p":2.42,"u":"6,05 €/KG","img":"https://fd6-photos.leclercdrive.fr/image.ashx?id=2845826&use=l&cat=p&typeid=i","cat":312239},{"id":55206,"n":"Plat bébé Blédina 12 mois Pâtes tomate jambon - 2x200g","p":2.76,"u":"6,90 €/KG","img":"https://fd6-photos.leclercdrive.fr/image.ashx?id=2975071&use=l&cat=p&typeid=i","cat":312237},{"id":55214,"n":"Plat bébé soir Blédiner 12 mois Boulghour potiron panais-2x200g","p":2.87,"u":"7,18 €/KG","img":"https://fd6-photos.leclercdrive.fr/image.ashx?id=2921064&use=l&cat=p&typeid=i","cat":312239},{"id":55255,"n":"Jambon avec couenne 2 tranches L'Atelier Charcuterie -120g","p":2.75,"u":"22,92 €/KG","img":"https://fd6-photos.leclercdrive.fr/image.ashx?id=2463831&use=l&cat=p&typeid=i","cat":316009},{"id":55256,"n":"Jambon avec couenne L'Atelier Charcuterie x4 - 240g","p":4.89,"u":"20,38 €/KG","img":"https://fd6-photos.leclercdrive.fr/image.ashx?id=2437476&use=l&cat=p&typeid=i","cat":316009},{"id":55259,"n":"Rôti de porc supérieur L'Atelier Charcuterie x2 - 90g","p":2.09,"u":"23,22 €/KG","img":"https://fd6-photos.leclercdrive.fr/image.ashx?id=2771570&use=l&cat=p&typeid=i","cat":316009},{"id":55260,"n":"Rôti de porc supérieur L'Atelier Charcuterie x4 -180g","p":3.68,"u":"20,44 €/KG","img":"https://fd6-photos.leclercdrive.fr/image.ashx?id=2998856&use=l&cat=p&typeid=i","cat":316009},{"id":55261,"n":"Pâté de campagne Breton L'Atelier Charcuterie - 170g","p":2.39,"u":"14,06 €/KG","img":"https://fd6-photos.leclercdrive.fr/image.ashx?id=2448285&use=l&cat=p&typeid=i","cat":316008},{"id":55262,"n":"Pâté Campagne Supérieur L'Atelier Charcuterie - 170g","p":2.08,"u":"12,24 €/KG","img":"https://fd6-photos.leclercdrive.fr/image.ashx?id=2905862&use=l&cat=p&typeid=i","cat":316008},{"id":55264,"n":"Mousse de foie Supérieure L'Atelier Charcuterie - 170g","p":2.19,"u":"12,88 €/KG","img":"https://fd6-photos.leclercdrive.fr/image.ashx?id=2882289&use=l&cat=p&typeid=i","cat":316008},{"id":55265,"n":"Mousse de canard Supérieure L'Atelier Charcuterie - 170g","p":2.71,"u":"15,94 €/KG","img":"https://fd6-photos.leclercdrive.fr/image.ashx?id=2882529&use=l&cat=p&typeid=i","cat":316008},{"id":55269,"n":"Boudin noir oignons rissolés L'Atelier Charcuterie x3 - 375g","p":4.04,"u":"10,77 €/KG","img":"https://fd6-photos.leclercdrive.fr/image.ashx?id=2994342&use=l&cat=p&typeid=i","cat":316012},{"id":55271,"n":"AOC Bordeaux vin rouge Bernard Cordelier - 75 cl","p":1.99,"u":"2,65 €/L","img":"https://fd6-photos.leclercdrive.fr/image.ashx?id=2750123&use=l&cat=p&typeid=i","cat":289556},{"id":55272,"n":"AOC Bergerac vin rouge Bernard Cordelier - 75 cl","p":1.99,"u":"2,65 €/L","img":"https://fd6-photos.leclercdrive.fr/image.ashx?id=2920900&use=l&cat=p&typeid=i","cat":289556},{"id":55274,"n":"AOP Muscadet Vin blanc Bernard Cordelier - 75cl","p":2.99,"u":"3,99 €/L","img":"https://fd6-photos.leclercdrive.fr/image.ashx?id=2776558&use=l&cat=p&typeid=i","cat":289557},{"id":55275,"n":"Bougie Bien Air Soirée d'hiver 30heures - x1","p":2.34,"img":"https://fd6-photos.leclercdrive.fr/image.ashx?id=2399755&use=l&cat=p&typeid=i","cat":284666},{"id":55279,"n":"Café grains Bio Ethiquable  100% arabica Honduras - 1kg","p":18.94,"u":"18,94 €/KG","img":"https://fd6-photos.leclercdrive.fr/image.ashx?id=2876857&use=l&cat=p&typeid=i","cat":293237},{"id":55343,"n":"Biscuits à thé Delacre Tea Time Assortiment Boîte Métal - 1kg","p":14.81,"u":"14,81 €/KG","img":"https://fd6-photos.leclercdrive.fr/image.ashx?id=2867969&use=l&cat=p&typeid=i","cat":284490},{"id":55354,"n":"AOP Saint-Emilion Petit Moine - 75cl","p":8.5,"u":"11,33 €/L","img":"https://fd6-photos.leclercdrive.fr/image.ashx?id=2105119&use=l&cat=p&typeid=i","cat":289556},{"id":55377,"n":"Bougie Bien Air Fruits rouges 30heures - x1","p":2.19,"img":"https://fd6-photos.leclercdrive.fr/image.ashx?id=2399758&use=l&cat=p&typeid=i","cat":284666},{"id":55381,"n":"Cacahuètes Tokapi  Grillées à sec - 120g","p":0.47,"u":"3,92 €/KG","img":"https://fd6-photos.leclercdrive.fr/image.ashx?id=2799778&use=l&cat=p&typeid=i","cat":284448},{"id":55415,"n":"Bougie Bien Air Anti-tabac 30h - x1","p":1.83,"img":"https://fd6-photos.leclercdrive.fr/image.ashx?id=2999613&use=l&cat=p&typeid=i","cat":284666},{"id":55429,"n":"Crème Chantilly UHT Président Aérosol sucré aromatisé - 250g","p":3.08,"u":"12,32 €/KG","img":"https://fd6-photos.leclercdrive.fr/image.ashx?id=2860169&use=l&cat=p&typeid=i","cat":284382},{"id":55435,"n":"Sardines à l'huile d'olive  Connétable - 3x55g","p":3.88,"u":"23,52 €/KG","img":"https://fd6-photos.leclercdrive.fr/image.ashx?id=2139052&use=l&cat=p&typeid=i","cat":305146},{"id":55469,"n":"Pain brioché Schar Sans gluten - 370g","p":4.77,"u":"12,89 €/KG","img":"https://fd6-photos.leclercdrive.fr/image.ashx?id=2137057&use=l&cat=p&typeid=i","cat":318654},{"id":55527,"n":"Vin d'Espagne blanc François D'Aubigné - 150 cl","p":1.99,"u":"1,33 €/L","img":"https://fd6-photos.leclercdrive.fr/image.ashx?id=2905201&use=l&cat=p&typeid=i","cat":289557},{"id":55528,"n":"Vin d'Espagne rosé François D'Aubigné - 150 cl","p":1.99,"u":"1,33 €/L","img":"https://fd6-photos.leclercdrive.fr/image.ashx?id=2905204&use=l&cat=p&typeid=i","cat":289558},{"id":55529,"n":"Vin d'Espagne rouge François D'Aubigné - 150 cl","p":1.99,"u":"1,33 €/L","img":"https://fd6-photos.leclercdrive.fr/image.ashx?id=2677654&use=l&cat=p&typeid=i","cat":289556},{"id":55549,"n":"Boisson lactée Candy'UP Fraise - 6x1L","p":11.82,"u":"1,97 €/L","img":"https://fd6-photos.leclercdrive.fr/image.ashx?id=2482165&use=l&cat=p&typeid=i","cat":295246},{"id":55573,"n":"Soda Coca-Cola Original Bouteille - 1L","p":1.7,"u":"1,70 €/L","img":"https://fd6-photos.leclercdrive.fr/image.ashx?id=2194409&use=l&cat=p&typeid=i","cat":284530},{"id":55598,"n":"Assortiment asiatique Agis 340g","p":5.87,"u":"17,26 €/KG","img":"https://fd6-photos.leclercdrive.fr/image.ashx?id=2788655&use=l&cat=p&typeid=i","cat":333673},{"id":55636,"n":"Cahier spirales Esquisse Rouge - 100 pages - 21x29.7cm","p":2.49,"img":"https://fd6-photos.leclercdrive.fr/image.ashx?id=1932924&use=l&cat=p&typeid=i","cat":284697},{"id":55669,"n":"Bâton de colle Esquisse 5x10g","p":2.39,"u":"47,80 €/KG","img":"https://fd6-photos.leclercdrive.fr/image.ashx?id=2943253&use=l&cat=p&typeid=i","cat":334133},{"id":55690,"n":"Recharges Pilot FriXion Ball x6 - Noir + Gomme","p":7.25,"img":"https://fd6-photos.leclercdrive.fr/image.ashx?id=2546380&use=l&cat=p&typeid=i","cat":284696},{"id":55691,"n":"Recharges Pilot FriXion Ball x6 + Gomme","p":7.25,"img":"https://fd6-photos.leclercdrive.fr/image.ashx?id=2526752&use=l&cat=p&typeid=i","cat":284696},{"id":55700,"n":"Haricots Verts Cassegrain Extra Fins Ceuillis main 110g","p":1.32,"u":"12,00 €/KG","img":"https://fd6-photos.leclercdrive.fr/image.ashx?id=2913034&use=l&cat=p&typeid=i","cat":312606},{"id":55737,"n":"Cahier spirales Esquisse Rouge - 100 pages - 24x32 cm","p":2.99,"img":"https://fd6-photos.leclercdrive.fr/image.ashx?id=1932855&use=l&cat=p&typeid=i","cat":284697},{"id":55766,"n":"AOP Crémant de Loire Brut - Lacheteau - 75cL","p":5.95,"u":"7,93 €/L","img":"https://fd6-photos.leclercdrive.fr/image.ashx?id=2431911&use=l&cat=p&typeid=i","cat":284545},{"id":55786,"n":"Crêpe fourrée Whaou Chocolat / Noisette x8 - 256g","p":2.65,"u":"10,35 €/KG","img":"https://fd6-photos.leclercdrive.fr/image.ashx?id=2962857&use=l&cat=p&typeid=i","cat":284494},{"id":55810,"n":"Chipolatas bio - Bio Village  x5 - 275g","p":4.69,"u":"17,05 €/KG","img":"https://fd6-photos.leclercdrive.fr/image.ashx?id=2886478&use=l&cat=p&typeid=i","cat":284334},{"id":55816,"n":"Lingettes désinfectantes 2en1 x10 lingettes","p":1.52,"img":"https://fd6-photos.leclercdrive.fr/image.ashx?id=2832981&use=l&cat=p&typeid=i","cat":284630},{"id":55887,"n":"Bougie Bien Air Vanille Caramel 30h - x1","p":1.89,"img":"https://fd6-photos.leclercdrive.fr/image.ashx?id=2399761&use=l&cat=p&typeid=i","cat":284666},{"id":55935,"n":"Lait écrémé Hauts de France 1L","p":1.09,"u":"1,09 €/L","img":"https://fd6-photos.leclercdrive.fr/image.ashx?id=1747004&use=l&cat=p&typeid=i","cat":284949},{"id":55936,"n":"Lait écrémé Hauts de France 6x1L","p":6.3,"u":"1,05 €/L","img":"https://fd6-photos.leclercdrive.fr/image.ashx?id=1747007&use=l&cat=p&typeid=i","cat":284949},{"id":55938,"n":"Lait Hauts de France Demi-écrémé - 1L","p":1.16,"u":"1,16 €/L","img":"https://fd6-photos.leclercdrive.fr/image.ashx?id=1747010&use=l&cat=p&typeid=i","cat":284377},{"id":55939,"n":"Lait Hauts de France Demi-écrémé - 6x1L","p":6.93,"u":"1,16 €/L","img":"https://fd6-photos.leclercdrive.fr/image.ashx?id=1747013&use=l&cat=p&typeid=i","cat":284377},{"id":55940,"n":"Lait entier Hauts de France 1L","p":1.38,"u":"1,38 €/L","img":"https://fd6-photos.leclercdrive.fr/image.ashx?id=1747016&use=l&cat=p&typeid=i","cat":285610},{"id":55941,"n":"Lait entier Hauts de France 6x1L","p":8.28,"u":"1,38 €/L","img":"https://fd6-photos.leclercdrive.fr/image.ashx?id=1747019&use=l&cat=p&typeid=i","cat":285610},{"id":55944,"n":"Lait Hauts de France Demi-écréme - 1L","p":1.11,"u":"1,11 €/L","img":"https://fd6-photos.leclercdrive.fr/image.ashx?id=1746992&use=l&cat=p&typeid=i","cat":284377},{"id":55945,"n":"Lait  Hauts de France Demi-écrémé - 6x1L","p":6.65,"u":"1,11 €/L","img":"https://fd6-photos.leclercdrive.fr/image.ashx?id=1746995&use=l&cat=p&typeid=i","cat":284377},{"id":55949,"n":"Riz soja bio Céréal Bio  à l'espagnol repas express-220g","p":2.28,"u":"10,36 €/KG","img":"https://fd6-photos.leclercdrive.fr/image.ashx?id=2575093&use=l&cat=p&typeid=i","cat":287600},{"id":56006,"n":"Cahier Esquisse - 96p Gris - 21x29.7cm","p":0.75,"img":"https://fd6-photos.leclercdrive.fr/image.ashx?id=1690185&use=l&cat=p&typeid=i","cat":284697},{"id":56082,"n":"Cahier Esquisse 96 pages Framboise - 24x32cm","p":0.8,"img":"https://fd6-photos.leclercdrive.fr/image.ashx?id=1189942&use=l&cat=p&typeid=i","cat":284697},{"id":56083,"n":"Cahier Esquisse 96 pages Bleu - 24x32cm","p":0.8,"img":"https://fd6-photos.leclercdrive.fr/image.ashx?id=1690188&use=l&cat=p&typeid=i","cat":284697},{"id":56146,"n":"Calculatrice bureau Esquisse Orange","p":4.9,"u":"Dont 0,13 € d'éco-part.","img":"https://fd6-photos.leclercdrive.fr/image.ashx?id=1196150&use=l&cat=p&typeid=i","cat":334133},{"id":56162,"n":"Lait concentré sucré Nestlé 1kg","p":4.45,"u":"4,45 €/KG","img":"https://fd6-photos.leclercdrive.fr/image.ashx?id=2906067&use=l&cat=p&typeid=i","cat":299162},{"id":56163,"n":"Lait concentré sucré Nestlé x6 sticks - 30g","p":2.17,"u":"72,33 €/KG","img":"https://fd6-photos.leclercdrive.fr/image.ashx?id=2306528&use=l&cat=p&typeid=i","cat":299162},{"id":56228,"n":"Classeur 4 anneaux Esquisse Rouge - 21x29.7cm","p":2.49,"img":"https://fd6-photos.leclercdrive.fr/image.ashx?id=1703812&use=l&cat=p&typeid=i","cat":284745},{"id":56229,"n":"Classeur 4 anneaux Esquisse Bleu - 21x29.7cm","p":2.49,"img":"https://fd6-photos.leclercdrive.fr/image.ashx?id=1703815&use=l&cat=p&typeid=i","cat":284745},{"id":56230,"n":"Classeur 4 anneaux Esquisse Noir - 21x29.7cm","p":2.49,"img":"https://fd6-photos.leclercdrive.fr/image.ashx?id=1703818&use=l&cat=p&typeid=i","cat":284745},{"id":56418,"n":"Vinaigre de cidre Bio Village Bio 75cl","p":2.09,"u":"2,79 €/L","img":"https://fd6-photos.leclercdrive.fr/image.ashx?id=1069902&use=l&cat=p&typeid=i","cat":298543},{"id":56435,"n":"Bouillon Kub Or Maggi  Déshydraté dégraissé - 128g","p":1.74,"u":"13,59 €/KG","img":"https://fd6-photos.leclercdrive.fr/image.ashx?id=2953977&use=l&cat=p&typeid=i","cat":288379},{"id":56440,"n":"Biscuit Citron Yuzu GERBLE  sans sucre 6 132g","p":1.94,"u":"14,70 €/KG","img":"https://fd6-photos.leclercdrive.fr/image.ashx?id=2664016&use=l&cat=p&typeid=i","cat":318653},{"id":56444,"n":"Biscuits chocolat amande GERBLE  - 4x4, 200g","p":1.53,"u":"7,65 €/KG","img":"https://fd6-photos.leclercdrive.fr/image.ashx?id=2967004&use=l&cat=p&typeid=i","cat":318651},{"id":56452,"n":"Cookie Cacao GERBLE  sans sucres - 130g","p":2.32,"u":"17,85 €/KG","img":"https://fd6-photos.leclercdrive.fr/image.ashx?id=2575057&use=l&cat=p&typeid=i","cat":318653},{"id":56456,"n":"Biscuit Coco GERBLE  sans sucre - 132g","p":2.07,"u":"15,68 €/KG","img":"https://fd6-photos.leclercdrive.fr/image.ashx?id=2662826&use=l&cat=p&typeid=i","cat":318653},{"id":56457,"n":"Biscuit Sésame Vanille GERBLE  sans sucres - 132g","p":2.02,"u":"15,30 €/KG","img":"https://fd6-photos.leclercdrive.fr/image.ashx?id=2664013&use=l&cat=p&typeid=i","cat":318653},{"id":56464,"n":"Biscuit fourré cacao GERBLE   sans sucre 6 185g","p":2.78,"u":"15,03 €/KG","img":"https://fd6-photos.leclercdrive.fr/image.ashx?id=2662832&use=l&cat=p&typeid=i","cat":318653},{"id":56468,"n":"Goûters 4S aux pommes Gerblé 360g","p":2.29,"u":"6,36 €/KG","img":"https://fd6-photos.leclercdrive.fr/image.ashx?id=2860907&use=l&cat=p&typeid=i","cat":318651},{"id":56510,"n":"Préfou de Vendée NRT A l'ail - 280g","p":3.99,"u":"14,25 €/KG","img":"https://fd6-photos.leclercdrive.fr/image.ashx?id=2743891&use=l&cat=p&typeid=i","cat":316003},{"id":56517,"n":"Eau minérale naturelle Contrex 6x1.5L","p":2.89,"u":"0,32 €/L","img":"https://fd6-photos.leclercdrive.fr/image.ashx?id=2758773&use=l&cat=p&typeid=i","cat":284535},{"id":56547,"n":"Flocons d'avoine bio Bio Village - 500g","p":1.49,"u":"2,98 €/KG","img":"https://fd6-photos.leclercdrive.fr/image.ashx?id=2688243&use=l&cat=p&typeid=i","cat":309512},{"id":56558,"n":"Croquettes chat Tous mes amis Boeuf/poulet/légumes - 7.5kg","p":11.06,"u":"1,47 €/KG","img":"https://fd6-photos.leclercdrive.fr/image.ashx?id=2319118&use=l&cat=p&typeid=i","cat":284680},{"id":56561,"n":"Croquettes chat Plénima Sensible - 450g","p":2.22,"u":"4,93 €/KG","img":"https://fd6-photos.leclercdrive.fr/image.ashx?id=2970744&use=l&cat=p&typeid=i","cat":284680},{"id":56571,"n":"Tomates entières pelées bio Bio Village - 240g","p":1.04,"u":"4,33 €/KG","img":"https://fd6-photos.leclercdrive.fr/image.ashx?id=2302982&use=l&cat=p&typeid=i","cat":312608},{"id":56574,"n":"Sel Fin de Table Rustica Boîte verseuse 500g","p":0.46,"u":"0,92 €/KG","img":"https://fd6-photos.leclercdrive.fr/image.ashx?id=2050681&use=l&cat=p&typeid=i","cat":284457},{"id":56609,"n":"Fromage à tartiner Madame Loïk Fouetté Nature - 320g","p":3.19,"u":"9,97 €/KG","img":"https://fd6-photos.leclercdrive.fr/image.ashx?id=2967798&use=l&cat=p&typeid=i","cat":314029},{"id":56610,"n":"Fromage à tartiner Madame Loïk Fouetté Nature - 180g","p":1.97,"u":"10,94 €/KG","img":"https://fd6-photos.leclercdrive.fr/image.ashx?id=2948015&use=l&cat=p&typeid=i","cat":314029},{"id":56683,"n":"Pur jus d'ananas Bio Village  Bio - 1L","p":3.81,"u":"3,81 €/L","img":"https://fd6-photos.leclercdrive.fr/image.ashx?id=2901539&use=l&cat=p&typeid=i","cat":284916},{"id":56741,"n":"Fromage raclette Entremont  Sans croûte - 350g","p":4.83,"u":"13,80 €/KG","img":"https://fd6-photos.leclercdrive.fr/image.ashx?id=2980902&use=l&cat=p&typeid=i","cat":314037},{"id":56763,"n":"Vinaigre de vin Rustica  25cl","p":0.89,"u":"3,56 €/L","img":"https://fd6-photos.leclercdrive.fr/image.ashx?id=1072903&use=l&cat=p&typeid=i","cat":298543},{"id":56765,"n":"Vinaigre de cidre Rustica 25cl","p":0.79,"u":"3,16 €/L","img":"https://fd6-photos.leclercdrive.fr/image.ashx?id=1072906&use=l&cat=p&typeid=i","cat":298543},{"id":56767,"n":"Vinaigre balsamique Rustica De Modène - 25cl","p":1.27,"u":"5,08 €/L","img":"https://fd6-photos.leclercdrive.fr/image.ashx?id=2777812&use=l&cat=p&typeid=i","cat":298543},{"id":56789,"n":"Whisky Talisker Storm 45.8%vol - 70cL","p":36.95,"u":"52,79 €/L","img":"https://fd6-photos.leclercdrive.fr/image.ashx?id=2160039&use=l&cat=p&typeid=i","cat":284547},{"id":56831,"n":"Nuggets de poulet Maître Coq Sachet - 1kg","p":5.93,"u":"5,93 €/KG","img":"https://fd6-photos.leclercdrive.fr/image.ashx?id=2936404&use=l&cat=p&typeid=i","cat":319780},{"id":56845,"n":"Bâtonnets de poisson Findus  Colin d'Alaska MSC x16 - 448g","p":4.31,"u":"9,62 €/KG","img":"https://fd6-photos.leclercdrive.fr/image.ashx?id=2650684&use=l&cat=p&typeid=i","cat":319788},{"id":56853,"n":"Tablette de chocolat Côte d'or Noir noisette - 4x180g","p":14.49,"u":"20,13 €/KG","img":"https://fd6-photos.leclercdrive.fr/image.ashx?id=2167696&use=l&cat=p&typeid=i","cat":284956},{"id":56859,"n":"Pistaches Vico  230g","p":4.76,"u":"20,70 €/KG","img":"https://fd6-photos.leclercdrive.fr/image.ashx?id=2280149&use=l&cat=p&typeid=i","cat":284448},{"id":56861,"n":"Mini-flûtes Tokapi Tomate/olive/origan - 100g","p":1.59,"u":"15,90 €/KG","img":"https://fd6-photos.leclercdrive.fr/image.ashx?id=2374058&use=l&cat=p&typeid=i","cat":297000},{"id":56862,"n":"Couscous Comptoir du Grain  Fin - 1kg","p":2.19,"u":"2,19 €/KG","img":"https://fd6-photos.leclercdrive.fr/image.ashx?id=3012854&use=l&cat=p&typeid=i","cat":284429},{"id":56872,"n":"Tartiflette Côté Table  350g","p":2.74,"u":"7,83 €/KG","img":"https://fd6-photos.leclercdrive.fr/image.ashx?id=2520843&use=l&cat=p&typeid=i","cat":284953},{"id":56873,"n":"Hachis parmentier Côté Table 350g","p":2.53,"u":"7,23 €/KG","img":"https://fd6-photos.leclercdrive.fr/image.ashx?id=2393893&use=l&cat=p&typeid=i","cat":284953},{"id":56874,"n":"Lasagnes bolognaise Côté Table Barquette - 350g","p":2.39,"u":"6,83 €/KG","img":"https://fd6-photos.leclercdrive.fr/image.ashx?id=2476164&use=l&cat=p&typeid=i","cat":284953},{"id":56883,"n":"Recharge essential mist AirWick Jasmin étoile - 20ml","p":4.91,"u":"245,50 €/L","img":"https://fd6-photos.leclercdrive.fr/image.ashx?id=1596122&use=l&cat=p&typeid=i","cat":311629},{"id":56885,"n":"Gel coiffant Vitanove Effet invisible - 300ml","p":1.89,"u":"6,30 €/L","img":"https://fd6-photos.leclercdrive.fr/image.ashx?id=2879940&use=l&cat=p&typeid=i","cat":284609},{"id":56886,"n":"Gel coiffant Vitanove Effet mouillé - 300ml","p":1.46,"u":"4,87 €/L","img":"https://fd6-photos.leclercdrive.fr/image.ashx?id=2273361&use=l&cat=p&typeid=i","cat":284609},{"id":56919,"n":"Bière blonde Pelforth 5.8%vol - 20x25cl","p":11.61,"u":"2,32 €/L","img":"https://fd6-photos.leclercdrive.fr/image.ashx?id=2764523&use=l&cat=p&typeid=i","cat":334873},{"id":56935,"n":"Pâte à tartiner Nutella 400g","p":3.35,"u":"8,38 €/KG","img":"https://fd6-photos.leclercdrive.fr/image.ashx?id=2935645&use=l&cat=p&typeid=i","cat":284481},{"id":56952,"n":"Saucisses volaille Volandrie Aux herbes - 300g","p":3.49,"u":"11,63 €/KG","img":"https://fd6-photos.leclercdrive.fr/image.ashx?id=2707564&use=l&cat=p&typeid=i","cat":284716},{"id":56953,"n":"Cordons bleus Côté Croc Au poulet x2 - 200g","p":1.59,"u":"7,95 €/KG","img":"https://fd6-photos.leclercdrive.fr/image.ashx?id=2801046&use=l&cat=p&typeid=i","cat":333683},{"id":56967,"n":"Biscuits déli Matin P'tit Deli Pepites chocolat -  600g","p":3.25,"u":"5,42 €/KG","img":"https://fd6-photos.leclercdrive.fr/image.ashx?id=2999514&use=l&cat=p&typeid=i","cat":284491},{"id":56975,"n":"Saucisson sec Saint-Azay Pur porc - 250g","p":4.09,"u":"16,36 €/KG","img":"https://fd6-photos.leclercdrive.fr/image.ashx?id=2284014&use=l&cat=p&typeid=i","cat":316006},{"id":56978,"n":"Yaourts Deli'light Delisse Fraise - 4x125g","p":1.59,"u":"3,18 €/KG","img":"https://fd6-photos.leclercdrive.fr/image.ashx?id=2883321&use=l&cat=p&typeid=i","cat":315000},{"id":56980,"n":"Laque Vitanove  Maximum - 400ml","p":2.6,"u":"6,50 €/L","img":"https://fd6-photos.leclercdrive.fr/image.ashx?id=2490043&use=l&cat=p&typeid=i","cat":284609},{"id":56992,"n":"Sauce roquefort Ferial  120g","p":1.69,"u":"14,08 €/KG","img":"https://fd6-photos.leclercdrive.fr/image.ashx?id=2636245&use=l&cat=p&typeid=i","cat":284382},{"id":56996,"n":"Jus de fruit Jafaden  Pur jus multifruits - 2L","p":2.69,"u":"1,35 €/L","img":"https://fd6-photos.leclercdrive.fr/image.ashx?id=2920196&use=l&cat=p&typeid=i","cat":284917},{"id":57007,"n":"Fromage tartiflette Les Croisés 27%mg - 250g","p":2.88,"u":"11,52 €/KG","img":"https://fd6-photos.leclercdrive.fr/image.ashx?id=2793248&use=l&cat=p&typeid=i","cat":314037},{"id":57017,"n":"Friandises chat Catisfactions Poulet - 60g","p":1.14,"u":"19,00 €/KG","img":"https://fd6-photos.leclercdrive.fr/image.ashx?id=2914762&use=l&cat=p&typeid=i","cat":285285},{"id":57030,"n":"Fromage Morbier NRT AOP  250g","p":3.59,"u":"14,36 €/KG","img":"https://fd6-photos.leclercdrive.fr/image.ashx?id=2624034&use=l&cat=p&typeid=i","cat":329184},{"id":57040,"n":"Bière blanche 1664 Blanc 5° - 6x25cl","p":4.69,"u":"3,13 €/L","img":"https://fd6-photos.leclercdrive.fr/image.ashx?id=2886699&use=l&cat=p&typeid=i","cat":334878},{"id":57041,"n":"Bière blonde 1664 5,5° - 6x33cl canettes","p":4.99,"pp":3.29,"u":"1,66 €/L","img":"https://fd6-photos.leclercdrive.fr/image.ashx?id=2887566&use=l&cat=p&typeid=i","cat":334853},{"id":57044,"n":"Bière blonde Kronenbourg 4,2° - 12x33cl canettes","p":7.85,"u":"1,98 €/L","img":"https://fd6-photos.leclercdrive.fr/image.ashx?id=2854366&use=l&cat=p&typeid=i","cat":334853},{"id":57045,"n":"Bière blonde Kronenbourg 4,2° - 6x33cl canettes","p":4.05,"u":"2,05 €/L","img":"https://fd6-photos.leclercdrive.fr/image.ashx?id=2212581&use=l&cat=p&typeid=i","cat":334853},{"id":57060,"n":"Choux de Bruxelles 500g","p":1.59,"u":"3,18 €/KG","img":"https://fd6-photos.leclercdrive.fr/image.ashx?id=598741&use=l&cat=p&typeid=i","cat":284352},{"id":57151,"n":"Mousse Délisse Chocolat au lait - 8x60g","p":2.25,"u":"4,69 €/KG","img":"https://fd6-photos.leclercdrive.fr/image.ashx?id=3009517&use=l&cat=p&typeid=i","cat":284417},{"id":57155,"n":"Yaourts à la Grecque Delisse Lit de miel - 4x150g","p":2.89,"u":"4,82 €/KG","img":"https://fd6-photos.leclercdrive.fr/image.ashx?id=2699702&use=l&cat=p&typeid=i","cat":314999},{"id":57156,"n":"Yaourts Delilight Délisse Nature, 0% MG - 4x125g","p":1.09,"u":"2,18 €/KG","img":"https://fd6-photos.leclercdrive.fr/image.ashx?id=2920193&use=l&cat=p&typeid=i","cat":315000},{"id":57162,"n":"Yaourt brassé fraise 4x125g","p":1.41,"u":"2,82 €/KG","img":"https://fd6-photos.leclercdrive.fr/image.ashx?id=2796532&use=l&cat=p&typeid=i","cat":284410},{"id":57163,"n":"Yaourts aux fruits quartiers 16x125g","p":4.39,"u":"2,20 €/KG","img":"https://fd6-photos.leclercdrive.fr/image.ashx?id=2482890&use=l&cat=p&typeid=i","cat":284410},{"id":57190,"n":"Yaourt brassé Bio Village Myrtille Bio - 4x115g","p":1.45,"u":"3,15 €/KG","img":"https://fd6-photos.leclercdrive.fr/image.ashx?id=2662175&use=l&cat=p&typeid=i","cat":284410},{"id":57191,"n":"Fromage blanc crème brassé NRT AOP - 800g","p":3.19,"u":"3,99 €/KG","img":"https://fd6-photos.leclercdrive.fr/image.ashx?id=1946910&use=l&cat=p&typeid=i","cat":284409},{"id":57229,"n":"AOP Cabernet d'Anjou rosé Michel Armand -  75cL","p":4.39,"u":"5,85 €/L","img":"https://fd6-photos.leclercdrive.fr/image.ashx?id=2338120&use=l&cat=p&typeid=i","cat":289558},{"id":57274,"n":"Boisson aux fruits Oasis Goût Pomme Cassis Framboise 1L","p":1.79,"u":"1,79 €/L","img":"https://fd6-photos.leclercdrive.fr/image.ashx?id=3011083&use=l&cat=p&typeid=i","cat":295018},{"id":57275,"n":"Boisson aux fruits Oasis Tropical - 1L","p":1.57,"u":"1,57 €/L","img":"https://fd6-photos.leclercdrive.fr/image.ashx?id=2666638&use=l&cat=p&typeid=i","cat":295018},{"id":57284,"n":"AOC Prosecco Riccadonna Extra Dry - 11° - 75cl","p":6.17,"u":"8,23 €/L","img":"https://fd6-photos.leclercdrive.fr/image.ashx?id=2666303&use=l&cat=p&typeid=i","cat":289461},{"id":57307,"n":"Pur jus Jafaden Orange, raisin, clémentine, pamplemousse - 1L","p":2.29,"u":"2,29 €/L","img":"https://fd6-photos.leclercdrive.fr/image.ashx?id=2869799&use=l&cat=p&typeid=i","cat":284917},{"id":57314,"n":"Risotto Fleury Michon Poulet et cèpes - 280g","p":3.19,"u":"11,39 €/KG","img":"https://fd6-photos.leclercdrive.fr/image.ashx?id=3003281&use=l&cat=p&typeid=i","cat":333665},{"id":57354,"n":"Duo de Sel & Poivre La Baleine Sel 50G - Poivre 18G","p":2.35,"u":"34,56 €/KG","img":"https://fd6-photos.leclercdrive.fr/image.ashx?id=1752097&use=l&cat=p&typeid=i","cat":284457},{"id":57391,"n":"Salade Garden Sodebo Caesar Poulet - 240g","p":4.05,"u":"16,88 €/KG","img":"https://fd6-photos.leclercdrive.fr/image.ashx?id=2939496&use=l&cat=p&typeid=i","cat":333657},{"id":57410,"n":"Croissants Croustipâte x4 - 240g","p":1.72,"u":"7,17 €/KG","img":"https://fd6-photos.leclercdrive.fr/image.ashx?id=2886100&use=l&cat=p&typeid=i","cat":333681},{"id":57435,"n":"Fromage blanc Bio Vrai Lait de brebis - 400g","p":2.35,"u":"5,88 €/KG","img":"https://fd6-photos.leclercdrive.fr/image.ashx?id=2517495&use=l&cat=p&typeid=i","cat":314998},{"id":57683,"n":"Lait éveil Lactel Nature 12 mois à 36 mois - 12x25cl","p":8.24,"u":"2,75 €/L","img":"https://fd6-photos.leclercdrive.fr/image.ashx?id=2741478&use=l&cat=p&typeid=i","cat":284728},{"id":57706,"n":"Salades Bonduelle Tortis, concombres, saumon 300g","p":2.93,"u":"9,77 €/KG","img":"https://fd6-photos.leclercdrive.fr/image.ashx?id=2905303&use=l&cat=p&typeid=i","cat":333657},{"id":57712,"n":"Vin de l'Union Européenne rosé Caves Vernaux Champlure - 75 cl","p":2.7,"u":"3,60 €/L","img":"https://fd6-photos.leclercdrive.fr/image.ashx?id=2964950&use=l&cat=p&typeid=i","cat":289558},{"id":57742,"n":"Lait croissance Guigoz Gest 3e âge - dès 12 mois - 800g","p":13.07,"u":"16,34 €/KG","img":"https://fd6-photos.leclercdrive.fr/image.ashx?id=2895023&use=l&cat=p&typeid=i","cat":290219},{"id":57763,"n":"Pâtes Serpentini Panzani 3 Minutes - 500g","p":1.37,"u":"2,74 €/KG","img":"https://fd6-photos.leclercdrive.fr/image.ashx?id=2896078&use=l&cat=p&typeid=i","cat":284427},{"id":57767,"n":"Tablette de chocolat noir Lindt Framboise intense - 100g","p":2.52,"u":"25,20 €/KG","img":"https://fd6-photos.leclercdrive.fr/image.ashx?id=2689484&use=l&cat=p&typeid=i","cat":318654},{"id":57768,"n":"Tablette de chocolat noir Lindt Sésame grillé - 100g","p":2.54,"u":"25,40 €/KG","img":"https://fd6-photos.leclercdrive.fr/image.ashx?id=2689490&use=l&cat=p&typeid=i","cat":284956},{"id":57775,"n":"Chocolat au lait Eco+ Noisette - 4x100g","p":3.08,"u":"7,70 €/KG","img":"https://fd6-photos.leclercdrive.fr/image.ashx?id=2775463&use=l&cat=p&typeid=i","cat":284497},{"id":57779,"n":"Capsules café Plantation Espresso n°5 - x16 - 92g","p":2.69,"u":"29,24 €/KG","img":"https://fd6-photos.leclercdrive.fr/image.ashx?id=2649729&use=l&cat=p&typeid=i","cat":293239},{"id":57782,"n":"Capsules café Plantation Cappuccino - 2x8 - 166g","p":3.45,"u":"20,78 €/KG","img":"https://fd6-photos.leclercdrive.fr/image.ashx?id=2856558&use=l&cat=p&typeid=i","cat":293239},{"id":57783,"n":"Capsules café Plantation Espresso forte n°7 - x16 - 105g","p":2.99,"u":"28,48 €/KG","img":"https://fd6-photos.leclercdrive.fr/image.ashx?id=2649732&use=l&cat=p&typeid=i","cat":293239},{"id":57785,"n":"Capsules café Plantation Lungo n°6 - x16 - 99.2g","p":2.69,"u":"27,17 €/KG","img":"https://fd6-photos.leclercdrive.fr/image.ashx?id=2649735&use=l&cat=p&typeid=i","cat":293239},{"id":57786,"n":"Capsules café Plantation Gigante n°5 - x16 - 112g","p":2.99,"u":"26,70 €/KG","img":"https://fd6-photos.leclercdrive.fr/image.ashx?id=2649738&use=l&cat=p&typeid=i","cat":293239},{"id":57787,"n":"Céréales Jordans Country Crisp 4 Noix - 850g","p":4.5,"u":"5,29 €/KG","img":"https://fd6-photos.leclercdrive.fr/image.ashx?id=2860520&use=l&cat=p&typeid=i","cat":309512},{"id":57796,"n":"Bonbons KINDER Schoko-Bons Chocolat au lait - 300G","p":5.24,"u":"17,47 €/KG","img":"https://fd6-photos.leclercdrive.fr/image.ashx?id=2439692&use=l&cat=p&typeid=i","cat":304238},{"id":57804,"n":"Tomato Ketchup Heinz - 570g","p":2.24,"u":"3,93 €/KG","img":"https://fd6-photos.leclercdrive.fr/image.ashx?id=2924944&use=l&cat=p&typeid=i","cat":284455},{"id":57812,"n":"Petits pots bébé P'TITE RECETTE Couscous 8M+ - 2x200g","p":1.77,"u":"4,43 €/KG","img":"https://fd6-photos.leclercdrive.fr/image.ashx?id=2525696&use=l&cat=p&typeid=i","cat":312236},{"id":57813,"n":"Petits pots bébé P'TITE RECETTE Poulet Basquais 15M+ - 2 x 200g","p":2.26,"u":"5,65 €/KG","img":"https://fd6-photos.leclercdrive.fr/image.ashx?id=2737042&use=l&cat=p&typeid=i","cat":312238},{"id":57814,"n":"Petits pots bébé P'TITE RECETTE Hachis Parmentier 8M+ - 2x200g","p":1.84,"u":"4,60 €/KG","img":"https://fd6-photos.leclercdrive.fr/image.ashx?id=2629689&use=l&cat=p&typeid=i","cat":312236},{"id":57815,"n":"Petits pots bébé P'TITE RECETTE Spaghetti bolognaise 8m -2x200g","p":1.82,"u":"4,55 €/KG","img":"https://fd6-photos.leclercdrive.fr/image.ashx?id=2629683&use=l&cat=p&typeid=i","cat":312236},{"id":57816,"n":"Petits pots bébé P'TITE RECETTE Pot au feu 8M+ - 2x200g","p":2.25,"u":"5,63 €/KG","img":"https://fd6-photos.leclercdrive.fr/image.ashx?id=2518415&use=l&cat=p&typeid=i","cat":312236},{"id":57821,"n":"Petits pots bébé PTIT SOUPER pâtes courgettes 6M+ - 2x200g","p":2.21,"u":"5,53 €/KG","img":"https://fd6-photos.leclercdrive.fr/image.ashx?id=2526523&use=l&cat=p&typeid=i","cat":312239},{"id":57823,"n":"Petits pots bébé P'TIT SOUPER Carottes semoule 6M+ - 2x200g","p":1.85,"u":"4,63 €/KG","img":"https://fd6-photos.leclercdrive.fr/image.ashx?id=2527109&use=l&cat=p&typeid=i","cat":312239},{"id":57824,"n":"Petits pots bébé P'TIT SOUPER Risotto carottes 12M+ - 2x200g","p":2.04,"u":"5,10 €/KG","img":"https://fd6-photos.leclercdrive.fr/image.ashx?id=2526526&use=l&cat=p&typeid=i","cat":312239},{"id":57883,"n":"Petits pots bébé P'TITE RECETTE  riz dinde 12M+ - 2x200g","p":1.82,"u":"4,55 €/KG","img":"https://fd6-photos.leclercdrive.fr/image.ashx?id=2629686&use=l&cat=p&typeid=i","cat":312237},{"id":57956,"n":"Serviettes fuites urinaires  TENA Discreet - Mini - x20","p":4.14,"u":"0,21 €/P","img":"https://fd6-photos.leclercdrive.fr/image.ashx?id=2597241&use=l&cat=p&typeid=i","cat":284628},{"id":57957,"n":"Serviette Tena Lady Discreet - Normal - x12","p":3.87,"u":"0,32 €/P","img":"https://fd6-photos.leclercdrive.fr/image.ashx?id=2597235&use=l&cat=p&typeid=i","cat":284628},{"id":57958,"n":"Eau de toilette Alix De Faure Nature de feu - 100ml","p":4.55,"u":"45,50 €/L","img":"https://fd6-photos.leclercdrive.fr/image.ashx?id=2741300&use=l&cat=p&typeid=i","cat":287740},{"id":57959,"n":"Eau de toilette Alix de Faure Nature boisée - 100ml","p":4.55,"u":"45,50 €/L","img":"https://fd6-photos.leclercdrive.fr/image.ashx?id=2741297&use=l&cat=p&typeid=i","cat":287740},{"id":57983,"n":"Râpe Électrique Velvet Smooth Exfoliante et Contour des Pieds","p":23.42,"u":"Dont 0,10 € d'éco-part.","img":"https://fd6-photos.leclercdrive.fr/image.ashx?id=2465143&use=l&cat=p&typeid=i","cat":325354},{"id":57984,"n":"Râpe Électrique 2 en 1 Exfoliante et Lissante Pieds","p":23.38,"u":"Dont 0,17 € d'éco-part.","img":"https://fd6-photos.leclercdrive.fr/image.ashx?id=2457473&use=l&cat=p&typeid=i","cat":325354},{"id":58119,"n":"Madeleines longue pépites sucre Le Ster x20 - 250g","p":1.65,"u":"6,60 €/KG","img":"https://fd6-photos.leclercdrive.fr/image.ashx?id=2962566&use=l&cat=p&typeid=i","cat":284492},{"id":58122,"n":"Colin d'Alaska Findus Façon meuniere - x2 - 250g","p":3.31,"u":"13,24 €/KG","img":"https://fd6-photos.leclercdrive.fr/image.ashx?id=2654914&use=l&cat=p&typeid=i","cat":319788},{"id":58125,"n":"flan dany chocolat 4x100g","p":1.62,"u":"4,05 €/KG","img":"https://fd6-photos.leclercdrive.fr/image.ashx?id=2132316&use=l&cat=p&typeid=i","cat":284414},{"id":58141,"n":"Lentilles corail Bio Village Bio - 450g","p":1.97,"u":"4,38 €/KG","img":"https://fd6-photos.leclercdrive.fr/image.ashx?id=3002665&use=l&cat=p&typeid=i","cat":284430},{"id":58143,"n":"Soin de jour L'Oréal Paris Age Perfect anti-âge - 50ml","p":11.97,"pp":7.9,"u":"158,00 €/L","img":"https://fd6-photos.leclercdrive.fr/image.ashx?id=2769744&use=l&cat=p&typeid=i","cat":325345},{"id":58157,"n":"Balai Elephant  Anti-chocs, ultra-protect - x1","p":7.44,"img":"https://fd6-photos.leclercdrive.fr/image.ashx?id=2571482&use=l&cat=p&typeid=i","cat":284669},{"id":58164,"n":"Pelle-balayette Elephant Grande capacité - x1","p":4.89,"img":"https://fd6-photos.leclercdrive.fr/image.ashx?id=2571488&use=l&cat=p&typeid=i","cat":284669},{"id":58201,"n":"Désodorisant Bien Air  Senteur muguet - 300ml","p":1.09,"u":"3,63 €/L","img":"https://fd6-photos.leclercdrive.fr/image.ashx?id=2607942&use=l&cat=p&typeid=i","cat":311626},{"id":58202,"n":"Désodorisant Bien Air Floral - 300ml","p":1.09,"u":"3,63 €/L","img":"https://fd6-photos.leclercdrive.fr/image.ashx?id=2614573&use=l&cat=p&typeid=i","cat":311626},{"id":58203,"n":"Désodorisant Bien Air  Fruits rouges - 300ml","p":1.35,"u":"4,50 €/L","img":"https://fd6-photos.leclercdrive.fr/image.ashx?id=2613723&use=l&cat=p&typeid=i","cat":311626},{"id":58205,"n":"Désodorisant Bien Air Vanille - 300ml","p":1.09,"u":"3,63 €/L","img":"https://fd6-photos.leclercdrive.fr/image.ashx?id=2613726&use=l&cat=p&typeid=i","cat":311626},{"id":58206,"n":"Désodorisant Bien Air Agrume, anti-tabac - 300ml","p":1.15,"u":"3,83 €/L","img":"https://fd6-photos.leclercdrive.fr/image.ashx?id=2613729&use=l&cat=p&typeid=i","cat":311626},{"id":58214,"n":"Carré gourmand Garden Gourmet Tomates et mozzarella 160g","p":2.22,"u":"13,88 €/KG","img":"https://fd6-photos.leclercdrive.fr/image.ashx?id=3009107&use=l&cat=p&typeid=i","cat":316036},{"id":58218,"n":"Croissants Côté Table Jambon emmental - 2x170g","p":2.92,"u":"8,59 €/KG","img":"https://fd6-photos.leclercdrive.fr/image.ashx?id=2885128&use=l&cat=p&typeid=i","cat":333671},{"id":58222,"n":"Nuggets Côté Croc Fromage - 180g","p":1.84,"u":"10,22 €/KG","img":"https://fd6-photos.leclercdrive.fr/image.ashx?id=2462260&use=l&cat=p&typeid=i","cat":333684},{"id":58232,"n":"Pâte feuilletée Tablier Blanc Rectangulaire - 230g","p":1.14,"u":"4,96 €/KG","img":"https://fd6-photos.leclercdrive.fr/image.ashx?id=2635931&use=l&cat=p&typeid=i","cat":333681},{"id":58365,"n":"Tartelettes Chocolat P'tit Déli Fourrées au lait - 225g","p":1.39,"u":"6,18 €/KG","img":"https://fd6-photos.leclercdrive.fr/image.ashx?id=2523715&use=l&cat=p&typeid=i","cat":284488},{"id":58421,"n":"Pain aux céréales tranché 400g","p":1.8,"u":"4,50 €/KG","img":"https://fd6-photos.leclercdrive.fr/image.ashx?id=2063146&use=l&cat=p&typeid=i","cat":284359},{"id":58428,"n":"Sachet fraicheur chat Sheba Boeuf poulet en sauce - 6x50g","p":2.58,"u":"8,60 €/KG","img":"https://fd6-photos.leclercdrive.fr/image.ashx?id=2895927&use=l&cat=p&typeid=i","cat":285286},{"id":58444,"n":"Cacahuètes Benenuts-Twinuts Nature format familial - 260g","p":1.89,"u":"7,27 €/KG","img":"https://fd6-photos.leclercdrive.fr/image.ashx?id=2967744&use=l&cat=p&typeid=i","cat":284448},{"id":58449,"n":"Tomates pelées entières D'aucy 238g","p":1.18,"u":"4,96 €/KG","img":"https://fd6-photos.leclercdrive.fr/image.ashx?id=2503425&use=l&cat=p&typeid=i","cat":312608},{"id":58450,"n":"Tomates pelées entières D'aucy 476g","p":1.76,"u":"3,70 €/KG","img":"https://fd6-photos.leclercdrive.fr/image.ashx?id=2751996&use=l&cat=p&typeid=i","cat":312608},{"id":58451,"n":"Sachets repas chats Gourmet Mon Petit - Poisson - 6x50g","p":2.7,"u":"9,00 €/KG","img":"https://fd6-photos.leclercdrive.fr/image.ashx?id=2899686&use=l&cat=p&typeid=i","cat":285286},{"id":58453,"n":"Sachets repas chats Gourmet Mon Petit - Volaille - 6x50g","p":2.7,"u":"9,00 €/KG","img":"https://fd6-photos.leclercdrive.fr/image.ashx?id=2899689&use=l&cat=p&typeid=i","cat":285286},{"id":58457,"n":"Sachet repas chats Gourmet 12x85g","p":6.8,"u":"6,67 €/KG","img":"https://fd6-photos.leclercdrive.fr/image.ashx?id=2901124&use=l&cat=p&typeid=i","cat":285286},{"id":58459,"n":"Croquettes chat Purina One Adulte - Boeuf/Céréales - 1.5Kg","p":6.9,"u":"4,60 €/KG","img":"https://fd6-photos.leclercdrive.fr/image.ashx?id=2433548&use=l&cat=p&typeid=i","cat":284680},{"id":58460,"n":"Croquettes chat Purina One Boules de poils - Poulet -1.5Kg","p":8.28,"u":"5,52 €/KG","img":"https://fd6-photos.leclercdrive.fr/image.ashx?id=2868527&use=l&cat=p&typeid=i","cat":284680},{"id":58463,"n":"Gâche tranchée La Fournée Dorée 500g","p":2.14,"u":"4,28 €/KG","img":"https://fd6-photos.leclercdrive.fr/image.ashx?id=2277956&use=l&cat=p&typeid=i","cat":284478},{"id":58487,"n":"Croquettes chat Purina One Poulet - 11 ans et + - 1,5Kg","p":8.53,"u":"5,69 €/KG","img":"https://fd6-photos.leclercdrive.fr/image.ashx?id=2433575&use=l&cat=p&typeid=i","cat":284680},{"id":58488,"n":"Boîte chat Whiskas Sauce carte du boucher - 4x400g","p":5.24,"u":"3,28 €/KG","img":"https://fd6-photos.leclercdrive.fr/image.ashx?id=2619986&use=l&cat=p&typeid=i","cat":285601},{"id":58490,"n":"Sauce Béchamel Maggi 350ml","p":1.56,"u":"4,46 €/L","img":"https://fd6-photos.leclercdrive.fr/image.ashx?id=2977726&use=l&cat=p&typeid=i","cat":288381},{"id":58496,"n":"Bière blonde Heineken 6x33cl","p":7.22,"u":"3,65 €/L","img":"https://fd6-photos.leclercdrive.fr/image.ashx?id=3008107&use=l&cat=p&typeid=i","cat":334873},{"id":58502,"n":"Croquettes chat Purina One Stérilisé Adulte-Dinde/Blé -3kg","p":14.76,"u":"4,92 €/KG","img":"https://fd6-photos.leclercdrive.fr/image.ashx?id=2488055&use=l&cat=p&typeid=i","cat":284680},{"id":58505,"n":"Bière blonde Heineken Sans alcool - 6x25cl","p":4.4,"u":"2,93 €/L","img":"https://fd6-photos.leclercdrive.fr/image.ashx?id=2948528&use=l&cat=p&typeid=i","cat":334877},{"id":58510,"n":"Jambon cru fumé Eco+ 14 tranches - 200g","p":1.98,"u":"9,90 €/KG","img":"https://fd6-photos.leclercdrive.fr/image.ashx?id=2779172&use=l&cat=p&typeid=i","cat":316007},{"id":58511,"n":"Salami Danois fumé Eco+ 20 tranches - 200g","p":1.09,"u":"5,45 €/KG","img":"https://fd6-photos.leclercdrive.fr/image.ashx?id=2573713&use=l&cat=p&typeid=i","cat":316007},{"id":58512,"n":"Quiche Lorraine Eco+ 400g","p":1.79,"u":"4,48 €/KG","img":"https://fd6-photos.leclercdrive.fr/image.ashx?id=2843575&use=l&cat=p&typeid=i","cat":333680},{"id":58514,"n":"Croissant au Jambon Eco+ 2x140g","p":1.67,"u":"5,96 €/KG","img":"https://fd6-photos.leclercdrive.fr/image.ashx?id=2783815&use=l&cat=p&typeid=i","cat":333671},{"id":58518,"n":"Tortellini à la viande Eco+ 500g","p":1.74,"u":"3,48 €/KG","img":"https://fd6-photos.leclercdrive.fr/image.ashx?id=2606795&use=l&cat=p&typeid=i","cat":333682},{"id":58525,"n":"Salade choux rouge  Menu fraîcheur - 300g","p":1.85,"u":"6,17 €/KG","img":"https://fd6-photos.leclercdrive.fr/image.ashx?id=2901458&use=l&cat=p&typeid=i","cat":333657},{"id":58529,"n":"Pâte à tartiner L.Georgelin Cacao noisettes - 400g","p":4.49,"u":"11,23 €/KG","img":"https://fd6-photos.leclercdrive.fr/image.ashx?id=1557088&use=l&cat=p&typeid=i","cat":284481},{"id":58530,"n":"Pâte à tartiner L. Georgelin Bio Noisettes cacao  400g","p":5.16,"u":"12,90 €/KG","img":"https://fd6-photos.leclercdrive.fr/image.ashx?id=1580439&use=l&cat=p&typeid=i","cat":284481},{"id":58547,"n":"Duo de raisins moelleux Couleurs Vives - 250g","p":2.25,"u":"9,00 €/KG","img":"https://fd6-photos.leclercdrive.fr/image.ashx?id=2659262&use=l&cat=p&typeid=i","cat":284357},{"id":58548,"n":"Sachets repas chats Purina One Sauce boeuf poulet x4 - 340g","p":1.95,"u":"5,74 €/KG","img":"https://fd6-photos.leclercdrive.fr/image.ashx?id=2468239&use=l&cat=p&typeid=i","cat":285286},{"id":58570,"n":"Friandises chien Pedigree  Récompense bœuf volaille - 155g","p":1.74,"u":"11,23 €/KG","img":"https://fd6-photos.leclercdrive.fr/image.ashx?id=2924779&use=l&cat=p&typeid=i","cat":294527},{"id":58577,"n":"Dessert bébé lacté Blédina 6m Abricot - 6x55g","p":2.35,"u":"7,12 €/KG","img":"https://fd6-photos.leclercdrive.fr/image.ashx?id=2952448&use=l&cat=p&typeid=i","cat":312392},{"id":58578,"n":"Dessert bébé lacté Blédina 6m Fraise - 6x55g","p":2.28,"u":"6,91 €/KG","img":"https://fd6-photos.leclercdrive.fr/image.ashx?id=2952451&use=l&cat=p&typeid=i","cat":312392},{"id":58582,"n":"Dessert bébé lacté Blédina 6m Poire - 6x55g","p":2.21,"u":"6,70 €/KG","img":"https://fd6-photos.leclercdrive.fr/image.ashx?id=2310680&use=l&cat=p&typeid=i","cat":312392},{"id":58610,"n":"Brocolis cuits Notre Jardin 750g","p":1.79,"u":"2,39 €/KG","img":"https://fd6-photos.leclercdrive.fr/image.ashx?id=2873153&use=l&cat=p&typeid=i","cat":319805},{"id":58618,"n":"Tarte Côté Table Saumon Poireau - 400g","p":3.09,"u":"7,73 €/KG","img":"https://fd6-photos.leclercdrive.fr/image.ashx?id=2791821&use=l&cat=p&typeid=i","cat":284257},{"id":58628,"n":"Galettes riz bio bjorg  Complet  - 130g","p":1.42,"u":"10,92 €/KG","img":"https://fd6-photos.leclercdrive.fr/image.ashx?id=2978002&use=l&cat=p&typeid=i","cat":318651},{"id":58629,"n":"galettes de maïs bio bjorg Extra fines - 130g","p":1.4,"u":"10,77 €/KG","img":"https://fd6-photos.leclercdrive.fr/image.ashx?id=2978005&use=l&cat=p&typeid=i","cat":318651},{"id":58646,"n":"Fromage AOP Comté Jura Flore 9 mois - 200g","p":4.18,"u":"20,90 €/KG","img":"https://fd6-photos.leclercdrive.fr/image.ashx?id=2765243&use=l&cat=p&typeid=i","cat":314036},{"id":58648,"n":"Comté AOP  15 mois - 200g","p":4.9,"u":"24,50 €/KG","img":"https://fd6-photos.leclercdrive.fr/image.ashx?id=2692575&use=l&cat=p&typeid=i","cat":314034},{"id":58650,"n":"Pizza Merveillosa Turini 4 fromages - 340g","p":2.12,"u":"6,24 €/KG","img":"https://fd6-photos.leclercdrive.fr/image.ashx?id=2815244&use=l&cat=p&typeid=i","cat":284256},{"id":58651,"n":"Pizza bords fourrés au fromage  Turini 3 fromages - 450g","p":4.15,"u":"9,22 €/KG","img":"https://fd6-photos.leclercdrive.fr/image.ashx?id=2816582&use=l&cat=p&typeid=i","cat":284256},{"id":58652,"n":"Pizza à partager Turini 3 fromages - 500g","p":2.79,"u":"5,58 €/KG","img":"https://fd6-photos.leclercdrive.fr/image.ashx?id=2816588&use=l&cat=p&typeid=i","cat":284256},{"id":58655,"n":"Poêlée fermière Notre Jardin 750g","p":2.89,"u":"3,85 €/KG","img":"https://fd6-photos.leclercdrive.fr/image.ashx?id=2878597&use=l&cat=p&typeid=i","cat":319823},{"id":58676,"n":"Saucisses fumées Férial x4 - 360g","p":3.99,"u":"11,08 €/KG","img":"https://fd6-photos.leclercdrive.fr/image.ashx?id=2693156&use=l&cat=p&typeid=i","cat":316012},{"id":58691,"n":"Mousse de foie TSR VPF  Tradilège - 150g","p":1.28,"u":"8,53 €/KG","img":"https://fd6-photos.leclercdrive.fr/image.ashx?id=2696292&use=l&cat=p&typeid=i","cat":316008},{"id":58694,"n":"Glace Barre Glacée Mars  Chocolat & Caramel Salé  - 224g","p":2.91,"u":"12,99 €/KG","img":"https://fd6-photos.leclercdrive.fr/image.ashx?id=2419341&use=l&cat=p&typeid=i","cat":284264},{"id":58695,"n":"Farce à légumes Férial 400g","p":3.49,"u":"8,73 €/KG","img":"https://fd6-photos.leclercdrive.fr/image.ashx?id=2922703&use=l&cat=p&typeid=i","cat":284332},{"id":58716,"n":"Duo de Courgettes Notre Jardin Tomates - 900g","p":2.45,"u":"2,72 €/KG","img":"https://fd6-photos.leclercdrive.fr/image.ashx?id=2404290&use=l&cat=p&typeid=i","cat":319823},{"id":58741,"n":"Fèves non pelées Notre Jardin 1kg","p":3.49,"u":"3,49 €/KG","img":"https://fd6-photos.leclercdrive.fr/image.ashx?id=2873147&use=l&cat=p&typeid=i","cat":319805},{"id":58788,"n":"Délice volaille Tradilège x4 140g","p":1.25,"u":"8,93 €/KG","img":"https://fd6-photos.leclercdrive.fr/image.ashx?id=2616072&use=l&cat=p&typeid=i","cat":316012},{"id":58826,"n":"Viande hachée 5% MG Férial 500g","p":8.09,"u":"16,18 €/KG","img":"https://fd6-photos.leclercdrive.fr/image.ashx?id=2903995&use=l&cat=p&typeid=i","cat":284332},{"id":58939,"n":"Yaourt à boire Actimel fraise - 12x100g","p":3.87,"u":"3,23 €/KG","img":"https://fd6-photos.leclercdrive.fr/image.ashx?id=2996458&use=l&cat=p&typeid=i","cat":284415},{"id":58944,"n":"Yaourts à boire Actimel Nature - 12x100g","p":3.81,"u":"3,18 €/KG","img":"https://fd6-photos.leclercdrive.fr/image.ashx?id=2996461&use=l&cat=p&typeid=i","cat":284415},{"id":58946,"n":"Yaourts à boire Actimel Multifruits - 8x100g","p":3.34,"u":"4,18 €/KG","img":"https://fd6-photos.leclercdrive.fr/image.ashx?id=2996464&use=l&cat=p&typeid=i","cat":284415},{"id":58950,"n":"Yaourts à boire Actimel nature 0%mg - 8x100g","p":3.58,"u":"4,48 €/KG","img":"https://fd6-photos.leclercdrive.fr/image.ashx?id=2996470&use=l&cat=p&typeid=i","cat":284415},{"id":58952,"n":"Yaourts à boire Actimel framboise fruit rouge - 12x100g","p":4.94,"u":"4,12 €/KG","img":"https://fd6-photos.leclercdrive.fr/image.ashx?id=2996476&use=l&cat=p&typeid=i","cat":284415},{"id":59025,"n":"Pur beurre cacahuète Jardin Bio Bio - 350g","p":3.7,"u":"10,57 €/KG","img":"https://fd6-photos.leclercdrive.fr/image.ashx?id=3000312&use=l&cat=p&typeid=i","cat":284481},{"id":59038,"n":"Café moulu L'Or Intense 100% Arabica - 2x250g","p":8.82,"u":"17,64 €/KG","img":"https://fd6-photos.leclercdrive.fr/image.ashx?id=2020062&use=l&cat=p&typeid=i","cat":284750},{"id":59041,"n":"Céréales Extra Kellogg's Chocolat au lait - 800g","p":4.75,"u":"5,94 €/KG","img":"https://fd6-photos.leclercdrive.fr/image.ashx?id=2694941&use=l&cat=p&typeid=i","cat":309512},{"id":59091,"n":"Gousse vanille Vahiné Papouasie - 3g","p":4.39,"img":"https://fd6-photos.leclercdrive.fr/image.ashx?id=2559877&use=l&cat=p&typeid=i","cat":284504},{"id":59105,"n":"Pâtes Grand'Mère Torsades - 3x250g","p":1.99,"u":"2,65 €/KG","img":"https://fd6-photos.leclercdrive.fr/image.ashx?id=2303621&use=l&cat=p&typeid=i","cat":284427},{"id":59213,"n":"Dosettes Café Carte Noire  Arabica Classique n5 x60 - 420g","p":9.27,"u":"22,07 €/KG","img":"https://fd6-photos.leclercdrive.fr/image.ashx?id=2922191&use=l&cat=p&typeid=i","cat":293238},{"id":59235,"n":"Café dosettes Tassimo L'Or Café Long Classique x24","p":6.61,"u":"42,37 €/KG","img":"https://fd6-photos.leclercdrive.fr/image.ashx?id=2100356&use=l&cat=p&typeid=i","cat":293240},{"id":59249,"n":"Huile de coco Jardin Bio Bio - 200ml","p":3.5,"u":"17,50 €/L","img":"https://fd6-photos.leclercdrive.fr/image.ashx?id=2790135&use=l&cat=p&typeid=i","cat":284453},{"id":59252,"n":"Café dosettes Tassimo Maxwell House - caramel x8","p":5.89,"u":"21,98 €/KG","img":"https://fd6-photos.leclercdrive.fr/image.ashx?id=2100254&use=l&cat=p&typeid=i","cat":293240},{"id":59253,"n":"Café dosettes Tassimo L'Or Petit Déjeuner Classique x24","p":7.26,"u":"36,48 €/KG","img":"https://fd6-photos.leclercdrive.fr/image.ashx?id=2100365&use=l&cat=p&typeid=i","cat":293240},{"id":59257,"n":"Café dosettes Tassimo Grand-mère - petit déjeuner x16","p":3.5,"u":"26,32 €/KG","img":"https://fd6-photos.leclercdrive.fr/image.ashx?id=2100359&use=l&cat=p&typeid=i","cat":293240},{"id":59271,"n":"Sauce tomate cuisinée Panzani Ail et oignon - 500g","p":1.71,"u":"3,42 €/KG","img":"https://fd6-photos.leclercdrive.fr/image.ashx?id=2884303&use=l&cat=p&typeid=i","cat":288384},{"id":59277,"n":"Bonbons acidulés têtes brûlées Fraise/framboise-kitache-135g","p":1.99,"u":"14,74 €/KG","img":"https://fd6-photos.leclercdrive.fr/image.ashx?id=3008650&use=l&cat=p&typeid=i","cat":304250},{"id":59284,"n":"Maoam Mixx Haribo Sachet bonbons - 250g","p":1.86,"u":"7,44 €/KG","img":"https://fd6-photos.leclercdrive.fr/image.ashx?id=2876956&use=l&cat=p&typeid=i","cat":304250},{"id":59287,"n":"Cornichons Rustica 6 épices - 360g","p":2.29,"u":"6,36 €/KG","img":"https://fd6-photos.leclercdrive.fr/image.ashx?id=2916710&use=l&cat=p&typeid=i","cat":284458},{"id":59288,"n":"IGP Gros sel - Le Guérandais Sachet - 800g","p":1.33,"u":"1,66 €/KG","img":"https://fd6-photos.leclercdrive.fr/image.ashx?id=2458622&use=l&cat=p&typeid=i","cat":284457},{"id":59291,"n":"Sauce bolognaise Bio Village  Bio - 350g","p":1.69,"u":"4,83 €/KG","img":"https://fd6-photos.leclercdrive.fr/image.ashx?id=2753381&use=l&cat=p&typeid=i","cat":287599},{"id":59292,"n":"Œufs au plat Haribo Sachet bonbons - 300g","p":1.61,"u":"5,37 €/KG","img":"https://fd6-photos.leclercdrive.fr/image.ashx?id=2984892&use=l&cat=p&typeid=i","cat":304250},{"id":59293,"n":"Sauce provençale Bio Village  Bio - 350g","p":1.63,"u":"4,66 €/KG","img":"https://fd6-photos.leclercdrive.fr/image.ashx?id=2712995&use=l&cat=p&typeid=i","cat":287599},{"id":59296,"n":"Sauce tomate Bio Village  Basilic bio - 350g","p":1.63,"u":"4,66 €/KG","img":"https://fd6-photos.leclercdrive.fr/image.ashx?id=2696289&use=l&cat=p&typeid=i","cat":287599},{"id":59299,"n":"Bonbons KINDER Schoko-Bons Chocolat au lait - 225G","p":3.56,"u":"15,82 €/KG","img":"https://fd6-photos.leclercdrive.fr/image.ashx?id=2679633&use=l&cat=p&typeid=i","cat":304238},{"id":59305,"n":"Sauce American Burger Heinz - 230g","p":1.7,"u":"7,39 €/KG","img":"https://fd6-photos.leclercdrive.fr/image.ashx?id=2973354&use=l&cat=p&typeid=i","cat":318431},{"id":59307,"n":"Miami Pik Haribo Sachet bonbons acidulés - 200g","p":1.73,"u":"8,65 €/KG","img":"https://fd6-photos.leclercdrive.fr/image.ashx?id=2984895&use=l&cat=p&typeid=i","cat":304250},{"id":59311,"n":"Olives Apéro Tramier  À l'Ail 150g","p":2.37,"u":"15,80 €/KG","img":"https://fd6-photos.leclercdrive.fr/image.ashx?id=2639299&use=l&cat=p&typeid=i","cat":284458},{"id":59314,"n":"Huile d'Olive Tramier  Vierge Extra Biologique 75cl","p":10.52,"u":"14,03 €/L","img":"https://fd6-photos.leclercdrive.fr/image.ashx?id=2803916&use=l&cat=p&typeid=i","cat":284453},{"id":59336,"n":"Barquette chien Cesar Terrine poulet - 300g","p":1.61,"u":"5,37 €/KG","img":"https://fd6-photos.leclercdrive.fr/image.ashx?id=2091323&use=l&cat=p&typeid=i","cat":284673},{"id":59339,"n":"Barquette chien sénior Cesar Terrine en gelée - 4x150g","p":4.04,"u":"6,73 €/KG","img":"https://fd6-photos.leclercdrive.fr/image.ashx?id=2091320&use=l&cat=p&typeid=i","cat":284673},{"id":59340,"n":"Barquette chien Cesar Terrine cœur légumes - 4x150g","p":4.27,"u":"7,12 €/KG","img":"https://fd6-photos.leclercdrive.fr/image.ashx?id=2091317&use=l&cat=p&typeid=i","cat":284673},{"id":59341,"n":"Barquette chien Cesar Terrine du jardin - 4x150g","p":3.64,"u":"6,07 €/KG","img":"https://fd6-photos.leclercdrive.fr/image.ashx?id=2091314&use=l&cat=p&typeid=i","cat":284673},{"id":59344,"n":"Barquette chien Cesar Terrine du jardin - 4x300g","p":6.66,"u":"5,55 €/KG","img":"https://fd6-photos.leclercdrive.fr/image.ashx?id=2091308&use=l&cat=p&typeid=i","cat":284673},{"id":59382,"n":"Grissini Grangrissi 300g","p":2.61,"u":"8,70 €/KG","img":"https://fd6-photos.leclercdrive.fr/image.ashx?id=2743927&use=l&cat=p&typeid=i","cat":297000},{"id":59398,"n":"Café moulu L'Or Intense 100% Arabica - 3x250g","p":13.89,"u":"18,52 €/KG","img":"https://fd6-photos.leclercdrive.fr/image.ashx?id=2802377&use=l&cat=p&typeid=i","cat":284750},{"id":59407,"n":"Biscuits Choc&Choc Milka  175g","p":1.82,"u":"10,40 €/KG","img":"https://fd6-photos.leclercdrive.fr/image.ashx?id=2314599&use=l&cat=p&typeid=i","cat":284495},{"id":59419,"n":"Tomato Ketchup Heinz Offre Limitée - 570g","p":2.24,"u":"3,93 €/KG","img":"https://fd6-photos.leclercdrive.fr/image.ashx?id=2339760&use=l&cat=p&typeid=i","cat":284455},{"id":59485,"n":"Bière Anosteke IPA Blonde - 75cl","p":4.38,"u":"5,84 €/L","img":"https://fd6-photos.leclercdrive.fr/image.ashx?id=2736166&use=l&cat=p&typeid=i","cat":334872},{"id":59494,"n":"Bière Anosteke Blonde 75cl","p":4.79,"u":"6,39 €/L","img":"https://fd6-photos.leclercdrive.fr/image.ashx?id=2433136&use=l&cat=p&typeid=i","cat":334872},{"id":59497,"n":"Bière Paix Dieu Blonde - 75cl","p":5.77,"u":"7,69 €/L","img":"https://fd6-photos.leclercdrive.fr/image.ashx?id=1554802&use=l&cat=p&typeid=i","cat":334872},{"id":59499,"n":"Bière Chouffe Blonde 75cl","p":5.01,"u":"6,68 €/L","img":"https://fd6-photos.leclercdrive.fr/image.ashx?id=2959199&use=l&cat=p&typeid=i","cat":334872},{"id":59501,"n":"Bière Chimay Grande Réserve 75cl","p":5.96,"u":"7,95 €/L","img":"https://fd6-photos.leclercdrive.fr/image.ashx?id=1758852&use=l&cat=p&typeid=i","cat":334872},{"id":59503,"n":"Bière Cuvée des Joncquilles Blonde - 75cl","p":5.26,"u":"7,01 €/L","img":"https://fd6-photos.leclercdrive.fr/image.ashx?id=2411195&use=l&cat=p&typeid=i","cat":334872},{"id":59539,"n":"Pêches Douceur du Verger Sirop léger - 230 g","p":1.26,"u":"5,48 €/KG","img":"https://fd6-photos.leclercdrive.fr/image.ashx?id=2666468&use=l&cat=p&typeid=i","cat":284507},{"id":59553,"n":"Croustilles  Belin  Emmental - 138g","p":1.23,"u":"8,91 €/KG","img":"https://fd6-photos.leclercdrive.fr/image.ashx?id=3002267&use=l&cat=p&typeid=i","cat":284449},{"id":59556,"n":"Croustilles Belin Cacahuète - 138g","p":1.33,"u":"9,64 €/KG","img":"https://fd6-photos.leclercdrive.fr/image.ashx?id=3002270&use=l&cat=p&typeid=i","cat":284449},{"id":59565,"n":"Pâte à tartiner Nustikao 1kg","p":4.25,"u":"4,25 €/KG","img":"https://fd6-photos.leclercdrive.fr/image.ashx?id=2958041&use=l&cat=p&typeid=i","cat":284481},{"id":59589,"n":"Boisson base vodka Eristoff Red 18° - 70cl","p":12.86,"u":"18,37 €/L","img":"https://fd6-photos.leclercdrive.fr/image.ashx?id=2858258&use=l&cat=p&typeid=i","cat":284550},{"id":59591,"n":"Boisson base vodka Eristoff Black 18° - 70cl","p":13.8,"u":"19,71 €/L","img":"https://fd6-photos.leclercdrive.fr/image.ashx?id=2842882&use=l&cat=p&typeid=i","cat":284550},{"id":59601,"n":"Bière blonde 3 Monts 6x33cl","p":7.35,"u":"3,71 €/L","img":"https://fd6-photos.leclercdrive.fr/image.ashx?id=2548189&use=l&cat=p&typeid=i","cat":334852},{"id":59655,"n":"Dentifrice Email Diamant Rouge - 75ml","p":4.22,"u":"56,27 €/L","img":"https://fd6-photos.leclercdrive.fr/image.ashx?id=1781297&use=l&cat=p&typeid=i","cat":284612},{"id":59685,"n":"Salade Saupiquet Les Saladières Parisiennes-220g","p":2.77,"u":"12,59 €/KG","img":"https://fd6-photos.leclercdrive.fr/image.ashx?id=2907578&use=l&cat=p&typeid=i","cat":284437},{"id":59687,"n":"Sardines Connetable Olive/citron - 135g","p":2.69,"u":"19,93 €/KG","img":"https://fd6-photos.leclercdrive.fr/image.ashx?id=2618951&use=l&cat=p&typeid=i","cat":305146},{"id":59695,"n":"Yaourt à la grecque YAOS Vanille - 4x125g","p":2.69,"u":"5,38 €/KG","img":"https://fd6-photos.leclercdrive.fr/image.ashx?id=3007972&use=l&cat=p&typeid=i","cat":314999},{"id":59713,"n":"Gros cornichons Rustica  Aigre doux - 850g","p":2.69,"u":"3,16 €/KG","img":"https://fd6-photos.leclercdrive.fr/image.ashx?id=2916707&use=l&cat=p&typeid=i","cat":284458},{"id":59714,"n":"Cacahuètes Tokapi  Grillées à sec - 200g","p":0.78,"u":"3,90 €/KG","img":"https://fd6-photos.leclercdrive.fr/image.ashx?id=2799781&use=l&cat=p&typeid=i","cat":284448},{"id":59715,"n":"Double concentré de tomates Tube - 200g","p":1.35,"u":"6,75 €/KG","img":"https://fd6-photos.leclercdrive.fr/image.ashx?id=2072728&use=l&cat=p&typeid=i","cat":288384},{"id":59722,"n":"Crème légère semi-épaisse  Bridélice 18%mg - 3x20cl","p":2.5,"u":"4,17 €/L","img":"https://fd6-photos.leclercdrive.fr/image.ashx?id=2904733&use=l&cat=p&typeid=i","cat":284381},{"id":59725,"n":"Bâtonnets Surimi Saveur Coraya  x12 - 180g","p":2.09,"u":"11,61 €/KG","img":"https://fd6-photos.leclercdrive.fr/image.ashx?id=2962677&use=l&cat=p&typeid=i","cat":285189},{"id":59730,"n":"Blinis Cocktail Blini  x16 - 135g","p":1.34,"u":"9,93 €/KG","img":"https://fd6-photos.leclercdrive.fr/image.ashx?id=2971020&use=l&cat=p&typeid=i","cat":285191},{"id":59740,"n":"Tarama Blini Aux oeufs de cabillaud - 250g","p":2.87,"u":"11,48 €/KG","img":"https://fd6-photos.leclercdrive.fr/image.ashx?id=2960873&use=l&cat=p&typeid=i","cat":315999},{"id":59751,"n":"Rollmops au vinaigre  MSC Ronde des mers - 400g","p":2.29,"u":"5,73 €/KG","img":"https://fd6-photos.leclercdrive.fr/image.ashx?id=2686470&use=l&cat=p&typeid=i","cat":285190},{"id":59832,"n":"Secret de crème Président Semi-épaisse 25%mg - 3x20cl","p":4.22,"u":"7,03 €/L","img":"https://fd6-photos.leclercdrive.fr/image.ashx?id=2699861&use=l&cat=p&typeid=i","cat":284381},{"id":60015,"n":"Pancakes Pasquier x10 - 350g","p":1.95,"u":"5,57 €/KG","img":"https://fd6-photos.leclercdrive.fr/image.ashx?id=2688878&use=l&cat=p&typeid=i","cat":284495},{"id":60051,"n":"Gâteaux Lulu L'Ourson Fraise - 150g","p":1.52,"u":"10,13 €/KG","img":"https://fd6-photos.leclercdrive.fr/image.ashx?id=3008050&use=l&cat=p&typeid=i","cat":284495},{"id":60053,"n":"Végétal Falafels Garden Gourmet Pois chiches 190g","p":3.27,"u":"17,21 €/KG","img":"https://fd6-photos.leclercdrive.fr/image.ashx?id=2988686&use=l&cat=p&typeid=i","cat":316036},{"id":60068,"n":"Pavé Gourmand Garden Gourmet Courgettes Fromage 180g","p":2.25,"u":"12,50 €/KG","img":"https://fd6-photos.leclercdrive.fr/image.ashx?id=2973294&use=l&cat=p&typeid=i","cat":316036},{"id":60115,"n":"Tofu aux herbes Céréal Bio Bio - 250g","p":2.81,"u":"11,24 €/KG","img":"https://fd6-photos.leclercdrive.fr/image.ashx?id=2624284&use=l&cat=p&typeid=i","cat":316036},{"id":60120,"n":"Yaourts Lait de chèvre Vrai Bio Nature - 2x125g","p":1.51,"u":"6,04 €/KG","img":"https://fd6-photos.leclercdrive.fr/image.ashx?id=2516284&use=l&cat=p&typeid=i","cat":314998},{"id":60131,"n":"Oeufs Bio Matines Plein Air - x12","p":5.78,"u":"0,48 €/P","img":"https://fd6-photos.leclercdrive.fr/image.ashx?id=2432289&use=l&cat=p&typeid=i","cat":284378},{"id":60138,"n":"Bûche de chèvre Bio Soignon 180g","p":3.06,"u":"17,00 €/KG","img":"https://fd6-photos.leclercdrive.fr/image.ashx?id=2676741&use=l&cat=p&typeid=i","cat":314031},{"id":60140,"n":"Falafels Céréal Bio  Pois chiches épinards Bio- 180g","p":3.14,"u":"17,44 €/KG","img":"https://fd6-photos.leclercdrive.fr/image.ashx?id=2657430&use=l&cat=p&typeid=i","cat":316036},{"id":60165,"n":"Boisson végétale Alpro noisette - 1l","p":2.16,"u":"2,16 €/L","img":"https://fd6-photos.leclercdrive.fr/image.ashx?id=2849602&use=l&cat=p&typeid=i","cat":316067},{"id":60168,"n":"fromage blanc jockey Nature 3%MG - 8x100g","p":2.54,"u":"3,18 €/KG","img":"https://fd6-photos.leclercdrive.fr/image.ashx?id=2230369&use=l&cat=p&typeid=i","cat":284409},{"id":60171,"n":"boisson végétale lait d'amande grillée alpro -1l","p":2.0,"u":"2,00 €/L","img":"https://fd6-photos.leclercdrive.fr/image.ashx?id=2988671&use=l&cat=p&typeid=i","cat":316067},{"id":60174,"n":"Madeleine Bonne Maman  Chocolat au lait x10 - 300g","p":3.39,"u":"11,30 €/KG","img":"https://fd6-photos.leclercdrive.fr/image.ashx?id=2949940&use=l&cat=p&typeid=i","cat":284492},{"id":60175,"n":"Madeleines St Michel  Oeuf en plein air - 1kg","p":3.83,"u":"3,83 €/KG","img":"https://fd6-photos.leclercdrive.fr/image.ashx?id=2936194&use=l&cat=p&typeid=i","cat":284492},{"id":60192,"n":"Pancakes Le Ster  x8 - 280g","p":2.19,"u":"7,82 €/KG","img":"https://fd6-photos.leclercdrive.fr/image.ashx?id=2827215&use=l&cat=p&typeid=i","cat":284495},{"id":60204,"n":"Crêpes de landerneau Le Ster Le pâtissier x12 - 300g","p":2.15,"u":"7,17 €/KG","img":"https://fd6-photos.leclercdrive.fr/image.ashx?id=2962860&use=l&cat=p&typeid=i","cat":284494},{"id":60239,"n":"Bière Moulins D'Ascq bio Blanche 5° - 75cl","p":4.38,"u":"5,84 €/L","img":"https://fd6-photos.leclercdrive.fr/image.ashx?id=2852603&use=l&cat=p&typeid=i","cat":334878},{"id":60240,"n":"Bière blonde Moulins D'Ascq bio 75cl","p":4.56,"u":"6,08 €/L","img":"https://fd6-photos.leclercdrive.fr/image.ashx?id=2852597&use=l&cat=p&typeid=i","cat":334872},{"id":60242,"n":"Bière blonde Moulins D'Ascq bio Triple - 75cl","p":5.05,"u":"6,73 €/L","img":"https://fd6-photos.leclercdrive.fr/image.ashx?id=2852606&use=l&cat=p&typeid=i","cat":334872},{"id":60258,"n":"AOP Côteaux Varois en Provence Rosé Estandon Lumière - 75cl","p":7.3,"u":"9,73 €/L","img":"https://fd6-photos.leclercdrive.fr/image.ashx?id=2889460&use=l&cat=p&typeid=i","cat":289558},{"id":60313,"n":"Fromage frais Délisse  Vanille de Madagascar - 500g","p":2.29,"u":"4,58 €/KG","img":"https://fd6-photos.leclercdrive.fr/image.ashx?id=3012851&use=l&cat=p&typeid=i","cat":284409},{"id":60382,"n":"Soin de jour L'Oréal Paris Age Perfect anti-rides - 50ml","p":11.97,"pp":7.9,"u":"158,00 €/L","img":"https://fd6-photos.leclercdrive.fr/image.ashx?id=2860355&use=l&cat=p&typeid=i","cat":325345},{"id":60480,"n":"Anosteke saison  75cl","p":4.61,"u":"6,15 €/L","img":"https://fd6-photos.leclercdrive.fr/image.ashx?id=2736163&use=l&cat=p&typeid=i","cat":334872},{"id":60483,"n":"Biere Brigand Blonde - 9°  - 75cl","p":4.99,"u":"6,65 €/L","img":"https://fd6-photos.leclercdrive.fr/image.ashx?id=2458907&use=l&cat=p&typeid=i","cat":334872},{"id":60538,"n":"Purée Délice Bonduelle Duo douceur - 780g","p":3.27,"u":"4,19 €/KG","img":"https://fd6-photos.leclercdrive.fr/image.ashx?id=2996521&use=l&cat=p&typeid=i","cat":319805},{"id":60539,"n":"Purée delice Bonduelle  Courgette Céleri Brocoli - 780g","p":3.28,"u":"4,21 €/KG","img":"https://fd6-photos.leclercdrive.fr/image.ashx?id=2910043&use=l&cat=p&typeid=i","cat":319805},{"id":60587,"n":"Bûche de chèvre Président 180g","p":2.04,"u":"11,33 €/KG","img":"https://fd6-photos.leclercdrive.fr/image.ashx?id=2454088&use=l&cat=p&typeid=i","cat":314031},{"id":60588,"n":"Emmental Président 250g","p":2.79,"u":"11,16 €/KG","img":"https://fd6-photos.leclercdrive.fr/image.ashx?id=2752942&use=l&cat=p&typeid=i","cat":314034},{"id":60637,"n":"Matière grasse St Hubert 41 à tartiner - 38% MG - 500g","p":3.41,"u":"6,82 €/KG","img":"https://fd6-photos.leclercdrive.fr/image.ashx?id=2734147&use=l&cat=p&typeid=i","cat":315229},{"id":60774,"n":"Bière blonde Leffe 6,6% - 6x25cl","p":4.89,"u":"3,26 €/L","img":"https://fd6-photos.leclercdrive.fr/image.ashx?id=2995421&use=l&cat=p&typeid=i","cat":334852},{"id":60777,"n":"Brique de brebis Lou Pérac Fromage de brebis - 150g","p":2.8,"u":"18,67 €/KG","img":"https://fd6-photos.leclercdrive.fr/image.ashx?id=2785154&use=l&cat=p&typeid=i","cat":314031},{"id":60778,"n":"Tranche Salakis Fromage de brebis - 200g","p":2.61,"u":"13,05 €/KG","img":"https://fd6-photos.leclercdrive.fr/image.ashx?id=2729710&use=l&cat=p&typeid=i","cat":314026},{"id":60886,"n":"Mozzarella Galbani 125g","p":1.03,"u":"8,24 €/KG","img":"https://fd6-photos.leclercdrive.fr/image.ashx?id=2765381&use=l&cat=p&typeid=i","cat":314026},{"id":60890,"n":"Chaussée aux moines 340g","p":2.99,"u":"8,79 €/KG","img":"https://fd6-photos.leclercdrive.fr/image.ashx?id=2830030&use=l&cat=p&typeid=i","cat":329184},{"id":60891,"n":"Camembert Président 250g","p":1.79,"u":"7,16 €/KG","img":"https://fd6-photos.leclercdrive.fr/image.ashx?id=2878873&use=l&cat=p&typeid=i","cat":314033},{"id":60892,"n":"Emmental râpé fondant Président 200g","p":2.04,"u":"10,20 €/KG","img":"https://fd6-photos.leclercdrive.fr/image.ashx?id=2488455&use=l&cat=p&typeid=i","cat":314035},{"id":60893,"n":"Brique fondante Président Fondante - 200g","p":2.52,"u":"12,60 €/KG","img":"https://fd6-photos.leclercdrive.fr/image.ashx?id=2652840&use=l&cat=p&typeid=i","cat":314033},{"id":60930,"n":"Thé Earl Grey Twinings x25 sachets - 50g","p":2.01,"u":"40,20 €/KG","img":"https://fd6-photos.leclercdrive.fr/image.ashx?id=2889817&use=l&cat=p&typeid=i","cat":293233},{"id":60931,"n":"Thé Ceylan Scotland Twinings x20 - 40g","p":2.49,"u":"62,25 €/KG","img":"https://fd6-photos.leclercdrive.fr/image.ashx?id=2893024&use=l&cat=p&typeid=i","cat":293233},{"id":60957,"n":"Boisson énergisante Red Bull Goût Myrtille, 250ml","p":1.25,"u":"5,00 €/L","img":"https://fd6-photos.leclercdrive.fr/image.ashx?id=2174528&use=l&cat=p&typeid=i","cat":284533},{"id":60974,"n":"Pur jus Tropicana Orange Pure Premium Sans pulpe - 1L","p":2.43,"u":"2,43 €/L","img":"https://fd6-photos.leclercdrive.fr/image.ashx?id=2586186&use=l&cat=p&typeid=i","cat":284521},{"id":60978,"n":"Roquefort AOP Société Fromage de brebis - 150g","p":2.89,"u":"19,27 €/KG","img":"https://fd6-photos.leclercdrive.fr/image.ashx?id=2729713&use=l&cat=p&typeid=i","cat":314032},{"id":61021,"n":"Risotto champignon poulet Marie 900g","p":4.65,"u":"5,17 €/KG","img":"https://fd6-photos.leclercdrive.fr/image.ashx?id=2996755&use=l&cat=p&typeid=i","cat":284254},{"id":61022,"n":"Tranches panés Findus Cabillaud MSC - x20 - 1.020kg","p":14.28,"u":"14,00 €/KG","img":"https://fd6-photos.leclercdrive.fr/image.ashx?id=2865860&use=l&cat=p&typeid=i","cat":319788},{"id":61167,"n":"Crème légère épaisse Bridélice 15%mg - 497g","p":1.89,"u":"3,80 €/KG","img":"https://fd6-photos.leclercdrive.fr/image.ashx?id=2996578&use=l&cat=p&typeid=i","cat":284381},{"id":61169,"n":"Petit suisse NESQUIK Chocolat 6x60g","p":1.55,"u":"4,31 €/KG","img":"https://fd6-photos.leclercdrive.fr/image.ashx?id=3007933&use=l&cat=p&typeid=i","cat":284414},{"id":61172,"n":"Yaourts à la Grecque Délisse Citron - 4x150g","p":2.38,"u":"3,97 €/KG","img":"https://fd6-photos.leclercdrive.fr/image.ashx?id=2699714&use=l&cat=p&typeid=i","cat":314999},{"id":61293,"n":"Boisson Jafaden Orange carotte citron - 1L","p":1.89,"u":"1,89 €/L","img":"https://fd6-photos.leclercdrive.fr/image.ashx?id=2956753&use=l&cat=p&typeid=i","cat":284917},{"id":61378,"n":"Salade pâtes Poulet Caesar  250g - Côté Snack","p":2.59,"u":"10,36 €/KG","img":"https://fd6-photos.leclercdrive.fr/image.ashx?id=2900653&use=l&cat=p&typeid=i","cat":333657},{"id":61594,"n":"Tomato Ketchup Heinz - 910g","p":2.83,"u":"3,11 €/KG","img":"https://fd6-photos.leclercdrive.fr/image.ashx?id=2923420&use=l&cat=p&typeid=i","cat":284455},{"id":61596,"n":"Sauce au poivre Rustica Pot - 245g","p":1.13,"u":"4,61 €/KG","img":"https://fd6-photos.leclercdrive.fr/image.ashx?id=2954373&use=l&cat=p&typeid=i","cat":318430},{"id":61597,"n":"Sauce bourguignonne Rustica Pot - 250g","p":1.01,"u":"4,04 €/KG","img":"https://fd6-photos.leclercdrive.fr/image.ashx?id=2954376&use=l&cat=p&typeid=i","cat":318430},{"id":61605,"n":"Sauce barbecue Rustica Flacon souple - 280g","p":1.39,"u":"4,96 €/KG","img":"https://fd6-photos.leclercdrive.fr/image.ashx?id=2559704&use=l&cat=p&typeid=i","cat":318431},{"id":61609,"n":"Sauce Aïoli Bénédicta - 260g","p":1.59,"u":"6,12 €/KG","img":"https://fd6-photos.leclercdrive.fr/image.ashx?id=2689934&use=l&cat=p&typeid=i","cat":318430},{"id":61631,"n":"Cocktail Douceur du Verger 4 fruits - Sirop léger- 500g","p":1.99,"u":"3,98 €/KG","img":"https://fd6-photos.leclercdrive.fr/image.ashx?id=2531298&use=l&cat=p&typeid=i","cat":284507},{"id":61634,"n":"Poires Douceur du Verger Sirop léger - 455 g","p":1.95,"u":"4,29 €/KG","img":"https://fd6-photos.leclercdrive.fr/image.ashx?id=2783020&use=l&cat=p&typeid=i","cat":284507},{"id":61638,"n":"Lentilles Préparées Cassegrain Tendres et Fondantes 460g","p":2.63,"u":"5,72 €/KG","img":"https://fd6-photos.leclercdrive.fr/image.ashx?id=3011047&use=l&cat=p&typeid=i","cat":312609},{"id":61697,"n":"Eponges Spontex Multicolore - x3","p":1.46,"u":"0,49 €/P","img":"https://fd6-photos.leclercdrive.fr/image.ashx?id=2972847&use=l&cat=p&typeid=i","cat":284667},{"id":61704,"n":"Burger La Fournée Dorée Sésame x4 -250g","p":1.81,"u":"7,24 €/KG","img":"https://fd6-photos.leclercdrive.fr/image.ashx?id=2735275&use=l&cat=p&typeid=i","cat":325067},{"id":61706,"n":"Beurre Grand Fermage Demi-sel - 80% MG - 500g","p":5.12,"u":"10,24 €/KG","img":"https://fd6-photos.leclercdrive.fr/image.ashx?id=2916171&use=l&cat=p&typeid=i","cat":284379},{"id":61874,"n":"Gel shampooing douche Fa Men Perfect wave flacon - 250ml","p":1.89,"u":"7,56 €/L","img":"https://fd6-photos.leclercdrive.fr/image.ashx?id=2995091&use=l&cat=p&typeid=i","cat":284619},{"id":61982,"n":"Haricots Blancs Heinz à la sauce tomate - 415g","p":1.81,"u":"4,36 €/KG","img":"https://fd6-photos.leclercdrive.fr/image.ashx?id=2811551&use=l&cat=p&typeid=i","cat":312606},{"id":61983,"n":"Sachet repas Gourmet  Terrine coffret - 4x85g","p":1.95,"u":"5,74 €/KG","img":"https://fd6-photos.leclercdrive.fr/image.ashx?id=2901118&use=l&cat=p&typeid=i","cat":285286},{"id":62007,"n":"Sardines Huile Olive PARMENTIER Vierge Extra - 135g","p":1.48,"u":"10,96 €/KG","img":"https://fd6-photos.leclercdrive.fr/image.ashx?id=3014410&use=l&cat=p&typeid=i","cat":305146},{"id":62008,"n":"Sardine Parmentier Herbe - 135g","p":1.79,"u":"13,26 €/KG","img":"https://fd6-photos.leclercdrive.fr/image.ashx?id=3014413&use=l&cat=p&typeid=i","cat":305146},{"id":62042,"n":"Haricots rouges D'aucy  500g","p":1.99,"u":"3,98 €/KG","img":"https://fd6-photos.leclercdrive.fr/image.ashx?id=2491190&use=l&cat=p&typeid=i","cat":312606},{"id":62043,"n":"Lentilles préparées D'aucy  265g","p":0.95,"u":"3,58 €/KG","img":"https://fd6-photos.leclercdrive.fr/image.ashx?id=2560600&use=l&cat=p&typeid=i","cat":312609},{"id":62053,"n":"Haricots Coco Cuisinés Cassegrain Tomate, Laurier 435g","p":1.94,"u":"7,76 €/KG","img":"https://fd6-photos.leclercdrive.fr/image.ashx?id=2952466&use=l&cat=p&typeid=i","cat":312606},{"id":62054,"n":"Courgettes Cuisinées Cassegrain à la Provençale 185g","p":2.38,"u":"12,86 €/KG","img":"https://fd6-photos.leclercdrive.fr/image.ashx?id=2913022&use=l&cat=p&typeid=i","cat":312612},{"id":62055,"n":"Aubergines Cuisinées Cassegrain à la Provençale 185g","p":2.51,"u":"13,57 €/KG","img":"https://fd6-photos.leclercdrive.fr/image.ashx?id=2913019&use=l&cat=p&typeid=i","cat":312612},{"id":62057,"n":"Champignons Eco+ Entiers - 230g","p":1.13,"u":"4,91 €/KG","img":"https://fd6-photos.leclercdrive.fr/image.ashx?id=2782999&use=l&cat=p&typeid=i","cat":312610},{"id":62066,"n":"Lentilles cuisinées façon Sud-Ouest Cassegrain 410g","p":2.25,"u":"5,49 €/KG","img":"https://fd6-photos.leclercdrive.fr/image.ashx?id=2862131&use=l&cat=p&typeid=i","cat":312609},{"id":62067,"n":"Flageolets Préparés Cassegrain Extra Fins 130g","p":1.1,"u":"8,46 €/KG","img":"https://fd6-photos.leclercdrive.fr/image.ashx?id=2912980&use=l&cat=p&typeid=i","cat":312606},{"id":62083,"n":"Soda Schweppes Saveur Agrumes - 1L","p":1.63,"u":"1,63 €/L","img":"https://fd6-photos.leclercdrive.fr/image.ashx?id=2852414&use=l&cat=p&typeid=i","cat":284532},{"id":62094,"n":"Sauce fajitas Old El Paso à cuisiner doux - 395g","p":2.27,"u":"5,75 €/KG","img":"https://fd6-photos.leclercdrive.fr/image.ashx?id=2950852&use=l&cat=p&typeid=i","cat":288993},{"id":62095,"n":"Chips Tortilla Old El Paso Fajita - 185g","p":2.23,"u":"12,05 €/KG","img":"https://fd6-photos.leclercdrive.fr/image.ashx?id=2444522&use=l&cat=p&typeid=i","cat":288993},{"id":62112,"n":"Compotes Pom'Potes Gourdes  Pomme Nature - 12x90g","p":4.85,"u":"4,49 €/KG","img":"https://fd6-photos.leclercdrive.fr/image.ashx?id=3010927&use=l&cat=p&typeid=i","cat":284508},{"id":62128,"n":"Biscuits fourrés Prince Tout chocolat - 300g","p":1.52,"u":"5,07 €/KG","img":"https://fd6-photos.leclercdrive.fr/image.ashx?id=2528801&use=l&cat=p&typeid=i","cat":284488},{"id":62130,"n":"Cookies extra moelleux Granola Pépites de chocolat - 312g","p":3.48,"u":"11,15 €/KG","img":"https://fd6-photos.leclercdrive.fr/image.ashx?id=2306723&use=l&cat=p&typeid=i","cat":325066},{"id":62146,"n":"Brioche La Fournée Dorée Tranchée crème fraiche - 500g","p":2.31,"u":"4,62 €/KG","img":"https://fd6-photos.leclercdrive.fr/image.ashx?id=2415365&use=l&cat=p&typeid=i","cat":284478},{"id":62148,"n":"Brioch'burger La fournée Dorée x4 - 250g","p":1.69,"u":"6,76 €/KG","img":"https://fd6-photos.leclercdrive.fr/image.ashx?id=2765261&use=l&cat=p&typeid=i","cat":325067},{"id":62152,"n":"Graines de chia bio Happy Bio   250g","p":5.86,"u":"23,44 €/KG","img":"https://fd6-photos.leclercdrive.fr/image.ashx?id=2970990&use=l&cat=p&typeid=i","cat":318651},{"id":62162,"n":"Donuts Curly 100g","p":1.14,"u":"11,40 €/KG","img":"https://fd6-photos.leclercdrive.fr/image.ashx?id=2446836&use=l&cat=p&typeid=i","cat":284449},{"id":62169,"n":"Croquettes chiens Purina One Minis chiens - 1.5kg","p":5.43,"u":"3,62 €/KG","img":"https://fd6-photos.leclercdrive.fr/image.ashx?id=2899677&use=l&cat=p&typeid=i","cat":294526},{"id":62173,"n":"Friandises chat Catisfactions  Canard - 60g","p":1.18,"u":"19,67 €/KG","img":"https://fd6-photos.leclercdrive.fr/image.ashx?id=2912611&use=l&cat=p&typeid=i","cat":285285},{"id":62226,"n":"Soda Coca-Cola Sans Sucres Bouteille - 1L","p":1.29,"u":"1,29 €/L","img":"https://fd6-photos.leclercdrive.fr/image.ashx?id=2194418&use=l&cat=p&typeid=i","cat":284530},{"id":62238,"n":"Bière blonde Grimbergen Triple d'Abbaye -8° - 6x25cl","p":5.76,"u":"3,84 €/L","img":"https://fd6-photos.leclercdrive.fr/image.ashx?id=2317363&use=l&cat=p&typeid=i","cat":334852},{"id":62246,"n":"Soda au cola Pepsi La bouteille de 1.5L","p":1.17,"u":"0,78 €/L","img":"https://fd6-photos.leclercdrive.fr/image.ashx?id=2896318&use=l&cat=p&typeid=i","cat":284530},{"id":62251,"n":"Soda au cola Pepsi Zéro sucres La bouteille de 1.5L","p":1.13,"u":"0,75 €/L","img":"https://fd6-photos.leclercdrive.fr/image.ashx?id=2683130&use=l&cat=p&typeid=i","cat":284530},{"id":62252,"n":"Soda 7UP Citron et citron vert - 1.5L","p":1.18,"u":"0,79 €/L","img":"https://fd6-photos.leclercdrive.fr/image.ashx?id=2748545&use=l&cat=p&typeid=i","cat":284531},{"id":62303,"n":"yaourt fruits bio les 2 vaches brassé framboise - 4x115g","p":1.95,"u":"4,24 €/KG","img":"https://fd6-photos.leclercdrive.fr/image.ashx?id=2571533&use=l&cat=p&typeid=i","cat":284410},{"id":62333,"n":"Yaourt brassé Bio les 2 vaches Citron - 4x115g","p":1.93,"u":"4,20 €/KG","img":"https://fd6-photos.leclercdrive.fr/image.ashx?id=2571536&use=l&cat=p&typeid=i","cat":284410},{"id":62335,"n":"yaourt fruits bio les 2 vaches brassé myrtille - 4x115g","p":2.03,"u":"4,41 €/KG","img":"https://fd6-photos.leclercdrive.fr/image.ashx?id=2571530&use=l&cat=p&typeid=i","cat":284410},{"id":62340,"n":"Jus d'oranges pressées Andros 1.5L","p":4.15,"u":"2,77 €/L","img":"https://fd6-photos.leclercdrive.fr/image.ashx?id=2904272&use=l&cat=p&typeid=i","cat":285435},{"id":62357,"n":"Faisselle Rians Coulis framboise - 240g","p":2.26,"u":"9,42 €/KG","img":"https://fd6-photos.leclercdrive.fr/image.ashx?id=2522776&use=l&cat=p&typeid=i","cat":284410},{"id":62359,"n":"Jus d'oranges pressées  Sans pulpe Andros - 1.5L","p":4.61,"u":"3,07 €/L","img":"https://fd6-photos.leclercdrive.fr/image.ashx?id=2876104&use=l&cat=p&typeid=i","cat":285435},{"id":62416,"n":"Citrons pressés Andros 1L","p":2.45,"u":"2,45 €/L","img":"https://fd6-photos.leclercdrive.fr/image.ashx?id=2882650&use=l&cat=p&typeid=i","cat":285435},{"id":62417,"n":"Jus de pamplemousse rose pressé Andros - 1L","p":3.3,"u":"3,30 €/L","img":"https://fd6-photos.leclercdrive.fr/image.ashx?id=2928423&use=l&cat=p&typeid=i","cat":285435},{"id":62418,"n":"Jus d'oranges douces Andros 1L","p":3.59,"u":"3,59 €/L","img":"https://fd6-photos.leclercdrive.fr/image.ashx?id=2882638&use=l&cat=p&typeid=i","cat":285435},{"id":62481,"n":"Coton disque Bio Bionaïa x70","p":0.97,"u":"0,01 €/P","img":"https://fd6-photos.leclercdrive.fr/image.ashx?id=2434942&use=l&cat=p&typeid=i","cat":285593},{"id":62482,"n":"Coton-tige Bio Bionaïa x200 bâtonnets ouatés","p":0.86,"img":"https://fd6-photos.leclercdrive.fr/image.ashx?id=2598704&use=l&cat=p&typeid=i","cat":285593},{"id":62486,"n":"Quiche lorraine 400g","p":1.99,"u":"4,98 €/KG","img":"https://fd6-photos.leclercdrive.fr/image.ashx?id=2798421&use=l&cat=p&typeid=i","cat":333680},{"id":62496,"n":"Biscuit bébé Blédina 12 mois Petit beurre - 133g","p":2.26,"u":"16,99 €/KG","img":"https://fd6-photos.leclercdrive.fr/image.ashx?id=2974288&use=l&cat=p&typeid=i","cat":312227},{"id":62497,"n":"Biscuit bébé Blédina 12 mois  Petit beurre pépites choco-133g","p":2.16,"u":"16,24 €/KG","img":"https://fd6-photos.leclercdrive.fr/image.ashx?id=2639344&use=l&cat=p&typeid=i","cat":312227},{"id":62509,"n":"Halal Pocket Oriental Viandes Dinde et Fromage - 2x130g","p":3.38,"u":"13,00 €/KG","img":"https://fd6-photos.leclercdrive.fr/image.ashx?id=2825808&use=l&cat=p&typeid=i","cat":284254},{"id":62555,"n":"Boissons aux fruits Fruit Shoot Tropical - 12x20cl","p":4.3,"u":"1,79 €/L","img":"https://fd6-photos.leclercdrive.fr/image.ashx?id=2915736&use=l&cat=p&typeid=i","cat":295018},{"id":62561,"n":"Rasoirs jetables Carré Homme 3 lames - x8","p":2.66,"u":"0,33 €/P","img":"https://fd6-photos.leclercdrive.fr/image.ashx?id=2869859&use=l&cat=p&typeid=i","cat":284616},{"id":62567,"n":"Papier toilette Mimosa Humide x50","p":1.29,"u":"0,03 €/P","img":"https://fd6-photos.leclercdrive.fr/image.ashx?id=2823126&use=l&cat=p&typeid=i","cat":284634},{"id":62568,"n":"Papier toilette Mimosa Humide douceur x50","p":1.29,"u":"0,03 €/P","img":"https://fd6-photos.leclercdrive.fr/image.ashx?id=3013615&use=l&cat=p&typeid=i","cat":284634},{"id":62571,"n":"Soda à l'orange Orangina 1L","p":1.67,"u":"1,67 €/L","img":"https://fd6-photos.leclercdrive.fr/image.ashx?id=2668413&use=l&cat=p&typeid=i","cat":284532},{"id":62572,"n":"Lime soda Sprink's Citron zero - 1.5L","p":1.08,"u":"0,72 €/L","img":"https://fd6-photos.leclercdrive.fr/image.ashx?id=2913742&use=l&cat=p&typeid=i","cat":284531},{"id":62574,"n":"Bière ambrée Grimbergen 6,5° - 6x25cl","p":5.88,"u":"3,92 €/L","img":"https://fd6-photos.leclercdrive.fr/image.ashx?id=2293483&use=l&cat=p&typeid=i","cat":334852},{"id":62575,"n":"Coton disque Inell Rond confort x70","p":0.61,"u":"0,01 €/P","img":"https://fd6-photos.leclercdrive.fr/image.ashx?id=2169171&use=l&cat=p&typeid=i","cat":285593},{"id":62576,"n":"Bière blanche Grimbergen 6° - 6x25cl","p":5.4,"u":"3,60 €/L","img":"https://fd6-photos.leclercdrive.fr/image.ashx?id=2294375&use=l&cat=p&typeid=i","cat":334878},{"id":62579,"n":"Bière blonde Leffe Triple 8,5% - 6x25cl","p":6.11,"u":"24,44 €/L","img":"https://fd6-photos.leclercdrive.fr/image.ashx?id=2548282&use=l&cat=p&typeid=i","cat":334852},{"id":62581,"n":"Bière aromatisée Grimbergen Cerise 5,5° - 6x25cl","p":5.77,"u":"3,85 €/L","img":"https://fd6-photos.leclercdrive.fr/image.ashx?id=2312798&use=l&cat=p&typeid=i","cat":334878},{"id":62614,"n":"Pâte à tartiner Ovomaltine Crunchy - 360g","p":3.28,"u":"9,11 €/KG","img":"https://fd6-photos.leclercdrive.fr/image.ashx?id=2428645&use=l&cat=p&typeid=i","cat":284481},{"id":62619,"n":"Biscuits nappés Pépito Chocolat au lait - 2x192g","p":2.66,"u":"6,93 €/KG","img":"https://fd6-photos.leclercdrive.fr/image.ashx?id=2989444&use=l&cat=p&typeid=i","cat":284488},{"id":62668,"n":"Brosse à dents Sensodyne Extra souple x1","p":2.07,"pp":1.45,"img":"https://fd6-photos.leclercdrive.fr/image.ashx?id=2923633&use=l&cat=p&typeid=i","cat":284614},{"id":62681,"n":"Eau de javel Clair Parfum citron - 2L","p":0.98,"u":"0,49 €/L","img":"https://fd6-photos.leclercdrive.fr/image.ashx?id=2949206&use=l&cat=p&typeid=i","cat":284661},{"id":62682,"n":"Javel en gel Clair  Citron vert - 750ml","p":1.14,"u":"1,52 €/L","img":"https://fd6-photos.leclercdrive.fr/image.ashx?id=2843881&use=l&cat=p&typeid=i","cat":284661},{"id":62687,"n":"Spray nasal Primoplast 100% eau de mer - 150ml","p":4.42,"u":"29,47 €/L","img":"https://fd6-photos.leclercdrive.fr/image.ashx?id=2955758&use=l&cat=p&typeid=i","cat":284630},{"id":62722,"n":"Biscuits fourrés Prince Chocolat lait - 300g","p":1.43,"u":"4,77 €/KG","img":"https://fd6-photos.leclercdrive.fr/image.ashx?id=2349070&use=l&cat=p&typeid=i","cat":284488},{"id":62723,"n":"Biscuits fourrés Prince Multi céréales - 293g","p":1.55,"u":"5,29 €/KG","img":"https://fd6-photos.leclercdrive.fr/image.ashx?id=2350993&use=l&cat=p&typeid=i","cat":284488},{"id":62724,"n":"Biscuits Double Crème Oreo Vanille - 157g","p":1.24,"u":"7,90 €/KG","img":"https://fd6-photos.leclercdrive.fr/image.ashx?id=2160198&use=l&cat=p&typeid=i","cat":284488},{"id":62725,"n":"Saucisson sec Saint-Azay  Maxi format - 600g","p":7.35,"u":"12,25 €/KG","img":"https://fd6-photos.leclercdrive.fr/image.ashx?id=2943686&use=l&cat=p&typeid=i","cat":316006},{"id":62726,"n":"Compote bio Bio Village Bocal pomme - 625g","p":2.09,"u":"3,34 €/KG","img":"https://fd6-photos.leclercdrive.fr/image.ashx?id=1948042&use=l&cat=p&typeid=i","cat":284508},{"id":62731,"n":"Abricots Douceur du Verger Sirop léger - 475 g","p":2.42,"u":"5,09 €/KG","img":"https://fd6-photos.leclercdrive.fr/image.ashx?id=1981623&use=l&cat=p&typeid=i","cat":284507},{"id":62733,"n":"Biscuits Choco Moo Milka Chocolat - 200g","p":1.72,"u":"8,60 €/KG","img":"https://fd6-photos.leclercdrive.fr/image.ashx?id=2990994&use=l&cat=p&typeid=i","cat":284488},{"id":62740,"n":"Lait de coco Suzi Wan  Allégé - 200ml","p":1.54,"u":"7,70 €/L","img":"https://fd6-photos.leclercdrive.fr/image.ashx?id=2892922&use=l&cat=p&typeid=i","cat":288992},{"id":62749,"n":"Crackers Heudebert  Nature - 250g","p":1.5,"u":"6,00 €/KG","img":"https://fd6-photos.leclercdrive.fr/image.ashx?id=2670785&use=l&cat=p&typeid=i","cat":284479},{"id":62753,"n":"Noix de cajou Bio Village  Bio Grillées - 100g","p":2.1,"u":"21,00 €/KG","img":"https://fd6-photos.leclercdrive.fr/image.ashx?id=2664590&use=l&cat=p&typeid=i","cat":284448},{"id":62858,"n":"Biscuit Nature GERBLE  sans sucres ajoutés - 132g","p":2.14,"u":"16,21 €/KG","img":"https://fd6-photos.leclercdrive.fr/image.ashx?id=2662835&use=l&cat=p&typeid=i","cat":318653},{"id":62875,"n":"Confiture fraise Gerblé Sans sucres ajoutés - 320g","p":2.3,"u":"7,19 €/KG","img":"https://fd6-photos.leclercdrive.fr/image.ashx?id=2676678&use=l&cat=p&typeid=i","cat":318653},{"id":63248,"n":"Biscuits fourrés Prince Maxi Chocolat - 2X250g","p":3.27,"u":"6,54 €/KG","img":"https://fd6-photos.leclercdrive.fr/image.ashx?id=2347308&use=l&cat=p&typeid=i","cat":284488},{"id":63304,"n":"Pizza Crust Sodebo Classic Jambon Emmental - 600g","p":4.96,"u":"8,27 €/KG","img":"https://fd6-photos.leclercdrive.fr/image.ashx?id=3008254&use=l&cat=p&typeid=i","cat":333679},{"id":63520,"n":"Pizza crust Sodebo Cheesy 4 fromages - 580g","p":4.93,"u":"8,50 €/KG","img":"https://fd6-photos.leclercdrive.fr/image.ashx?id=2912098&use=l&cat=p&typeid=i","cat":333679},{"id":63521,"n":"Penne au saumon Marie Crème d'épinard - 280g","p":3.26,"u":"11,64 €/KG","img":"https://fd6-photos.leclercdrive.fr/image.ashx?id=2317519&use=l&cat=p&typeid=i","cat":333665},{"id":63528,"n":"Boisson énergisante Crazy Tiger Canette - 50cl","p":0.99,"u":"1,98 €/L","img":"https://fd6-photos.leclercdrive.fr/image.ashx?id=2859641&use=l&cat=p&typeid=i","cat":284533},{"id":63540,"n":"Sauce barbecue Rustica 280g","p":1.33,"u":"4,75 €/KG","img":"https://fd6-photos.leclercdrive.fr/image.ashx?id=2491156&use=l&cat=p&typeid=i","cat":318431},{"id":63541,"n":"Sauce barbecue Rustica 560g","p":1.78,"u":"3,18 €/KG","img":"https://fd6-photos.leclercdrive.fr/image.ashx?id=2092948&use=l&cat=p&typeid=i","cat":318431},{"id":63570,"n":"Diffuseur sticks Aura Linge frais - 40ml","p":3.59,"u":"89,75 €/L","img":"https://fd6-photos.leclercdrive.fr/image.ashx?id=2271897&use=l&cat=p&typeid=i","cat":311627},{"id":63571,"n":"Diffuseur Cristal Aura Douceur - 40ml","p":4.12,"u":"103,00 €/L","img":"https://fd6-photos.leclercdrive.fr/image.ashx?id=2271900&use=l&cat=p&typeid=i","cat":311627},{"id":63595,"n":"Cheesecake Gü Speculoos - 160g","p":3.19,"u":"19,94 €/KG","img":"https://fd6-photos.leclercdrive.fr/image.ashx?id=2851276&use=l&cat=p&typeid=i","cat":284419},{"id":63608,"n":"Chèvre fouetté Soignon Nature - 140g","p":2.49,"u":"17,79 €/KG","img":"https://fd6-photos.leclercdrive.fr/image.ashx?id=2516602&use=l&cat=p&typeid=i","cat":314029},{"id":63708,"n":"Jus multifruits Joker   Fruits et légumes  - 1L","p":1.86,"u":"1,86 €/L","img":"https://fd6-photos.leclercdrive.fr/image.ashx?id=2731180&use=l&cat=p&typeid=i","cat":284917},{"id":63722,"n":"Liqueur Herbes Jagermeister 35° - 70cl","p":18.61,"u":"26,59 €/L","img":"https://fd6-photos.leclercdrive.fr/image.ashx?id=2474740&use=l&cat=p&typeid=i","cat":286032},{"id":63756,"n":"Pur jus Tropicana Orange Pure Premium Avec pulpe - 1L","p":2.62,"u":"2,62 €/L","img":"https://fd6-photos.leclercdrive.fr/image.ashx?id=2605668&use=l&cat=p&typeid=i","cat":284521},{"id":63759,"n":"Pur Jus Jafaden Mutlifruits - 2L","p":2.8,"u":"1,40 €/L","img":"https://fd6-photos.leclercdrive.fr/image.ashx?id=2762955&use=l&cat=p&typeid=i","cat":284917},{"id":63762,"n":"Boisson aux fruits Oasis Tropical - 6x33cl","p":3.56,"u":"1,80 €/L","img":"https://fd6-photos.leclercdrive.fr/image.ashx?id=2900812&use=l&cat=p&typeid=i","cat":295018},{"id":63765,"n":"Boisson aux fruits Oasis Orange - 6x33cl","p":4.35,"u":"2,20 €/L","img":"https://fd6-photos.leclercdrive.fr/image.ashx?id=2681718&use=l&cat=p&typeid=i","cat":295018},{"id":63768,"n":"Boisson aux fruits Oasis Pomme Cassis Framboise - 6x33cl","p":3.97,"u":"2,01 €/L","img":"https://fd6-photos.leclercdrive.fr/image.ashx?id=3014449&use=l&cat=p&typeid=i","cat":295018},{"id":63794,"n":"Soda Schweppes Saveur Citron - 6x33cl","p":4.05,"u":"2,05 €/L","img":"https://fd6-photos.leclercdrive.fr/image.ashx?id=2852743&use=l&cat=p&typeid=i","cat":284532},{"id":63795,"n":"Soda Schweppes Indian Tonic - 6x33cl","p":3.86,"u":"1,95 €/L","img":"https://fd6-photos.leclercdrive.fr/image.ashx?id=2852423&use=l&cat=p&typeid=i","cat":284531},{"id":63797,"n":"Soda Schweppes Saveur Agrumes - 6x33cl","p":3.42,"u":"1,73 €/L","img":"https://fd6-photos.leclercdrive.fr/image.ashx?id=2852737&use=l&cat=p&typeid=i","cat":284532},{"id":63798,"n":"Soda Schweppes Saveur Agrumes Zero - 6x33cl","p":3.58,"u":"1,81 €/L","img":"https://fd6-photos.leclercdrive.fr/image.ashx?id=2852740&use=l&cat=p&typeid=i","cat":284532},{"id":63824,"n":"Soda Coca-Cola Zéro Sans caféine - 1.25L","p":1.47,"u":"1,18 €/L","img":"https://fd6-photos.leclercdrive.fr/image.ashx?id=3009059&use=l&cat=p&typeid=i","cat":284530},{"id":63828,"n":"Concentré à diluer Pulco Citron Vert Menthe - 70cl","p":2.73,"u":"3,90 €/L","img":"https://fd6-photos.leclercdrive.fr/image.ashx?id=2687791&use=l&cat=p&typeid=i","cat":295020},{"id":63837,"n":"Champignons Eco+ Pieds et morceaux - 230g","p":0.83,"u":"3,61 €/KG","img":"https://fd6-photos.leclercdrive.fr/image.ashx?id=2783002&use=l&cat=p&typeid=i","cat":312610},{"id":63847,"n":"Champagne A.Rothschild & Cie Rosé - 75cl","p":27.77,"u":"37,03 €/L","img":"https://fd6-photos.leclercdrive.fr/image.ashx?id=2628470&use=l&cat=p&typeid=i","cat":284542},{"id":63892,"n":"Capsules café L'Or Espresso Forza N°9 x10","p":3.15,"u":"60,58 €/KG","img":"https://fd6-photos.leclercdrive.fr/image.ashx?id=2393753&use=l&cat=p&typeid=i","cat":284749},{"id":63961,"n":"Burger le campagnard Côté Snack Poulet emmental - 180g","p":2.49,"u":"13,83 €/KG","img":"https://fd6-photos.leclercdrive.fr/image.ashx?id=2898251&use=l&cat=p&typeid=i","cat":333671},{"id":63971,"n":"Escalope cordon bleu Père dodu Poulet x4 - 400g - Familial","p":4.28,"u":"10,70 €/KG","img":"https://fd6-photos.leclercdrive.fr/image.ashx?id=2957173&use=l&cat=p&typeid=i","cat":333683},{"id":63973,"n":"Cordon Bleu Père Dodu  Poulet x8 - 800g - Maxi Format","p":7.28,"u":"9,10 €/KG","img":"https://fd6-photos.leclercdrive.fr/image.ashx?id=2957176&use=l&cat=p&typeid=i","cat":333683},{"id":63986,"n":"Glace twist sorbet Smicy Multifruits x5 - 375g","p":2.49,"u":"6,64 €/KG","img":"https://fd6-photos.leclercdrive.fr/image.ashx?id=2759825&use=l&cat=p&typeid=i","cat":285250},{"id":63993,"n":"Crème glacée Eskiss  Douceur de vanille - 500g","p":3.89,"u":"7,78 €/KG","img":"https://fd6-photos.leclercdrive.fr/image.ashx?id=2982634&use=l&cat=p&typeid=i","cat":284263},{"id":63998,"n":"Nectar d'abricot Pays d'Oc NRT 1L","p":2.51,"u":"2,51 €/L","img":"https://fd6-photos.leclercdrive.fr/image.ashx?id=2590496&use=l&cat=p&typeid=i","cat":284915},{"id":63999,"n":"Nectar de Goyave NRT De Martinique - 1L","p":2.51,"u":"2,51 €/L","img":"https://fd6-photos.leclercdrive.fr/image.ashx?id=2988147&use=l&cat=p&typeid=i","cat":284916},{"id":64000,"n":"Nectar de poire Williams NRT Du Roussillon - 1L","p":2.51,"u":"2,51 €/L","img":"https://fd6-photos.leclercdrive.fr/image.ashx?id=2988150&use=l&cat=p&typeid=i","cat":284915},{"id":64023,"n":"Soda cerise Sprink's 1.5L","p":1.69,"u":"1,13 €/L","img":"https://fd6-photos.leclercdrive.fr/image.ashx?id=2913751&use=l&cat=p&typeid=i","cat":284532},{"id":64029,"n":"Boisson au thé vert Fresh Tea Menthe - 1.5L","p":1.79,"u":"1,19 €/L","img":"https://fd6-photos.leclercdrive.fr/image.ashx?id=2622269&use=l&cat=p&typeid=i","cat":295019},{"id":64032,"n":"Pur jus d'orange Tropicana Sans pulpe - 2x1L","p":4.81,"u":"2,41 €/L","img":"https://fd6-photos.leclercdrive.fr/image.ashx?id=2605671&use=l&cat=p&typeid=i","cat":284521},{"id":64108,"n":"Fromage à Tartiner Carré Frais  Nature 8 Portions - 200g","p":2.14,"u":"10,70 €/KG","img":"https://fd6-photos.leclercdrive.fr/image.ashx?id=2452209&use=l&cat=p&typeid=i","cat":314029},{"id":64109,"n":"Fromage blanc Délisse 3.2%mg 12x100g","p":2.69,"u":"2,24 €/KG","img":"https://fd6-photos.leclercdrive.fr/image.ashx?id=3012848&use=l&cat=p&typeid=i","cat":284409},{"id":64170,"n":"Surimi Petits Coraya Sauce mayonnaise  x21 - 210g","p":3.08,"u":"14,67 €/KG","img":"https://fd6-photos.leclercdrive.fr/image.ashx?id=2968880&use=l&cat=p&typeid=i","cat":285189},{"id":64278,"n":"Matière grasse St Hubert 41 Demi-sel - 38%MG - 500g","p":4.02,"u":"8,04 €/KG","img":"https://fd6-photos.leclercdrive.fr/image.ashx?id=2734150&use=l&cat=p&typeid=i","cat":315229},{"id":64411,"n":"Mayonnaise American Style Heinz  - 215g","p":2.11,"u":"9,81 €/KG","img":"https://fd6-photos.leclercdrive.fr/image.ashx?id=2926185&use=l&cat=p&typeid=i","cat":298295},{"id":64493,"n":"Liquide vaisselle Rainett Citron vert - 750ml","p":1.88,"u":"2,51 €/L","img":"https://fd6-photos.leclercdrive.fr/image.ashx?id=2293096&use=l&cat=p&typeid=i","cat":284655},{"id":64666,"n":"Gâteaux moelleux Kinder Délice Coeur lait enrobé Cacao - x10","p":3.32,"u":"8,51 €/KG","img":"https://fd6-photos.leclercdrive.fr/image.ashx?id=2832476&use=l&cat=p&typeid=i","cat":284495},{"id":64680,"n":"Soupe liquide Liebig Potiron Kiri Brique - 2x30cl","p":2.43,"u":"4,05 €/L","img":"https://fd6-photos.leclercdrive.fr/image.ashx?id=2892136&use=l&cat=p&typeid=i","cat":284462},{"id":64684,"n":"Soupe liquide brique Liebig  Légumes façon Poêlée - 2x30cl","p":2.52,"u":"4,20 €/L","img":"https://fd6-photos.leclercdrive.fr/image.ashx?id=2598073&use=l&cat=p&typeid=i","cat":284462},{"id":64685,"n":"Soupe liquide Liebig  Potiron - 2x30cl","p":2.11,"u":"3,52 €/L","img":"https://fd6-photos.leclercdrive.fr/image.ashx?id=2369915&use=l&cat=p&typeid=i","cat":284462},{"id":64686,"n":"Soupe liquide brique Liebig  Velouté légumes soleil - 2x30cl","p":2.07,"u":"3,45 €/L","img":"https://fd6-photos.leclercdrive.fr/image.ashx?id=2203382&use=l&cat=p&typeid=i","cat":284462},{"id":64692,"n":"Chocolat Pâtissier Nestlé Dessert - Noir corsé - 200g","p":3.18,"u":"15,90 €/KG","img":"https://fd6-photos.leclercdrive.fr/image.ashx?id=2889895&use=l&cat=p&typeid=i","cat":285562},{"id":64824,"n":"Limonade Bio Lorina Recette authentique - 1.25L","p":2.48,"u":"1,98 €/L","img":"https://fd6-photos.leclercdrive.fr/image.ashx?id=2876722&use=l&cat=p&typeid=i","cat":284531},{"id":64889,"n":"Végétal Nuggets Garden Gourmet Soja et Blé 200g","p":2.78,"u":"13,90 €/KG","img":"https://fd6-photos.leclercdrive.fr/image.ashx?id=2963967&use=l&cat=p&typeid=i","cat":316036},{"id":64890,"n":"Bouchée Grillée Garden Gourmet Soja et Blé 175g","p":3.23,"u":"18,46 €/KG","img":"https://fd6-photos.leclercdrive.fr/image.ashx?id=2971392&use=l&cat=p&typeid=i","cat":316036},{"id":64913,"n":"Yaourt à boire Actimel nature et fraise - 8x100g","p":3.55,"u":"4,44 €/KG","img":"https://fd6-photos.leclercdrive.fr/image.ashx?id=2996467&use=l&cat=p&typeid=i","cat":284415},{"id":64964,"n":"Eau minérale gazeuse Quezac 6x1.15L","p":2.65,"u":"0,38 €/L","img":"https://fd6-photos.leclercdrive.fr/image.ashx?id=2975341&use=l&cat=p&typeid=i","cat":284536},{"id":64980,"n":"Parmentier de canard  Maison Tino - 750g","p":9.6,"u":"12,80 €/KG","img":"https://fd6-photos.leclercdrive.fr/image.ashx?id=2554656&use=l&cat=p&typeid=i","cat":333666},{"id":64983,"n":"Parmentier de boeuf Maison Tino -  750g","p":9.51,"u":"12,68 €/KG","img":"https://fd6-photos.leclercdrive.fr/image.ashx?id=2554650&use=l&cat=p&typeid=i","cat":333666},{"id":64984,"n":"Lasagne de Boeuf  Maison Tino - 900g","p":9.9,"u":"11,00 €/KG","img":"https://fd6-photos.leclercdrive.fr/image.ashx?id=2681829&use=l&cat=p&typeid=i","cat":333666},{"id":65001,"n":"Boulettes de boeuf Bigard  nature x15 - 300g","p":5.83,"u":"15,55 €/KG","img":"https://fd6-photos.leclercdrive.fr/image.ashx?id=2208336&use=l&cat=p&typeid=i","cat":284332},{"id":65033,"n":"Dosettes Café Carte Noire  Arabica Corsé n°7 - x60 - 420g","p":9.16,"u":"21,81 €/KG","img":"https://fd6-photos.leclercdrive.fr/image.ashx?id=2922176&use=l&cat=p&typeid=i","cat":293238},{"id":65044,"n":"Biscuits petit déjeuner Belvita Miel & pépites chocolat - 435g","p":2.8,"u":"6,44 €/KG","img":"https://fd6-photos.leclercdrive.fr/image.ashx?id=2989441&use=l&cat=p&typeid=i","cat":284491},{"id":65061,"n":"Eau aromatisée Volvic zest  citron vert citron - 1,5L","p":1.11,"u":"0,74 €/L","img":"https://fd6-photos.leclercdrive.fr/image.ashx?id=2730259&use=l&cat=p&typeid=i","cat":284537},{"id":65336,"n":"Café dosettes Tassimo L'Or Espresso Splendente x16","p":4.84,"u":"43,21 €/KG","img":"https://fd6-photos.leclercdrive.fr/image.ashx?id=2853404&use=l&cat=p&typeid=i","cat":293240},{"id":65337,"n":"Epices pour fajitas Old El Paso doux - 30g","p":1.47,"u":"49,00 €/KG","img":"https://fd6-photos.leclercdrive.fr/image.ashx?id=2737702&use=l&cat=p&typeid=i","cat":288993},{"id":65341,"n":"Bonbons LUTTI Koala Guimauve Chocolat - 185g","p":1.63,"u":"8,81 €/KG","img":"https://fd6-photos.leclercdrive.fr/image.ashx?id=2806147&use=l&cat=p&typeid=i","cat":304250},{"id":65342,"n":"Bonbons LUTTI Surffizz Piquants Fruits - 200g","p":1.27,"u":"6,35 €/KG","img":"https://fd6-photos.leclercdrive.fr/image.ashx?id=2806144&use=l&cat=p&typeid=i","cat":304250},{"id":65366,"n":"Bière blonde Affligem Pack 6.7% vol. - 20x25cl","p":15.6,"u":"3,12 €/L","img":"https://fd6-photos.leclercdrive.fr/image.ashx?id=2774274&use=l&cat=p&typeid=i","cat":334852},{"id":65768,"n":"Croûtons crispy oignons   - 80g","p":2.17,"u":"27,13 €/KG","img":"https://fd6-photos.leclercdrive.fr/image.ashx?id=2800666&use=l&cat=p&typeid=i","cat":284464},{"id":65926,"n":"Guacamole Extra l'Atelier Blini 175g","p":3.66,"u":"20,91 €/KG","img":"https://fd6-photos.leclercdrive.fr/image.ashx?id=2852504&use=l&cat=p&typeid=i","cat":315999},{"id":65950,"n":"Gel toilette intime Doulys 200ml","p":2.47,"u":"12,35 €/L","img":"https://fd6-photos.leclercdrive.fr/image.ashx?id=1703245&use=l&cat=p&typeid=i","cat":284627},{"id":65970,"n":"Crème légère fluide Bridélice 12%MG - 3x20cl","p":2.5,"u":"4,17 €/L","img":"https://fd6-photos.leclercdrive.fr/image.ashx?id=2904736&use=l&cat=p&typeid=i","cat":284381},{"id":65972,"n":"Poires Douceur du Verger Sirop léger - 225 g","p":1.29,"u":"5,73 €/KG","img":"https://fd6-photos.leclercdrive.fr/image.ashx?id=2783017&use=l&cat=p&typeid=i","cat":284507},{"id":66279,"n":"Roquefort AOP Les croisés - 32%mg - 100g","p":2.15,"u":"21,50 €/KG","img":"https://fd6-photos.leclercdrive.fr/image.ashx?id=2562885&use=l&cat=p&typeid=i","cat":314032},{"id":66284,"n":"Saucisson sec Saint-Azay 30 tranches - 100g","p":1.43,"u":"14,30 €/KG","img":"https://fd6-photos.leclercdrive.fr/image.ashx?id=2907213&use=l&cat=p&typeid=i","cat":316007},{"id":66287,"n":"Saucisse sèche Saint-Azay Viande de Porc Française - 120g","p":2.54,"u":"21,17 €/KG","img":"https://fd6-photos.leclercdrive.fr/image.ashx?id=2275403&use=l&cat=p&typeid=i","cat":316007},{"id":66293,"n":"Eau aromatisée Volvic juicy jus de fraise - 6x50cl","p":4.24,"u":"1,41 €/L","img":"https://fd6-photos.leclercdrive.fr/image.ashx?id=2961996&use=l&cat=p&typeid=i","cat":284537},{"id":66356,"n":"Café Soluble Nescafé  Cappuccino Classique - 280g","p":4.27,"u":"15,25 €/KG","img":"https://fd6-photos.leclercdrive.fr/image.ashx?id=2918044&use=l&cat=p&typeid=i","cat":284843},{"id":66359,"n":"Café moulu Jacques Vabre Colombie 100% Arabica - 250g","p":4.58,"u":"18,32 €/KG","img":"https://fd6-photos.leclercdrive.fr/image.ashx?id=2570754&use=l&cat=p&typeid=i","cat":284750},{"id":66366,"n":"Déodorant compressé Sanex  Zéro % Extra control - 100ml","p":4.02,"u":"40,20 €/L","img":"https://fd6-photos.leclercdrive.fr/image.ashx?id=2664274&use=l&cat=p&typeid=i","cat":284618},{"id":66384,"n":"Démaquillant yeux Inell Waterproof bi-phase - 75ml","p":0.99,"u":"13,20 €/L","img":"https://fd6-photos.leclercdrive.fr/image.ashx?id=2492270&use=l&cat=p&typeid=i","cat":284603},{"id":66385,"n":"Démaquillant yeux Inell Waterproof bi-phase - 150ml","p":1.98,"u":"13,20 €/L","img":"https://fd6-photos.leclercdrive.fr/image.ashx?id=1962713&use=l&cat=p&typeid=i","cat":284603},{"id":66417,"n":"Biscuits Mikado LU Chocolat au lait - 300g","p":4.83,"u":"16,10 €/KG","img":"https://fd6-photos.leclercdrive.fr/image.ashx?id=2347284&use=l&cat=p&typeid=i","cat":284488},{"id":66527,"n":"Fromage Le Vieux Pané Finement typé - 200g","p":3.24,"u":"16,20 €/KG","img":"https://fd6-photos.leclercdrive.fr/image.ashx?id=2770380&use=l&cat=p&typeid=i","cat":329558},{"id":66555,"n":"Café moulu Bio Village Bio Ethiopie - 250g","p":4.35,"u":"17,40 €/KG","img":"https://fd6-photos.leclercdrive.fr/image.ashx?id=2468876&use=l&cat=p&typeid=i","cat":284750},{"id":66651,"n":"Doonuts nappés St Michel 180g","p":1.95,"u":"10,83 €/KG","img":"https://fd6-photos.leclercdrive.fr/image.ashx?id=2928495&use=l&cat=p&typeid=i","cat":284495},{"id":66652,"n":"Doonuts marbrés St Michel 180g","p":1.84,"u":"10,22 €/KG","img":"https://fd6-photos.leclercdrive.fr/image.ashx?id=2962299&use=l&cat=p&typeid=i","cat":284495},{"id":66740,"n":"P'tite Recette Nestlé Lentilles Vertes Jambon 12 mois - 2x200g","p":2.19,"u":"5,48 €/KG","img":"https://fd6-photos.leclercdrive.fr/image.ashx?id=2525690&use=l&cat=p&typeid=i","cat":312237},{"id":66747,"n":"Ma Crème anglaise Bridélice UHT - 50cl","p":1.92,"u":"3,84 €/L","img":"https://fd6-photos.leclercdrive.fr/image.ashx?id=2643086&use=l&cat=p&typeid=i","cat":284382},{"id":66751,"n":"Boisson à l'amande Végé 1L Végé - 200g","p":1.84,"u":"1,84 €/L","img":"https://fd6-photos.leclercdrive.fr/image.ashx?id=2874699&use=l&cat=p&typeid=i","cat":316067},{"id":66752,"n":"Boisson au riz Végé 1L Végé - 200g","p":1.55,"u":"1,55 €/L","img":"https://fd6-photos.leclercdrive.fr/image.ashx?id=2896030&use=l&cat=p&typeid=i","cat":316067},{"id":66754,"n":"Boisson a l'avoine Végé 1L Végé - 200g","p":1.47,"u":"1,47 €/L","img":"https://fd6-photos.leclercdrive.fr/image.ashx?id=2869501&use=l&cat=p&typeid=i","cat":316067},{"id":66755,"n":"Boisson à la noisette Végé 1L Végé - 200g","p":1.79,"u":"1,79 €/L","img":"https://fd6-photos.leclercdrive.fr/image.ashx?id=2869504&use=l&cat=p&typeid=i","cat":316067},{"id":66757,"n":"Soja cuisine Bio Bio Village Végétal - 25cl","p":0.95,"u":"3,80 €/L","img":"https://fd6-photos.leclercdrive.fr/image.ashx?id=2791060&use=l&cat=p&typeid=i","cat":316069},{"id":66772,"n":"Gésiers de volaille Provençale - 300g","p":2.49,"u":"8,30 €/KG","img":"https://fd6-photos.leclercdrive.fr/image.ashx?id=2814872&use=l&cat=p&typeid=i","cat":284715},{"id":66782,"n":"Oeufs Elev. des Hauts de France Plein air - Moyen - x6","p":1.59,"u":"0,27 €/P","img":"https://fd6-photos.leclercdrive.fr/image.ashx?id=2224865&use=l&cat=p&typeid=i","cat":284378},{"id":66783,"n":"Oeufs Elev. des Hauts de France Plein air - Moyen - x12","p":3.05,"u":"0,25 €/P","img":"https://fd6-photos.leclercdrive.fr/image.ashx?id=2224868&use=l&cat=p&typeid=i","cat":284378},{"id":66784,"n":"Oeufs Elev. de Hauts de France Moyen - Plein air - x20","p":5.29,"u":"0,26 €/P","img":"https://fd6-photos.leclercdrive.fr/image.ashx?id=1576038&use=l&cat=p&typeid=i","cat":284378},{"id":66791,"n":"Cossettes mozzarella  Délices d'Amélie - 400g","p":5.08,"u":"12,70 €/KG","img":"https://fd6-photos.leclercdrive.fr/image.ashx?id=2855085&use=l&cat=p&typeid=i","cat":314035},{"id":66792,"n":"Cheddar râpé Délices d'Amélie  200g","p":3.07,"u":"15,35 €/KG","img":"https://fd6-photos.leclercdrive.fr/image.ashx?id=2855082&use=l&cat=p&typeid=i","cat":314035},{"id":66793,"n":"Biscuits Nat&Vie Sésame - 200g","p":1.15,"u":"5,75 €/KG","img":"https://fd6-photos.leclercdrive.fr/image.ashx?id=2390428&use=l&cat=p&typeid=i","cat":318651},{"id":66803,"n":"Biscuits Nutella B-ready Cacao noisettes - 330g","p":3.88,"u":"11,76 €/KG","img":"https://fd6-photos.leclercdrive.fr/image.ashx?id=2770599&use=l&cat=p&typeid=i","cat":284488},{"id":66804,"n":"Biscuits Nutella B-ready Cacao Noisettes - 220g","p":2.76,"u":"12,55 €/KG","img":"https://fd6-photos.leclercdrive.fr/image.ashx?id=2630784&use=l&cat=p&typeid=i","cat":284488},{"id":66823,"n":"Biscuits petit déjeuner Belvita Miel & pépites chocolat - 650g","p":3.92,"u":"6,03 €/KG","img":"https://fd6-photos.leclercdrive.fr/image.ashx?id=2345487&use=l&cat=p&typeid=i","cat":284491},{"id":66834,"n":"Gel coiffant Vitanove Fixation extrême - 250ml","p":1.62,"u":"6,48 €/L","img":"https://fd6-photos.leclercdrive.fr/image.ashx?id=2824704&use=l&cat=p&typeid=i","cat":284609},{"id":66837,"n":"Gel coiffant Vitanove  Fixation extra forte - 250ml","p":1.21,"u":"4,84 €/L","img":"https://fd6-photos.leclercdrive.fr/image.ashx?id=2836325&use=l&cat=p&typeid=i","cat":284609},{"id":66838,"n":"Gel coiffant Vitanove  Fixation béton - 250ml","p":1.61,"u":"6,44 €/L","img":"https://fd6-photos.leclercdrive.fr/image.ashx?id=2294339&use=l&cat=p&typeid=i","cat":284609},{"id":66841,"n":"Déodorant bille Manava Grenade - 50ml","p":0.99,"u":"19,80 €/L","img":"https://fd6-photos.leclercdrive.fr/image.ashx?id=2481234&use=l&cat=p&typeid=i","cat":284595},{"id":66843,"n":"Bandes de cire froide Siliss Visage - x32","p":2.19,"u":"0,07 €/P","img":"https://fd6-photos.leclercdrive.fr/image.ashx?id=2699708&use=l&cat=p&typeid=i","cat":325351},{"id":66844,"n":"Bandes de cire froide Siliss Jambes - x20","p":2.3,"u":"0,12 €/P","img":"https://fd6-photos.leclercdrive.fr/image.ashx?id=2699705&use=l&cat=p&typeid=i","cat":325351},{"id":66849,"n":"Dessert bébé lacté Blédina 6m Banane - 6x55g","p":2.27,"u":"6,88 €/KG","img":"https://fd6-photos.leclercdrive.fr/image.ashx?id=2952454&use=l&cat=p&typeid=i","cat":312392},{"id":66965,"n":"Matière grasse Primevere Oméga 3 - 55% - 500g","p":2.92,"u":"5,84 €/KG","img":"https://fd6-photos.leclercdrive.fr/image.ashx?id=2939328&use=l&cat=p&typeid=i","cat":315229},{"id":66967,"n":"Matière grasse Primevere 63%MG - oméga 3 - 500g","p":3.54,"u":"7,08 €/KG","img":"https://fd6-photos.leclercdrive.fr/image.ashx?id=2936044&use=l&cat=p&typeid=i","cat":315229},{"id":66968,"n":"Beurre tendre Président Doux - 82% MG - 250g","p":3.13,"u":"12,52 €/KG","img":"https://fd6-photos.leclercdrive.fr/image.ashx?id=2811944&use=l&cat=p&typeid=i","cat":284379},{"id":66969,"n":"Pommes de terre Notre Jardin En lamelle - 500g","p":1.38,"u":"2,76 €/KG","img":"https://fd6-photos.leclercdrive.fr/image.ashx?id=2670335&use=l&cat=p&typeid=i","cat":284352},{"id":66974,"n":"Quart de jambon sec Saint Azay 18 tranches - 220g","p":2.84,"u":"12,91 €/KG","img":"https://fd6-photos.leclercdrive.fr/image.ashx?id=2874386&use=l&cat=p&typeid=i","cat":316007},{"id":66982,"n":"Truite eau douce Ronde des Mers x4 tranches - 100g","p":3.24,"u":"32,40 €/KG","img":"https://fd6-photos.leclercdrive.fr/image.ashx?id=2981882&use=l&cat=p&typeid=i","cat":285188},{"id":66989,"n":"Yaourt bifidus Activia céréales noix - 4x120g","p":2.08,"u":"4,33 €/KG","img":"https://fd6-photos.leclercdrive.fr/image.ashx?id=2901623&use=l&cat=p&typeid=i","cat":315000},{"id":66990,"n":"Yaourt bifidus Activia céréales muesli - 4x120g","p":2.03,"u":"4,23 €/KG","img":"https://fd6-photos.leclercdrive.fr/image.ashx?id=2901620&use=l&cat=p&typeid=i","cat":315000},{"id":67025,"n":"AOP Bordeaux supérieur Rouge Bordeaux de Citran - 75cl","p":6.5,"pp":4.29,"u":"5,72 €/L","img":"https://fd6-photos.leclercdrive.fr/image.ashx?id=2276975&use=l&cat=p&typeid=i","cat":289556},{"id":67026,"n":"AOP Médoc Vin rouge Allées de Vernous - 75cl","p":6.28,"u":"8,37 €/L","img":"https://fd6-photos.leclercdrive.fr/image.ashx?id=2107597&use=l&cat=p&typeid=i","cat":289556},{"id":67042,"n":"Vin du Chili rouge Cabernet Sauvignon Gato Negro 75cl","p":4.49,"u":"5,99 €/L","img":"https://fd6-photos.leclercdrive.fr/image.ashx?id=2846168&use=l&cat=p&typeid=i","cat":289556},{"id":67071,"n":"Fromage Maroilles Fauquet  Quart AOP - 210g","p":3.32,"u":"15,81 €/KG","img":"https://fd6-photos.leclercdrive.fr/image.ashx?id=2834509&use=l&cat=p&typeid=i","cat":329558},{"id":67090,"n":"Soupe Doux Plaisir Liebig  Légumes et kiri - 1L","p":2.48,"u":"2,48 €/L","img":"https://fd6-photos.leclercdrive.fr/image.ashx?id=2186706&use=l&cat=p&typeid=i","cat":284462},{"id":67150,"n":"Croustilles Belin Emmental - 4x138g","p":4.07,"u":"7,37 €/KG","img":"https://fd6-photos.leclercdrive.fr/image.ashx?id=2539025&use=l&cat=p&typeid=i","cat":284449},{"id":67151,"n":"Croustilles Belin Cacahuète - 4x138g","p":5.32,"u":"9,64 €/KG","img":"https://fd6-photos.leclercdrive.fr/image.ashx?id=2940477&use=l&cat=p&typeid=i","cat":284449},{"id":67168,"n":"Yaourt à boire Actimel fruits pêche gelée royale - 12x100g","p":4.93,"u":"4,11 €/KG","img":"https://fd6-photos.leclercdrive.fr/image.ashx?id=2996473&use=l&cat=p&typeid=i","cat":284415},{"id":67378,"n":"Sirop Eco+ Grenadine - 1L","p":1.72,"u":"1,72 €/L","img":"https://fd6-photos.leclercdrive.fr/image.ashx?id=2901419&use=l&cat=p&typeid=i","cat":295020},{"id":67392,"n":"Boisson aux fruits gazeuses Pulpe orange - 1,5L","p":1.17,"u":"0,78 €/L","img":"https://fd6-photos.leclercdrive.fr/image.ashx?id=2754198&use=l&cat=p&typeid=i","cat":284532},{"id":67393,"n":"Beurre gastronomique Président Doux - 82% MG - 250g","p":2.74,"u":"10,96 €/KG","img":"https://fd6-photos.leclercdrive.fr/image.ashx?id=3011104&use=l&cat=p&typeid=i","cat":284379},{"id":67459,"n":"Haricots blancs Eco+ 530g","p":0.95,"u":"1,79 €/KG","img":"https://fd6-photos.leclercdrive.fr/image.ashx?id=3003717&use=l&cat=p&typeid=i","cat":312606},{"id":67460,"n":"Champignons Pieds morceaux - 460g","p":1.45,"u":"3,15 €/KG","img":"https://fd6-photos.leclercdrive.fr/image.ashx?id=2783005&use=l&cat=p&typeid=i","cat":312610},{"id":67522,"n":"Chili con carne Côté Table Au piment de Cayenne - 400g","p":1.65,"u":"4,13 €/KG","img":"https://fd6-photos.leclercdrive.fr/image.ashx?id=2977174&use=l&cat=p&typeid=i","cat":325094},{"id":67568,"n":"Curry moulu Rustica 42g","p":0.55,"u":"13,10 €/KG","img":"https://fd6-photos.leclercdrive.fr/image.ashx?id=2772975&use=l&cat=p&typeid=i","cat":298297},{"id":67569,"n":"Oignon semoule Rustica Déshydraté - 30g","p":1.02,"u":"34,00 €/KG","img":"https://fd6-photos.leclercdrive.fr/image.ashx?id=2772978&use=l&cat=p&typeid=i","cat":298297},{"id":67570,"n":"Poivre noir moulu Rustica Indonésie - 38g","p":0.81,"u":"21,32 €/KG","img":"https://fd6-photos.leclercdrive.fr/image.ashx?id=2797793&use=l&cat=p&typeid=i","cat":284457},{"id":67571,"n":"Poivre noir Rustica Moulin - 28g","p":1.22,"u":"43,57 €/KG","img":"https://fd6-photos.leclercdrive.fr/image.ashx?id=2932674&use=l&cat=p&typeid=i","cat":284457},{"id":67572,"n":"Ciboulette Rustica 4g","p":0.43,"u":"107,50 €/KG","img":"https://fd6-photos.leclercdrive.fr/image.ashx?id=2772990&use=l&cat=p&typeid=i","cat":298297},{"id":67573,"n":"Cumin moulu Rustica 32g","p":0.59,"u":"18,44 €/KG","img":"https://fd6-photos.leclercdrive.fr/image.ashx?id=2772963&use=l&cat=p&typeid=i","cat":298297},{"id":67620,"n":"Persil Rustica 5g","p":0.39,"u":"78,00 €/KG","img":"https://fd6-photos.leclercdrive.fr/image.ashx?id=2772969&use=l&cat=p&typeid=i","cat":298297},{"id":67621,"n":"Paprika doux moulu Rustica  40g","p":0.49,"u":"12,25 €/KG","img":"https://fd6-photos.leclercdrive.fr/image.ashx?id=2772966&use=l&cat=p&typeid=i","cat":298297},{"id":67622,"n":"Thym Rustica 14g","p":0.4,"u":"28,57 €/KG","img":"https://fd6-photos.leclercdrive.fr/image.ashx?id=2797784&use=l&cat=p&typeid=i","cat":298297},{"id":67651,"n":"Poivre Noir moulu Bio Village Bio  - 38g","p":1.99,"u":"52,37 €/KG","img":"https://fd6-photos.leclercdrive.fr/image.ashx?id=2706538&use=l&cat=p&typeid=i","cat":284457},{"id":67652,"n":"Poivre gris moulu Flacon - 36g","p":1.11,"u":"30,83 €/KG","img":"https://fd6-photos.leclercdrive.fr/image.ashx?id=2797778&use=l&cat=p&typeid=i","cat":284457},{"id":67653,"n":"Gingembre moulu Rustica 27g","p":1.19,"u":"44,07 €/KG","img":"https://fd6-photos.leclercdrive.fr/image.ashx?id=2797796&use=l&cat=p&typeid=i","cat":298297},{"id":67654,"n":"Ail semoule Bio Village Bio 56g","p":2.03,"u":"36,25 €/KG","img":"https://fd6-photos.leclercdrive.fr/image.ashx?id=1210107&use=l&cat=p&typeid=i","cat":298297},{"id":67667,"n":"Purée de tomate Panzani Tomacouli nature - 500g","p":0.92,"u":"1,84 €/KG","img":"https://fd6-photos.leclercdrive.fr/image.ashx?id=2979623&use=l&cat=p&typeid=i","cat":288384},{"id":67677,"n":"Clous de girofle Rustica 23g","p":1.32,"u":"57,39 €/KG","img":"https://fd6-photos.leclercdrive.fr/image.ashx?id=2797787&use=l&cat=p&typeid=i","cat":298297},{"id":67678,"n":"Curcuma moulu Rustica 37g","p":0.66,"u":"17,84 €/KG","img":"https://fd6-photos.leclercdrive.fr/image.ashx?id=2772981&use=l&cat=p&typeid=i","cat":298297},{"id":67679,"n":"Estragon Rustica 7g","p":0.79,"u":"112,86 €/KG","img":"https://fd6-photos.leclercdrive.fr/image.ashx?id=2772993&use=l&cat=p&typeid=i","cat":298297},{"id":67681,"n":"Herbes de Provence Rustica 18g","p":0.41,"u":"22,78 €/KG","img":"https://fd6-photos.leclercdrive.fr/image.ashx?id=2772972&use=l&cat=p&typeid=i","cat":298297},{"id":67682,"n":"Noix de Muscade Rustica Moulue - 32g","p":1.26,"u":"39,38 €/KG","img":"https://fd6-photos.leclercdrive.fr/image.ashx?id=2772996&use=l&cat=p&typeid=i","cat":298297},{"id":67693,"n":"Piment de Cayenne Rustica 38g","p":1.09,"u":"28,68 €/KG","img":"https://fd6-photos.leclercdrive.fr/image.ashx?id=2932671&use=l&cat=p&typeid=i","cat":298297},{"id":67712,"n":"Yaourts nature Délisse Au lait chèvre - 4x125g","p":1.84,"u":"3,68 €/KG","img":"https://fd6-photos.leclercdrive.fr/image.ashx?id=1847192&use=l&cat=p&typeid=i","cat":314998},{"id":67713,"n":"Yaourt vanille Délisse Lait chèvre - 4x125g","p":2.05,"u":"4,10 €/P","img":"https://fd6-photos.leclercdrive.fr/image.ashx?id=1847091&use=l&cat=p&typeid=i","cat":314998},{"id":67715,"n":"Liégeois Délisse Pistache - 4x100g","p":1.64,"u":"4,10 €/KG","img":"https://fd6-photos.leclercdrive.fr/image.ashx?id=2652514&use=l&cat=p&typeid=i","cat":285042},{"id":67807,"n":"Nettoyant spray Clair Javel - Cuisine - 750ml","p":1.73,"u":"2,31 €/L","img":"https://fd6-photos.leclercdrive.fr/image.ashx?id=2840479&use=l&cat=p&typeid=i","cat":325357},{"id":67858,"n":"Fromage à tartiner Madame Loïk Fouetté Figue Noix - 150g","p":1.85,"u":"12,33 €/KG","img":"https://fd6-photos.leclercdrive.fr/image.ashx?id=2986512&use=l&cat=p&typeid=i","cat":314029},{"id":67875,"n":"The Pik Box Haribo Boîte bonbons acidulés - 550g","p":5.35,"u":"9,73 €/KG","img":"https://fd6-photos.leclercdrive.fr/image.ashx?id=2805219&use=l&cat=p&typeid=i","cat":304250},{"id":67885,"n":"Crème fraîche épaisse Président Entière 30%mg - 45cl","p":2.23,"u":"4,96 €/L","img":"https://fd6-photos.leclercdrive.fr/image.ashx?id=2971948&use=l&cat=p&typeid=i","cat":284381},{"id":67915,"n":"Baby carottes Florette 250g","p":2.26,"u":"9,04 €/KG","img":"https://fd6-photos.leclercdrive.fr/image.ashx?id=2786492&use=l&cat=p&typeid=i","cat":284352},{"id":67916,"n":"Croq' Radis Florette Sachet 200g","p":2.56,"u":"12,80 €/KG","img":"https://fd6-photos.leclercdrive.fr/image.ashx?id=2859344&use=l&cat=p&typeid=i","cat":284352},{"id":67923,"n":"Savon liquide Savon Le Naturel Recharge Universelle - 1l","p":3.91,"u":"3,91 €/L","img":"https://fd6-photos.leclercdrive.fr/image.ashx?id=2474716&use=l&cat=p&typeid=i","cat":284597},{"id":68009,"n":"Yaourt Enfant Petits Filous Fruits Mixés Panaché - 18x50g","p":2.76,"u":"3,07 €/KG","img":"https://fd6-photos.leclercdrive.fr/image.ashx?id=2767362&use=l&cat=p&typeid=i","cat":284414},{"id":68010,"n":"Crème dessert Bio Les 2 vaches Vanille - 4x95g","p":1.83,"u":"4,82 €/KG","img":"https://fd6-photos.leclercdrive.fr/image.ashx?id=2774015&use=l&cat=p&typeid=i","cat":285041},{"id":68012,"n":"Crème dessert Bio Les 2 vaches Chocolat - 4x95g","p":1.72,"u":"4,53 €/KG","img":"https://fd6-photos.leclercdrive.fr/image.ashx?id=2774100&use=l&cat=p&typeid=i","cat":285041},{"id":68087,"n":"Ananas Douceur du Verger Tranches brisées -  340g","p":1.59,"u":"4,68 €/KG","img":"https://fd6-photos.leclercdrive.fr/image.ashx?id=2485086&use=l&cat=p&typeid=i","cat":284507},{"id":68088,"n":"Cannelle Rustica 39g","p":0.88,"u":"22,56 €/KG","img":"https://fd6-photos.leclercdrive.fr/image.ashx?id=2772960&use=l&cat=p&typeid=i","cat":298297},{"id":68093,"n":"Champignons Paris Notre Jardin Entiers - 2x115g","p":1.85,"u":"8,04 €/KG","img":"https://fd6-photos.leclercdrive.fr/image.ashx?id=2724699&use=l&cat=p&typeid=i","cat":312610},{"id":68094,"n":"Poivre blanc Rustica Moulu - 36g","p":1.89,"u":"52,50 €/KG","img":"https://fd6-photos.leclercdrive.fr/image.ashx?id=1216415&use=l&cat=p&typeid=i","cat":284457},{"id":68095,"n":"Yaourt à la grecque YAOS Nature lit de fraises 4x125g","p":2.3,"u":"4,60 €/KG","img":"https://fd6-photos.leclercdrive.fr/image.ashx?id=2729734&use=l&cat=p&typeid=i","cat":314999},{"id":68097,"n":"Yaourt à la grecque YAOS Citron - 4x125g","p":2.48,"u":"4,96 €/KG","img":"https://fd6-photos.leclercdrive.fr/image.ashx?id=2578672&use=l&cat=p&typeid=i","cat":314999},{"id":68158,"n":"Lardons fumés 1kg","p":8.5,"u":"8,50 €/KG","img":"https://fd6-photos.leclercdrive.fr/image.ashx?id=1227792&use=l&cat=p&typeid=i","cat":316011},{"id":68214,"n":"Biscuits Petits Cœurs LU Chocolat - 125g","p":1.16,"u":"9,28 €/KG","img":"https://fd6-photos.leclercdrive.fr/image.ashx?id=3002021&use=l&cat=p&typeid=i","cat":284488},{"id":68215,"n":"Biscuits Kango LU Chocolat - 225g","p":2.08,"u":"9,24 €/KG","img":"https://fd6-photos.leclercdrive.fr/image.ashx?id=2941508&use=l&cat=p&typeid=i","cat":284488},{"id":68217,"n":"Biscuits Croc Sablé Pépito  Chocolat - 294g","p":1.21,"u":"4,12 €/KG","img":"https://fd6-photos.leclercdrive.fr/image.ashx?id=2347254&use=l&cat=p&typeid=i","cat":284488},{"id":68275,"n":"Déodorant Carré homme Musc séduction - 100ml","p":1.12,"u":"11,20 €/L","img":"https://fd6-photos.leclercdrive.fr/image.ashx?id=2440745&use=l&cat=p&typeid=i","cat":284618},{"id":68276,"n":"Déodorant Carré Homme Marine Ice boost - 100ml","p":1.12,"u":"11,20 €/L","img":"https://fd6-photos.leclercdrive.fr/image.ashx?id=2440748&use=l&cat=p&typeid=i","cat":284618},{"id":68277,"n":"Déodorant Carré Homme Anti-transpirant - 100ml","p":1.12,"u":"11,20 €/L","img":"https://fd6-photos.leclercdrive.fr/image.ashx?id=2618232&use=l&cat=p&typeid=i","cat":284618},{"id":68278,"n":"Recharge gel lavant Manava Hypoallergénique - 250ml","p":0.66,"u":"2,64 €/L","img":"https://fd6-photos.leclercdrive.fr/image.ashx?id=2935537&use=l&cat=p&typeid=i","cat":284597},{"id":68399,"n":"Poisson pané Double délice   Findus x8 - 600g","p":5.58,"u":"9,30 €/KG","img":"https://fd6-photos.leclercdrive.fr/image.ashx?id=2679594&use=l&cat=p&typeid=i","cat":319788},{"id":68432,"n":"Gel WC Syphon Activ'Effect Fraîcheur pin - 750ml","p":0.74,"u":"0,99 €/L","img":"https://fd6-photos.leclercdrive.fr/image.ashx?id=2388382&use=l&cat=p&typeid=i","cat":284662},{"id":68433,"n":"Destructeur d'odeurs Bien air Escapade forêt - 250ml","p":2.42,"u":"9,68 €/L","img":"https://fd6-photos.leclercdrive.fr/image.ashx?id=2593465&use=l&cat=p&typeid=i","cat":311626},{"id":68434,"n":"Destructeur d'odeurs Bien air Printemps Japon - 250ml","p":2.42,"u":"9,68 €/L","img":"https://fd6-photos.leclercdrive.fr/image.ashx?id=2593468&use=l&cat=p&typeid=i","cat":311626},{"id":68445,"n":"Recharge crème lavante Manava Framboise pivoine - 250ml","p":0.57,"u":"2,28 €/L","img":"https://fd6-photos.leclercdrive.fr/image.ashx?id=2935510&use=l&cat=p&typeid=i","cat":284597},{"id":68449,"n":"Perles désodorisantes Bien Air Japon","p":2.25,"img":"https://fd6-photos.leclercdrive.fr/image.ashx?id=2568798&use=l&cat=p&typeid=i","cat":311628},{"id":68451,"n":"Lingettes Inell Rafraichissantes - x10","p":1.08,"u":"0,11 €/P","img":"https://fd6-photos.leclercdrive.fr/image.ashx?id=2658132&use=l&cat=p&typeid=i","cat":284603},{"id":68452,"n":"Lingettes hygiène intime Doulys Individuelles - x16","p":1.59,"u":"0,10 €/P","img":"https://fd6-photos.leclercdrive.fr/image.ashx?id=2671825&use=l&cat=p&typeid=i","cat":284627},{"id":68453,"n":"Gel lavant Manava Hypoallergénique - 300ml","p":1.05,"u":"3,50 €/L","img":"https://fd6-photos.leclercdrive.fr/image.ashx?id=2935528&use=l&cat=p&typeid=i","cat":284597},{"id":68454,"n":"Savon noir Clair Mou - 1kg","p":4.3,"u":"4,30 €/KG","img":"https://fd6-photos.leclercdrive.fr/image.ashx?id=1294158&use=l&cat=p&typeid=i","cat":284907},{"id":68455,"n":"Gel nettoyant Syphon Entretien menthe - 1L","p":2.9,"u":"2,90 €/L","img":"https://fd6-photos.leclercdrive.fr/image.ashx?id=2943659&use=l&cat=p&typeid=i","cat":284908},{"id":68459,"n":"Nettoyant Clair Parquets classiques - 1L","p":2.45,"u":"2,45 €/L","img":"https://fd6-photos.leclercdrive.fr/image.ashx?id=2652912&use=l&cat=p&typeid=i","cat":284907},{"id":68475,"n":"Culotte Chorys Médium nuit - x12","p":8.56,"u":"0,71 €/P","img":"https://fd6-photos.leclercdrive.fr/image.ashx?id=2716009&use=l&cat=p&typeid=i","cat":284628},{"id":68476,"n":"Culotte Chorys Absorption plus large nuit x10","p":7.14,"u":"0,71 €/P","img":"https://fd6-photos.leclercdrive.fr/image.ashx?id=2704490&use=l&cat=p&typeid=i","cat":284628},{"id":68479,"n":"Couches de bain Mots d'Enfants Baby Swim - Taille S - x12","p":6.05,"img":"https://fd6-photos.leclercdrive.fr/image.ashx?id=2907219&use=l&cat=p&typeid=i","cat":290634},{"id":68482,"n":"Couches de bain Mots d'Enfants Baby Swim - Taille M - x11","p":5.65,"u":"0,51 €/P","img":"https://fd6-photos.leclercdrive.fr/image.ashx?id=2907222&use=l&cat=p&typeid=i","cat":290634},{"id":68486,"n":"Tampon Nett  Digital normal boite - x24","p":2.72,"u":"0,11 €/P","img":"https://fd6-photos.leclercdrive.fr/image.ashx?id=2359657&use=l&cat=p&typeid=i","cat":284626},{"id":68668,"n":"Serpillère Vileda Ultramax Power","p":19.59,"img":"https://fd6-photos.leclercdrive.fr/image.ashx?id=2463353&use=l&cat=p&typeid=i","cat":284669},{"id":68737,"n":"Crème de coco légère Bio Bjorg  20cl","p":1.71,"u":"8,55 €/L","img":"https://fd6-photos.leclercdrive.fr/image.ashx?id=2936386&use=l&cat=p&typeid=i","cat":288992},{"id":68738,"n":"Soja cuisine - semi-épaisse Bio Bjorg - 25cl","p":1.22,"u":"4,88 €/L","img":"https://fd6-photos.leclercdrive.fr/image.ashx?id=2906196&use=l&cat=p&typeid=i","cat":316069},{"id":68824,"n":"Coton maxi carré Inell Aloé Vera - x50","p":1.5,"u":"0,03 €/P","img":"https://fd6-photos.leclercdrive.fr/image.ashx?id=1959190&use=l&cat=p&typeid=i","cat":284636},{"id":68839,"n":"Ananas Douceur du Verger Tranches entières - 340g","p":1.87,"u":"5,50 €/KG","img":"https://fd6-photos.leclercdrive.fr/image.ashx?id=2562949&use=l&cat=p&typeid=i","cat":284507},{"id":68861,"n":"Miel Bio Village Bio crémeux de fleurs - 500g","p":4.99,"u":"9,98 €/KG","img":"https://fd6-photos.leclercdrive.fr/image.ashx?id=2564219&use=l&cat=p&typeid=i","cat":287643},{"id":68862,"n":"Pâte à tartiner Nustikao 600g","p":2.73,"u":"4,55 €/KG","img":"https://fd6-photos.leclercdrive.fr/image.ashx?id=2814869&use=l&cat=p&typeid=i","cat":284481},{"id":68863,"n":"Compote Douceur du Verger Gourdes Pomme - 12x90g","p":2.95,"u":"2,73 €/KG","img":"https://fd6-photos.leclercdrive.fr/image.ashx?id=2843794&use=l&cat=p&typeid=i","cat":284508},{"id":68864,"n":"Compote Douceur du Verger Bocal pomme poire - 710g","p":1.75,"u":"2,46 €/KG","img":"https://fd6-photos.leclercdrive.fr/image.ashx?id=2663539&use=l&cat=p&typeid=i","cat":284508},{"id":68865,"n":"Compote Douceur du Verger Bocal pomme vanille - 710g","p":1.57,"u":"2,21 €/KG","img":"https://fd6-photos.leclercdrive.fr/image.ashx?id=2663542&use=l&cat=p&typeid=i","cat":284508},{"id":68866,"n":"Compote Douceur du Verger Bocal pomme - 710g","p":1.27,"u":"1,79 €/KG","img":"https://fd6-photos.leclercdrive.fr/image.ashx?id=2663536&use=l&cat=p&typeid=i","cat":284508},{"id":68868,"n":"Riz long Bio Village Bio semi complet - 500g","p":2.25,"u":"4,50 €/KG","img":"https://fd6-photos.leclercdrive.fr/image.ashx?id=2441513&use=l&cat=p&typeid=i","cat":284428},{"id":68870,"n":"Pistaches Bio Village Grillées salées bio - 100g","p":2.6,"u":"26,00 €/KG","img":"https://fd6-photos.leclercdrive.fr/image.ashx?id=2615789&use=l&cat=p&typeid=i","cat":284448},{"id":68882,"n":"Compote bio Bio Village Coupelle pomme - 8x100g","p":2.89,"u":"3,61 €/KG","img":"https://fd6-photos.leclercdrive.fr/image.ashx?id=1947749&use=l&cat=p&typeid=i","cat":284508},{"id":68902,"n":"Crackers Tokapi 100g","p":0.45,"u":"4,50 €/KG","img":"https://fd6-photos.leclercdrive.fr/image.ashx?id=2661073&use=l&cat=p&typeid=i","cat":297000},{"id":68913,"n":"Purificateur d'air Sanytol Désinfectant - 300ml","p":4.13,"u":"13,77 €/L","img":"https://fd6-photos.leclercdrive.fr/image.ashx?id=2901659&use=l&cat=p&typeid=i","cat":311626},{"id":68951,"n":"Crème dessert La Laitière  Velours de crème caramel 4x85g","p":1.81,"u":"5,32 €/KG","img":"https://fd6-photos.leclercdrive.fr/image.ashx?id=3007930&use=l&cat=p&typeid=i","cat":285041},{"id":68952,"n":"Crème dessert La Laitière Velours de crème chocolat 4x85g","p":2.12,"u":"6,24 €/KG","img":"https://fd6-photos.leclercdrive.fr/image.ashx?id=2633824&use=l&cat=p&typeid=i","cat":285041},{"id":68953,"n":"Crème dessert La Laitière Chocolat Caramel - 4x85g","p":2.1,"u":"6,18 €/KG","img":"https://fd6-photos.leclercdrive.fr/image.ashx?id=2633827&use=l&cat=p&typeid=i","cat":285041},{"id":68986,"n":"Lait d'amande Bio Village Sans sucre bio - 1L","p":1.41,"u":"1,41 €/L","img":"https://fd6-photos.leclercdrive.fr/image.ashx?id=2499109&use=l&cat=p&typeid=i","cat":316067},{"id":68996,"n":"Crackers bio Bio Village Emmental courge - 200g","p":2.69,"u":"13,45 €/KG","img":"https://fd6-photos.leclercdrive.fr/image.ashx?id=2310507&use=l&cat=p&typeid=i","cat":297000},{"id":69006,"n":"Tomates séchées Rustica Bocal - 280g","p":2.49,"u":"8,89 €/KG","img":"https://fd6-photos.leclercdrive.fr/image.ashx?id=2539457&use=l&cat=p&typeid=i","cat":284458},{"id":69014,"n":"Mayonnaise Rustica Moutarde de dijon - 710g","p":2.49,"u":"3,51 €/KG","img":"https://fd6-photos.leclercdrive.fr/image.ashx?id=2420391&use=l&cat=p&typeid=i","cat":298295},{"id":69061,"n":"Yaourt nature Danone 4x125g","p":0.92,"u":"1,84 €/KG","img":"https://fd6-photos.leclercdrive.fr/image.ashx?id=2911184&use=l&cat=p&typeid=i","cat":284409},{"id":69062,"n":"Yaourt nature Danone 12x125g","p":2.75,"u":"1,83 €/KG","img":"https://fd6-photos.leclercdrive.fr/image.ashx?id=2915688&use=l&cat=p&typeid=i","cat":284409},{"id":69063,"n":"Yaourt nature Danone 16x125g","p":3.12,"u":"1,56 €/KG","img":"https://fd6-photos.leclercdrive.fr/image.ashx?id=2915691&use=l&cat=p&typeid=i","cat":284409},{"id":69067,"n":"Crème dessert Délisse Saveur cookies - 4x125g","p":1.52,"u":"3,04 €/KG","img":"https://fd6-photos.leclercdrive.fr/image.ashx?id=2441405&use=l&cat=p&typeid=i","cat":285041},{"id":69068,"n":"Crème dessert Délisse Saveur Brownie - 4x125g","p":1.55,"u":"3,10 €/KG","img":"https://fd6-photos.leclercdrive.fr/image.ashx?id=2441411&use=l&cat=p&typeid=i","cat":285041},{"id":69070,"n":"Yaourts brassés velouté Danone Nature - 16x125g","p":4.17,"u":"2,09 €/KG","img":"https://fd6-photos.leclercdrive.fr/image.ashx?id=2865584&use=l&cat=p&typeid=i","cat":284409},{"id":69072,"n":"petit suisse aux fruits danonino - 6x50g","p":1.75,"u":"5,83 €/KG","img":"https://fd6-photos.leclercdrive.fr/image.ashx?id=2785208&use=l&cat=p&typeid=i","cat":284414},{"id":69073,"n":"Yaourts brassés velouté Danone Nature - 4x125g","p":1.38,"u":"2,76 €/KG","img":"https://fd6-photos.leclercdrive.fr/image.ashx?id=2865587&use=l&cat=p&typeid=i","cat":284409},{"id":69074,"n":"Yaourts brassés Velouté Danone Nature - 8x125g","p":2.44,"u":"2,44 €/KG","img":"https://fd6-photos.leclercdrive.fr/image.ashx?id=2865590&use=l&cat=p&typeid=i","cat":284409},{"id":69084,"n":"petit suisse aux fruits danonino - 6x100g","p":2.99,"u":"4,98 €/KG","img":"https://fd6-photos.leclercdrive.fr/image.ashx?id=3003134&use=l&cat=p&typeid=i","cat":284414},{"id":69120,"n":"Eau de toilette Alix de Faure Vanille - 110ml","p":3.2,"u":"29,09 €/L","img":"https://fd6-photos.leclercdrive.fr/image.ashx?id=2675768&use=l&cat=p&typeid=i","cat":291525},{"id":69128,"n":"Chocolat Excellence Abtey Chardons Ball - 220g","p":4.85,"u":"22,05 €/KG","img":"https://fd6-photos.leclercdrive.fr/image.ashx?id=2367178&use=l&cat=p&typeid=i","cat":327595},{"id":69141,"n":"Papier cuisson Elembal Rouleau 8m","p":1.07,"u":"0,13 €/MT","img":"https://fd6-photos.leclercdrive.fr/image.ashx?id=2824955&use=l&cat=p&typeid=i","cat":334134},{"id":69145,"n":"Crème lavante Manava Framboise pivoine - 300ml","p":1.43,"u":"4,77 €/L","img":"https://fd6-photos.leclercdrive.fr/image.ashx?id=2935507&use=l&cat=p&typeid=i","cat":284597},{"id":69147,"n":"Café dosettes Tassimo L'Or Café Long Classique x16","p":4.53,"u":"43,56 €/KG","img":"https://fd6-photos.leclercdrive.fr/image.ashx?id=2160312&use=l&cat=p&typeid=i","cat":293240},{"id":69148,"n":"Café dosettes Tassimo L'Or Café Long Intense x16","p":4.66,"u":"36,41 €/KG","img":"https://fd6-photos.leclercdrive.fr/image.ashx?id=2290599&use=l&cat=p&typeid=i","cat":293240},{"id":69150,"n":"Nettoyant multi surfaces Clair Citron - 1.5L","p":1.7,"u":"1,13 €/L","img":"https://fd6-photos.leclercdrive.fr/image.ashx?id=2534211&use=l&cat=p&typeid=i","cat":284907},{"id":69151,"n":"Nettoyant multi surfaces Clair Pins - 1.5L","p":1.7,"u":"1,13 €/L","img":"https://fd6-photos.leclercdrive.fr/image.ashx?id=2369164&use=l&cat=p&typeid=i","cat":284907},{"id":69152,"n":"Nettoyant multi surfaces Clair Fleurs - 1.5L","p":1.7,"u":"1,13 €/L","img":"https://fd6-photos.leclercdrive.fr/image.ashx?id=2381556&use=l&cat=p&typeid=i","cat":284907},{"id":69153,"n":"Nettoyant multi surfaces Clair Fraîcheur pure - 1.5L","p":1.7,"u":"1,13 €/L","img":"https://fd6-photos.leclercdrive.fr/image.ashx?id=2373263&use=l&cat=p&typeid=i","cat":284907},{"id":69154,"n":"Nettoyant multi surfaces Clair Savon de Marseille - 1.5L","p":1.7,"u":"1,13 €/L","img":"https://fd6-photos.leclercdrive.fr/image.ashx?id=2858845&use=l&cat=p&typeid=i","cat":284907},{"id":69155,"n":"Nettoyant multi surfaces Clair Savon noir - 1.5L","p":1.7,"u":"1,13 €/L","img":"https://fd6-photos.leclercdrive.fr/image.ashx?id=2849584&use=l&cat=p&typeid=i","cat":284907},{"id":69206,"n":"Jus de raisins Andros Muscatés pressés - 1L","p":3.33,"u":"3,33 €/L","img":"https://fd6-photos.leclercdrive.fr/image.ashx?id=2882653&use=l&cat=p&typeid=i","cat":285435},{"id":69215,"n":"Pains wrap Epi d'Or Nature x6 - 383g","p":1.95,"u":"5,09 €/KG","img":"https://fd6-photos.leclercdrive.fr/image.ashx?id=2998883&use=l&cat=p&typeid=i","cat":284985},{"id":69227,"n":"Huile vierge Bio Village Coco bio - 200ml","p":2.28,"u":"11,40 €/L","img":"https://fd6-photos.leclercdrive.fr/image.ashx?id=1974311&use=l&cat=p&typeid=i","cat":284453},{"id":69233,"n":"Capsules café L'Or Espresso Ristretto N°11 x10","p":3.15,"u":"60,58 €/KG","img":"https://fd6-photos.leclercdrive.fr/image.ashx?id=2260869&use=l&cat=p&typeid=i","cat":284749},{"id":69238,"n":"Lingette nettoyante Clair Javel - x50","p":1.3,"u":"0,03 €/P","img":"https://fd6-photos.leclercdrive.fr/image.ashx?id=2768098&use=l&cat=p&typeid=i","cat":325358},{"id":69256,"n":"Dessert panaché Andros Panaché - 16x100g","p":5.34,"u":"3,34 €/KG","img":"https://fd6-photos.leclercdrive.fr/image.ashx?id=2875114&use=l&cat=p&typeid=i","cat":284416},{"id":69268,"n":"Liquide vaisselle Rainett Citron écologique - 750ml","p":1.76,"u":"2,35 €/L","img":"https://fd6-photos.leclercdrive.fr/image.ashx?id=2297129&use=l&cat=p&typeid=i","cat":284655},{"id":69273,"n":"Eau de toilette Alix de Faure Fruits rouges - 110ml","p":3.2,"u":"29,09 €/L","img":"https://fd6-photos.leclercdrive.fr/image.ashx?id=2675762&use=l&cat=p&typeid=i","cat":291525},{"id":69274,"n":"Eau de toilette Alix de Faure Patchouli - 110ml","p":3.2,"u":"29,09 €/L","img":"https://fd6-photos.leclercdrive.fr/image.ashx?id=1291572&use=l&cat=p&typeid=i","cat":291525},{"id":69275,"n":"Gel Douche Homme Nivea Men 3 en 1 Protect&Care - 250ml","p":2.24,"u":"8,96 €/L","img":"https://fd6-photos.leclercdrive.fr/image.ashx?id=2985465&use=l&cat=p&typeid=i","cat":284619},{"id":69280,"n":"Couches bébé Mots d'enfants Midi T3 4/9kg - x50 changes","p":6.35,"u":"0,13 €/P","img":"https://fd6-photos.leclercdrive.fr/image.ashx?id=2699717&use=l&cat=p&typeid=i","cat":284737},{"id":69281,"n":"Couches bébé Mots d'enfants Ultra confort T4 7/18kg - x44","p":6.35,"u":"0,14 €/P","img":"https://fd6-photos.leclercdrive.fr/image.ashx?id=2699720&use=l&cat=p&typeid=i","cat":284737},{"id":69282,"n":"Couches bébé Mots d'enfants Ultra confort T4+  9/20kg - x41","p":6.35,"u":"0,15 €/P","img":"https://fd6-photos.leclercdrive.fr/image.ashx?id=2699723&use=l&cat=p&typeid=i","cat":284737},{"id":69283,"n":"Couches bébé Mots d'enfants Ultra confort T5 11/25kg - x39","p":6.35,"u":"0,16 €/P","img":"https://fd6-photos.leclercdrive.fr/image.ashx?id=2699726&use=l&cat=p&typeid=i","cat":284737},{"id":69284,"n":"Couches bébé Mots d'enfants Ultra confort T6  16/23kg - x33","p":6.35,"u":"0,19 €/P","img":"https://fd6-photos.leclercdrive.fr/image.ashx?id=2699729&use=l&cat=p&typeid=i","cat":284737},{"id":69285,"n":"Couches bébé Mots d'enfants T4 Ultra confort 7/18kg - x144","p":19.7,"u":"0,14 €/P","img":"https://fd6-photos.leclercdrive.fr/image.ashx?id=2689429&use=l&cat=p&typeid=i","cat":284737},{"id":69286,"n":"Couches bébé Mots d'enfants T5 Ultra confort 11/25kg - x136","p":19.7,"u":"0,15 €/P","img":"https://fd6-photos.leclercdrive.fr/image.ashx?id=2691833&use=l&cat=p&typeid=i","cat":284737},{"id":69317,"n":"Eau minérale naturelle Vittel 6x1.5L","p":2.94,"u":"0,33 €/L","img":"https://fd6-photos.leclercdrive.fr/image.ashx?id=3000441&use=l&cat=p&typeid=i","cat":284535},{"id":69318,"n":"Pur jus Jafaden Orange pêche abricot - 1L","p":2.39,"u":"2,39 €/L","img":"https://fd6-photos.leclercdrive.fr/image.ashx?id=2956762&use=l&cat=p&typeid=i","cat":284917},{"id":69379,"n":"From'Chaud Ermitage 50% mg - 200g","p":2.2,"u":"11,00 €/KG","img":"https://fd6-photos.leclercdrive.fr/image.ashx?id=2966002&use=l&cat=p&typeid=i","cat":314037},{"id":69383,"n":"Fromage à Raclette RichesMonts  Duo Classique & Fumée - 420G","p":5.87,"u":"13,98 €/KG","img":"https://fd6-photos.leclercdrive.fr/image.ashx?id=2953815&use=l&cat=p&typeid=i","cat":314037},{"id":69494,"n":"Terrine de campagne forestière L'Atelier Charcuterie - 170g","p":2.95,"u":"17,35 €/KG","img":"https://fd6-photos.leclercdrive.fr/image.ashx?id=2882292&use=l&cat=p&typeid=i","cat":316008},{"id":69679,"n":"Yaourt à la grecque YAOS Nature lit de myrtilles 4x125g","p":2.3,"u":"4,60 €/KG","img":"https://fd6-photos.leclercdrive.fr/image.ashx?id=2614933&use=l&cat=p&typeid=i","cat":314999},{"id":69680,"n":"Yaourt à la grecque YAOS Nature lit de pêches 4x125g","p":2.72,"u":"5,44 €/KG","img":"https://fd6-photos.leclercdrive.fr/image.ashx?id=2539533&use=l&cat=p&typeid=i","cat":314999},{"id":69705,"n":"Coleslaw moutarde Bonduelle 320g","p":1.94,"u":"6,06 €/KG","img":"https://fd6-photos.leclercdrive.fr/image.ashx?id=2894185&use=l&cat=p&typeid=i","cat":333657},{"id":69797,"n":"Aligot Coeur d'Aveyron 450g","p":5.49,"u":"12,20 €/KG","img":"https://fd6-photos.leclercdrive.fr/image.ashx?id=2346972&use=l&cat=p&typeid=i","cat":333665},{"id":69803,"n":"Riz provençale Bonduelle Thon - 320g","p":1.94,"u":"6,06 €/KG","img":"https://fd6-photos.leclercdrive.fr/image.ashx?id=2907905&use=l&cat=p&typeid=i","cat":333657},{"id":69910,"n":"Origan Rustica 11g","p":0.45,"u":"40,91 €/KG","img":"https://fd6-photos.leclercdrive.fr/image.ashx?id=1232057&use=l&cat=p&typeid=i","cat":298297},{"id":69973,"n":"Baguette 250g","p":0.34,"u":"1,36 €/KG","img":"https://fd6-photos.leclercdrive.fr/image.ashx?id=2063008&use=l&cat=p&typeid=i","cat":284359},{"id":70109,"n":"Bière de Noël Moulin d'Ascq bio 75cl","p":4.56,"u":"6,08 €/L","img":"https://fd6-photos.leclercdrive.fr/image.ashx?id=2889757&use=l&cat=p&typeid=i","cat":334872},{"id":70117,"n":"Biscuits Mc Vitie's Original - 400g","p":1.64,"u":"4,10 €/KG","img":"https://fd6-photos.leclercdrive.fr/image.ashx?id=2310182&use=l&cat=p&typeid=i","cat":284487},{"id":70118,"n":"Biscuits Mc Vitie's Chocolat au lait - 300g","p":1.9,"u":"6,33 €/KG","img":"https://fd6-photos.leclercdrive.fr/image.ashx?id=2589491&use=l&cat=p&typeid=i","cat":284488},{"id":70123,"n":"Fromage blanc Danone Nature 3%MG - 8x100g","p":2.89,"u":"3,61 €/KG","img":"https://fd6-photos.leclercdrive.fr/image.ashx?id=2792075&use=l&cat=p&typeid=i","cat":284409},{"id":70126,"n":"Fromage blanc Danone Nature 3%MG - 4x100g","p":1.77,"u":"4,43 €/KG","img":"https://fd6-photos.leclercdrive.fr/image.ashx?id=2833225&use=l&cat=p&typeid=i","cat":284409},{"id":70140,"n":"Yaourt Nature Panier de Yoplait Lit de Fruits Panaché - 6x140g","p":2.93,"u":"3,49 €/KG","img":"https://fd6-photos.leclercdrive.fr/image.ashx?id=2884429&use=l&cat=p&typeid=i","cat":284410},{"id":70158,"n":"Yaourt Nature Panier de Yoplait Lit Fruits de Saison - 6x140g","p":2.93,"u":"3,49 €/KG","img":"https://fd6-photos.leclercdrive.fr/image.ashx?id=2992062&use=l&cat=p&typeid=i","cat":284410},{"id":70328,"n":"Chimay blanche 8° - 75cl","p":4.09,"u":"5,45 €/L","img":"https://fd6-photos.leclercdrive.fr/image.ashx?id=2476812&use=l&cat=p&typeid=i","cat":334872},{"id":70334,"n":"Kasteel rouge  8° 75cl","p":4.85,"u":"6,47 €/L","img":"https://fd6-photos.leclercdrive.fr/image.ashx?id=2981325&use=l&cat=p&typeid=i","cat":334872},{"id":70335,"n":"Kasteel blonde  11° - 75cl","p":4.96,"u":"6,61 €/L","img":"https://fd6-photos.leclercdrive.fr/image.ashx?id=2483218&use=l&cat=p&typeid=i","cat":334872},{"id":70337,"n":"Moinette blonde 75cl","p":4.91,"u":"6,55 €/L","img":"https://fd6-photos.leclercdrive.fr/image.ashx?id=1858078&use=l&cat=p&typeid=i","cat":334872},{"id":70341,"n":"St Bernardus Tripel 75cl","p":5.84,"u":"7,79 €/L","img":"https://fd6-photos.leclercdrive.fr/image.ashx?id=1653651&use=l&cat=p&typeid=i","cat":334872},{"id":70344,"n":"Triple Secret des Moines 8%  - 75cl","p":3.84,"u":"5,12 €/L","img":"https://fd6-photos.leclercdrive.fr/image.ashx?id=2947991&use=l&cat=p&typeid=i","cat":334872},{"id":70346,"n":"Bière Maredsous Blonde - 6%vol - 75cl","p":4.07,"u":"5,43 €/L","img":"https://fd6-photos.leclercdrive.fr/image.ashx?id=2368096&use=l&cat=p&typeid=i","cat":334872},{"id":70389,"n":"Café dosettes Tassimo L'Or Cappuccino x8","p":5.07,"u":"18,99 €/KG","img":"https://fd6-photos.leclercdrive.fr/image.ashx?id=2100305&use=l&cat=p&typeid=i","cat":293240},{"id":70438,"n":"Fines feuilles de chocolat noir After Eight - 200g","p":4.36,"u":"21,80 €/KG","img":"https://fd6-photos.leclercdrive.fr/image.ashx?id=2897345&use=l&cat=p&typeid=i","cat":327595},{"id":70447,"n":"Sachet Célébrations 196g","p":3.8,"u":"19,39 €/KG","img":"https://fd6-photos.leclercdrive.fr/image.ashx?id=2980058&use=l&cat=p&typeid=i","cat":284499},{"id":70460,"n":"Oeufs surprises Barbie Chocolat - x3 - 60g","p":2.23,"u":"37,17 €/KG","img":"https://fd6-photos.leclercdrive.fr/image.ashx?id=2826213&use=l&cat=p&typeid=i","cat":327789},{"id":70480,"n":"Chocolats Ferrero Collection Assortiments x24 - 269g","p":9.79,"u":"36,39 €/KG","img":"https://fd6-photos.leclercdrive.fr/image.ashx?id=2871181&use=l&cat=p&typeid=i","cat":327595},{"id":70579,"n":"Fromage Caprice des Dieux  200g","p":2.93,"u":"14,65 €/KG","img":"https://fd6-photos.leclercdrive.fr/image.ashx?id=2762438&use=l&cat=p&typeid=i","cat":314033},{"id":70588,"n":"Boudin blanc à l'ancienne L'Atelier Charcuterie x3 - 390g","p":5.53,"u":"14,18 €/KG","img":"https://fd6-photos.leclercdrive.fr/image.ashx?id=2821786&use=l&cat=p&typeid=i","cat":316012},{"id":70634,"n":"Lentilles Notre Jardin Graisse d'oie - 400g","p":1.05,"u":"2,63 €/KG","img":"https://fd6-photos.leclercdrive.fr/image.ashx?id=3002620&use=l&cat=p&typeid=i","cat":312609},{"id":70980,"n":"Crousty chicken Le Gaulois L'original - 400g","p":5.36,"u":"13,40 €/KG","img":"https://fd6-photos.leclercdrive.fr/image.ashx?id=2967765&use=l&cat=p&typeid=i","cat":333684},{"id":70993,"n":"Coulommiers Président  350g","p":2.75,"u":"7,86 €/KG","img":"https://fd6-photos.leclercdrive.fr/image.ashx?id=2029862&use=l&cat=p&typeid=i","cat":314033},{"id":71060,"n":"Basilic Rustica 11g","p":0.39,"u":"35,45 €/KG","img":"https://fd6-photos.leclercdrive.fr/image.ashx?id=2772957&use=l&cat=p&typeid=i","cat":298297},{"id":71075,"n":"Vinaigrette biphase Rustica Tomate/ Balsamique - 50cl","p":2.72,"u":"5,44 €/L","img":"https://fd6-photos.leclercdrive.fr/image.ashx?id=1972937&use=l&cat=p&typeid=i","cat":284456},{"id":71077,"n":"Vinaigrette biphase Rustica Ciboulette/Echalote - 50cl","p":2.79,"u":"5,58 €/L","img":"https://fd6-photos.leclercdrive.fr/image.ashx?id=1943241&use=l&cat=p&typeid=i","cat":284456},{"id":71090,"n":"Boisson énergisante Red bull 6x250ml","p":6.6,"u":"4,40 €/L","img":"https://fd6-photos.leclercdrive.fr/image.ashx?id=3011989&use=l&cat=p&typeid=i","cat":284533},{"id":71099,"n":"IGP Pays d'Oc Merlot vin rouge Vieux Carion 12% vol - BIB 3L","p":7.99,"u":"2,66 €/L","img":"https://fd6-photos.leclercdrive.fr/image.ashx?id=2747755&use=l&cat=p&typeid=i","cat":289560},{"id":71101,"n":"IGP Pays d'Oc Muscat blanc  Moelleux 12% vol - 75cl","p":2.99,"u":"3,99 €/L","img":"https://fd6-photos.leclercdrive.fr/image.ashx?id=2870080&use=l&cat=p&typeid=i","cat":289557},{"id":71102,"n":"Bière Desperados 65cl","p":2.49,"u":"3,83 €/L","img":"https://fd6-photos.leclercdrive.fr/image.ashx?id=2977960&use=l&cat=p&typeid=i","cat":334878},{"id":71106,"n":"Ail semoule Rustica 110g","p":1.39,"u":"12,64 €/KG","img":"https://fd6-photos.leclercdrive.fr/image.ashx?id=2870038&use=l&cat=p&typeid=i","cat":298297},{"id":71107,"n":"Bouquet garni entier Rustica 17g","p":1.68,"u":"98,82 €/KG","img":"https://fd6-photos.leclercdrive.fr/image.ashx?id=1710608&use=l&cat=p&typeid=i","cat":298297},{"id":71154,"n":"Arôme vanille Tablier Blanc 200ml","p":2.3,"u":"11,50 €/L","img":"https://fd6-photos.leclercdrive.fr/image.ashx?id=2487476&use=l&cat=p&typeid=i","cat":284504},{"id":71155,"n":"Ail semoule Rustica Flacon - 60g","p":0.96,"u":"16,00 €/KG","img":"https://fd6-photos.leclercdrive.fr/image.ashx?id=2797790&use=l&cat=p&typeid=i","cat":298297},{"id":71156,"n":"Moulin 5 baies Rustica Flacon - 24g","p":1.23,"u":"51,25 €/KG","img":"https://fd6-photos.leclercdrive.fr/image.ashx?id=2907231&use=l&cat=p&typeid=i","cat":284457},{"id":71158,"n":"Poivre gris moulu Rustica Boite - 90g","p":2.29,"u":"25,44 €/KG","img":"https://fd6-photos.leclercdrive.fr/image.ashx?id=1239440&use=l&cat=p&typeid=i","cat":284457},{"id":71162,"n":"Assortiment crackers Tokapi 85g","p":0.69,"u":"8,12 €/KG","img":"https://fd6-photos.leclercdrive.fr/image.ashx?id=2705037&use=l&cat=p&typeid=i","cat":297000},{"id":71192,"n":"Bisque de homard Liebig 2x300g","p":4.9,"u":"8,17 €/KG","img":"https://fd6-photos.leclercdrive.fr/image.ashx?id=2185846&use=l&cat=p&typeid=i","cat":305147},{"id":71232,"n":"Scotch Whisky William Peel Edition limitée 40%vol - 1L","p":16.55,"pp":15.55,"u":"15,55 €/L","img":"https://fd6-photos.leclercdrive.fr/image.ashx?id=2867014&use=l&cat=p&typeid=i","cat":284547},{"id":71351,"n":"Cocktail Pêche Océan Fruits de mer - 500g","p":4.94,"u":"9,88 €/KG","img":"https://fd6-photos.leclercdrive.fr/image.ashx?id=2686347&use=l&cat=p&typeid=i","cat":319787},{"id":71412,"n":"Déodorant Manava Cologne - 100ml","p":1.39,"u":"13,90 €/L","img":"https://fd6-photos.leclercdrive.fr/image.ashx?id=2666572&use=l&cat=p&typeid=i","cat":284595},{"id":71413,"n":"Déodorant Manava Freesia Orchidée - 100ml","p":1.36,"u":"13,60 €/L","img":"https://fd6-photos.leclercdrive.fr/image.ashx?id=2656451&use=l&cat=p&typeid=i","cat":284595},{"id":71417,"n":"Petits pois très fins Eco  560g","p":1.15,"u":"2,05 €/KG","img":"https://fd6-photos.leclercdrive.fr/image.ashx?id=3003711&use=l&cat=p&typeid=i","cat":312607},{"id":71419,"n":"Petits pois carottes Eco  530g","p":1.13,"u":"2,13 €/KG","img":"https://fd6-photos.leclercdrive.fr/image.ashx?id=3003714&use=l&cat=p&typeid=i","cat":312607},{"id":71422,"n":"Macedoine de legumes Eco  530g","p":1.11,"u":"2,09 €/KG","img":"https://fd6-photos.leclercdrive.fr/image.ashx?id=2729245&use=l&cat=p&typeid=i","cat":312612},{"id":71423,"n":"Flageolets verts fins Eco  530g","p":1.19,"u":"2,25 €/KG","img":"https://fd6-photos.leclercdrive.fr/image.ashx?id=2720012&use=l&cat=p&typeid=i","cat":312606},{"id":71426,"n":"Lentilles Eco+ 530g","p":1.02,"u":"1,92 €/KG","img":"https://fd6-photos.leclercdrive.fr/image.ashx?id=2699087&use=l&cat=p&typeid=i","cat":312609},{"id":71429,"n":"Haricots verts extra fins Eco  440g","p":1.06,"u":"2,41 €/KG","img":"https://fd6-photos.leclercdrive.fr/image.ashx?id=3003726&use=l&cat=p&typeid=i","cat":312606},{"id":71431,"n":"Tomates entières pelées Eco+ - 480g","p":1.1,"u":"2,29 €/KG","img":"https://fd6-photos.leclercdrive.fr/image.ashx?id=3003729&use=l&cat=p&typeid=i","cat":312608},{"id":71433,"n":"Choux-fleurs Eco+ 1kg","p":1.32,"u":"1,32 €/KG","img":"https://fd6-photos.leclercdrive.fr/image.ashx?id=2729254&use=l&cat=p&typeid=i","cat":319805},{"id":71439,"n":"Filets de colin d'Alaska Eco+ 10x100g","p":5.32,"u":"5,32 €/KG","img":"https://fd6-photos.leclercdrive.fr/image.ashx?id=1668300&use=l&cat=p&typeid=i","cat":319786},{"id":71442,"n":"Cassoulet Eco+ 840g","p":1.97,"u":"2,35 €/KG","img":"https://fd6-photos.leclercdrive.fr/image.ashx?id=2847937&use=l&cat=p&typeid=i","cat":284440},{"id":71444,"n":"Galettes au beurre Eco+ x16 - 125g","p":0.64,"u":"5,12 €/KG","img":"https://fd6-photos.leclercdrive.fr/image.ashx?id=2746781&use=l&cat=p&typeid=i","cat":284487},{"id":71448,"n":"Raviolis à la sauce tomate Eco+ 800g","p":1.71,"u":"2,14 €/KG","img":"https://fd6-photos.leclercdrive.fr/image.ashx?id=2688288&use=l&cat=p&typeid=i","cat":284442},{"id":71451,"n":"Serviettes maxi nuit Eco+ x10","p":0.65,"u":"0,07 €/P","img":"https://fd6-photos.leclercdrive.fr/image.ashx?id=2824739&use=l&cat=p&typeid=i","cat":284624},{"id":71468,"n":"Spécialité au soja Nat&Vie Café - 4x100g","p":1.45,"u":"3,63 €/KG","img":"https://fd6-photos.leclercdrive.fr/image.ashx?id=2901470&use=l&cat=p&typeid=i","cat":316071},{"id":71469,"n":"DOC Prosecco extra-dry blanc 7% vol - 75cl","p":4.99,"u":"6,65 €/L","img":"https://fd6-photos.leclercdrive.fr/image.ashx?id=2977171&use=l&cat=p&typeid=i","cat":289461},{"id":71473,"n":"Vin d'Espagne blanc Chardonnay Adrien Champaud - BIB 5L","p":11.99,"u":"2,40 €/L","img":"https://fd6-photos.leclercdrive.fr/image.ashx?id=2584845&use=l&cat=p&typeid=i","cat":289557},{"id":71479,"n":"Cookies P'tit Déli Paillettes muticolores - 150g","p":1.45,"u":"9,67 €/KG","img":"https://fd6-photos.leclercdrive.fr/image.ashx?id=2939064&use=l&cat=p&typeid=i","cat":325066},{"id":71488,"n":"Mini chinois Epi d'Or Pepites de chocolat x6 - 300g","p":1.85,"u":"6,17 €/KG","img":"https://fd6-photos.leclercdrive.fr/image.ashx?id=2867916&use=l&cat=p&typeid=i","cat":296366},{"id":71489,"n":"Croissants Epi d'Or x8 - 320g","p":1.7,"u":"5,31 €/KG","img":"https://fd6-photos.leclercdrive.fr/image.ashx?id=2860766&use=l&cat=p&typeid=i","cat":296366},{"id":71490,"n":"Vin d'Espagne blanc Sauvignon Adrien Champaud - BIB 5L","p":9.99,"u":"2,00 €/L","img":"https://fd6-photos.leclercdrive.fr/image.ashx?id=2960511&use=l&cat=p&typeid=i","cat":289560},{"id":71491,"n":"Croissants Epi d'Or x14 - 560g","p":2.78,"u":"4,96 €/KG","img":"https://fd6-photos.leclercdrive.fr/image.ashx?id=2860769&use=l&cat=p&typeid=i","cat":296366},{"id":71498,"n":"Lait concentré Délisse Non sucré x10  - 75g","p":0.44,"u":"5,87 €/KG","img":"https://fd6-photos.leclercdrive.fr/image.ashx?id=2671822&use=l&cat=p&typeid=i","cat":299162},{"id":71523,"n":"Sablés pur beurre P'tit Déli Coco - 100g","p":1.89,"u":"18,90 €/KG","img":"https://fd6-photos.leclercdrive.fr/image.ashx?id=2357471&use=l&cat=p&typeid=i","cat":284487},{"id":71524,"n":"Goûter rectangle P'tit Déli Fourré chocolat - 125g","p":1.19,"u":"9,52 €/KG","img":"https://fd6-photos.leclercdrive.fr/image.ashx?id=2619725&use=l&cat=p&typeid=i","cat":284488},{"id":71531,"n":"Crème fraiche bio Bio village Epaisse - 30% MG  - 50cl","p":2.66,"u":"5,32 €/L","img":"https://fd6-photos.leclercdrive.fr/image.ashx?id=1975050&use=l&cat=p&typeid=i","cat":284381},{"id":71535,"n":"Pommes de terre NRT à l'échirlète - 600g","p":3.55,"u":"5,92 €/KG","img":"https://fd6-photos.leclercdrive.fr/image.ashx?id=2699855&use=l&cat=p&typeid=i","cat":319792},{"id":71546,"n":"Gaufrettes P'tit Déli Vanille - 110g","p":1.01,"u":"9,18 €/KG","img":"https://fd6-photos.leclercdrive.fr/image.ashx?id=2436023&use=l&cat=p&typeid=i","cat":284487},{"id":71553,"n":"Déodorant Manava Freesia Orchidée - 200ml","p":1.34,"u":"6,70 €/L","img":"https://fd6-photos.leclercdrive.fr/image.ashx?id=2656454&use=l&cat=p&typeid=i","cat":284595},{"id":71557,"n":"Mini sables P'tit Déli Chocolat au lait - 160g","p":1.89,"u":"11,81 €/KG","img":"https://fd6-photos.leclercdrive.fr/image.ashx?id=2323295&use=l&cat=p&typeid=i","cat":284488},{"id":71561,"n":"Palets P'tit Déli A la madeleine - 125g","p":1.15,"u":"9,20 €/KG","img":"https://fd6-photos.leclercdrive.fr/image.ashx?id=2693138&use=l&cat=p&typeid=i","cat":284487},{"id":71563,"n":"Mayonnaise Rustica A la moutarde de Dijon - 720g","p":2.45,"u":"3,40 €/KG","img":"https://fd6-photos.leclercdrive.fr/image.ashx?id=2954379&use=l&cat=p&typeid=i","cat":298295},{"id":71565,"n":"Pêches Douceur du Verger Sirop léger - 465g","p":1.57,"u":"3,38 €/KG","img":"https://fd6-photos.leclercdrive.fr/image.ashx?id=2666471&use=l&cat=p&typeid=i","cat":284507},{"id":71566,"n":"Sauce Soja Tables Du Monde 125ml","p":0.83,"u":"6,64 €/L","img":"https://fd6-photos.leclercdrive.fr/image.ashx?id=2679765&use=l&cat=p&typeid=i","cat":288992},{"id":71568,"n":"Sauce soja sucrée Table du monde - 125ml","p":0.83,"u":"6,64 €/L","img":"https://fd6-photos.leclercdrive.fr/image.ashx?id=2679762&use=l&cat=p&typeid=i","cat":288992},{"id":71574,"n":"Gaufrettes P'tit Déli Chocolat noisette - 160g","p":1.54,"u":"9,63 €/KG","img":"https://fd6-photos.leclercdrive.fr/image.ashx?id=2915302&use=l&cat=p&typeid=i","cat":284488},{"id":71575,"n":"Test de grossesse Primoplast x1","p":0.74,"img":"https://fd6-photos.leclercdrive.fr/image.ashx?id=2832975&use=l&cat=p&typeid=i","cat":324482},{"id":71578,"n":"Crème lavante Manava Surgras - 300ml","p":1.12,"u":"3,73 €/L","img":"https://fd6-photos.leclercdrive.fr/image.ashx?id=2935513&use=l&cat=p&typeid=i","cat":284597},{"id":71579,"n":"Recharge crème lavante Manava Surgras - 250ml","p":0.66,"u":"2,64 €/L","img":"https://fd6-photos.leclercdrive.fr/image.ashx?id=2935516&use=l&cat=p&typeid=i","cat":284597},{"id":71580,"n":"Tampons digitaux Doulys Super+ x24","p":2.09,"u":"0,09 €/P","img":"https://fd6-photos.leclercdrive.fr/image.ashx?id=2965521&use=l&cat=p&typeid=i","cat":284626},{"id":71599,"n":"Bicarbonate de soude Clair 500g","p":1.5,"u":"3,00 €/KG","img":"https://fd6-photos.leclercdrive.fr/image.ashx?id=2822129&use=l&cat=p&typeid=i","cat":325365},{"id":71600,"n":"Champignons Notre Jardin Emincés, épais - 230g","p":1.43,"u":"6,22 €/KG","img":"https://fd6-photos.leclercdrive.fr/image.ashx?id=2553917&use=l&cat=p&typeid=i","cat":312610},{"id":71602,"n":"Change bébé Mots d'Enfants Nouveau né - T1 - 2/5kg - x23","p":2.36,"u":"0,10 €/P","img":"https://fd6-photos.leclercdrive.fr/image.ashx?id=2907225&use=l&cat=p&typeid=i","cat":284737},{"id":71607,"n":"Pain épices Ronde Des Mers Miel, citron - 150g","p":1.99,"u":"13,27 €/KG","img":"https://fd6-photos.leclercdrive.fr/image.ashx?id=2392277&use=l&cat=p&typeid=i","cat":284493},{"id":71629,"n":"Boisson végétale Bio Village Lait amande intense bio - 1l","p":2.39,"u":"2,39 €/L","img":"https://fd6-photos.leclercdrive.fr/image.ashx?id=2386185&use=l&cat=p&typeid=i","cat":316067},{"id":71649,"n":"Herbe Provence bio Bio Village 14g","p":0.79,"u":"56,43 €/KG","img":"https://fd6-photos.leclercdrive.fr/image.ashx?id=2711695&use=l&cat=p&typeid=i","cat":298297},{"id":71867,"n":"Lasagne Halal à la Bolognaise","p":4.64,"u":"4,64 €/KG","img":"https://fd6-photos.leclercdrive.fr/image.ashx?id=2634163&use=l&cat=p&typeid=i","cat":284254},{"id":72164,"n":"Soda au cola Pepsi Zéro sucres Le lot de 4x1.5L","p":4.56,"u":"0,76 €/L","img":"https://fd6-photos.leclercdrive.fr/image.ashx?id=2692560&use=l&cat=p&typeid=i","cat":284530},{"id":72734,"n":"Pain de mie Schär - Céréales Sans gluten - 300g","p":3.41,"u":"11,37 €/KG","img":"https://fd6-photos.leclercdrive.fr/image.ashx?id=2659421&use=l&cat=p&typeid=i","cat":318654},{"id":72745,"n":"Lait céréales bébé Blédiner 6m Épinards soir - 2x250ml","p":1.99,"u":"3,98 €/L","img":"https://fd6-photos.leclercdrive.fr/image.ashx?id=2730052&use=l&cat=p&typeid=i","cat":312239},{"id":72750,"n":"Piccalilli Crown's 350g","p":1.8,"u":"5,14 €/KG","img":"https://fd6-photos.leclercdrive.fr/image.ashx?id=1568911&use=l&cat=p&typeid=i","cat":298298},{"id":72774,"n":"Mousse Liégeoise Délisse Caramel - 8x80g","p":2.79,"u":"4,36 €/KG","img":"https://fd6-photos.leclercdrive.fr/image.ashx?id=3009520&use=l&cat=p&typeid=i","cat":284417},{"id":72791,"n":"Bière Desperados 3x33cl","p":4.28,"u":"4,32 €/L","img":"https://fd6-photos.leclercdrive.fr/image.ashx?id=2983120&use=l&cat=p&typeid=i","cat":334878},{"id":72934,"n":"Sauce nuoc mam Tables du monde 125ml","p":0.91,"u":"7,28 €/L","img":"https://fd6-photos.leclercdrive.fr/image.ashx?id=2679771&use=l&cat=p&typeid=i","cat":288992},{"id":73006,"n":"Sauce pour nems Tables du monde 125ml","p":0.99,"u":"7,92 €/L","img":"https://fd6-photos.leclercdrive.fr/image.ashx?id=2526306&use=l&cat=p&typeid=i","cat":288992},{"id":73346,"n":"Apéritif de nos régions 26 pièces - 320g","p":5.96,"u":"18,63 €/KG","img":"https://fd6-photos.leclercdrive.fr/image.ashx?id=1988262&use=l&cat=p&typeid=i","cat":319774},{"id":73697,"n":"Compote Allégée en sucres Eco+ Bocal pomme - 720g","p":0.85,"u":"1,18 €/KG","img":"https://fd6-photos.leclercdrive.fr/image.ashx?id=2953185&use=l&cat=p&typeid=i","cat":284508},{"id":73703,"n":"Marbré Eco+ Parfum chocolat - 600g","p":2.34,"u":"3,90 €/KG","img":"https://fd6-photos.leclercdrive.fr/image.ashx?id=2825290&use=l&cat=p&typeid=i","cat":294776},{"id":73705,"n":"AOC Bourgogne Pinot Noir Couvent des Visitandines - 75cl","p":8.9,"u":"11,87 €/L","img":"https://fd6-photos.leclercdrive.fr/image.ashx?id=2870221&use=l&cat=p&typeid=i","cat":289556},{"id":73706,"n":"Riz basmati Eco+ 1kg","p":2.05,"u":"2,05 €/KG","img":"https://fd6-photos.leclercdrive.fr/image.ashx?id=2141651&use=l&cat=p&typeid=i","cat":284428},{"id":73708,"n":"Purée de tomate Eco+ Brique - 500g","p":0.54,"u":"1,08 €/KG","img":"https://fd6-photos.leclercdrive.fr/image.ashx?id=2756576&use=l&cat=p&typeid=i","cat":288384},{"id":73714,"n":"Filets maquereau Eco+ Au vin blanc - 176g","p":1.11,"u":"6,31 €/KG","img":"https://fd6-photos.leclercdrive.fr/image.ashx?id=2067881&use=l&cat=p&typeid=i","cat":303868},{"id":73715,"n":"Vin blanc AOC Bourgogne Aligoté Couvent des Visitandines - 75cl","p":8.9,"u":"11,87 €/L","img":"https://fd6-photos.leclercdrive.fr/image.ashx?id=2955294&use=l&cat=p&typeid=i","cat":289557},{"id":73717,"n":"Pommes de terre Eco+ 530g","p":1.17,"u":"2,21 €/KG","img":"https://fd6-photos.leclercdrive.fr/image.ashx?id=2473186&use=l&cat=p&typeid=i","cat":312612},{"id":73727,"n":"Bouchées pour chats  Eco+ Boeuf poulet légumes - 410g","p":0.79,"u":"1,93 €/KG","img":"https://fd6-photos.leclercdrive.fr/image.ashx?id=1292464&use=l&cat=p&typeid=i","cat":285601},{"id":73729,"n":"Tartelettes à la fraise Eco+ x12 - 200g","p":0.8,"u":"4,00 €/KG","img":"https://fd6-photos.leclercdrive.fr/image.ashx?id=2869757&use=l&cat=p&typeid=i","cat":284489},{"id":73732,"n":"Gel WC javel Eco+ 750ml","p":0.57,"u":"0,76 €/L","img":"https://fd6-photos.leclercdrive.fr/image.ashx?id=2768074&use=l&cat=p&typeid=i","cat":284662},{"id":73781,"n":"Maïs doux Eco+ 285g","p":0.8,"u":"2,81 €/KG","img":"https://fd6-photos.leclercdrive.fr/image.ashx?id=3003738&use=l&cat=p&typeid=i","cat":312611},{"id":73783,"n":"Cocktail 4 fruits Eco+ Sirop léger - 500 g","p":1.66,"u":"3,32 €/KG","img":"https://fd6-photos.leclercdrive.fr/image.ashx?id=2783011&use=l&cat=p&typeid=i","cat":284507},{"id":73785,"n":"Gateaux fourrage chocolat Eco+ x14 - 420g","p":1.98,"u":"4,71 €/KG","img":"https://fd6-photos.leclercdrive.fr/image.ashx?id=2690913&use=l&cat=p&typeid=i","cat":284369},{"id":73791,"n":"Chips nature Eco+ 200g","p":1.0,"u":"5,00 €/KG","img":"https://fd6-photos.leclercdrive.fr/image.ashx?id=2943596&use=l&cat=p&typeid=i","cat":284447},{"id":73793,"n":"Goûters ronds Eco+ Fourrés chocolat - 500g","p":1.36,"u":"2,72 €/KG","img":"https://fd6-photos.leclercdrive.fr/image.ashx?id=2222751&use=l&cat=p&typeid=i","cat":284488},{"id":73797,"n":"Pâtes Eco+ Macaroni - 1kg","p":1.03,"u":"1,03 €/KG","img":"https://fd6-photos.leclercdrive.fr/image.ashx?id=2887395&use=l&cat=p&typeid=i","cat":284427},{"id":73798,"n":"Pâtes Eco+ Coquillettes - 1kg","p":1.05,"u":"1,05 €/KG","img":"https://fd6-photos.leclercdrive.fr/image.ashx?id=2885723&use=l&cat=p&typeid=i","cat":284427},{"id":73799,"n":"Pâtes Eco+ Torsades - 1kg","p":1.02,"u":"1,02 €/KG","img":"https://fd6-photos.leclercdrive.fr/image.ashx?id=2885726&use=l&cat=p&typeid=i","cat":284427},{"id":73800,"n":"Dosettes café Eco+ 100% arabica - x48 - 336g","p":4.93,"u":"14,67 €/KG","img":"https://fd6-photos.leclercdrive.fr/image.ashx?id=2966346&use=l&cat=p&typeid=i","cat":293238},{"id":73801,"n":"Dosettes café Eco+ 100% Robusta - x48 - 336g","p":4.13,"u":"12,29 €/KG","img":"https://fd6-photos.leclercdrive.fr/image.ashx?id=2800222&use=l&cat=p&typeid=i","cat":293238},{"id":73802,"n":"Riz soufflé Eco+ Au chocolat au lait - 750g","p":2.71,"u":"3,61 €/KG","img":"https://fd6-photos.leclercdrive.fr/image.ashx?id=2693096&use=l&cat=p&typeid=i","cat":309513},{"id":73803,"n":"Shampooing aux oeufs Eco+ 750ml","p":0.53,"u":"0,71 €/L","img":"https://fd6-photos.leclercdrive.fr/image.ashx?id=2779178&use=l&cat=p&typeid=i","cat":284606},{"id":73804,"n":"Lingettes démaquillantes Eco+ x25","p":0.67,"u":"0,03 €/P","img":"https://fd6-photos.leclercdrive.fr/image.ashx?id=2282156&use=l&cat=p&typeid=i","cat":284603},{"id":73805,"n":"Biscuit fourré cacao Eco+ x12 - 225g","p":0.93,"u":"4,13 €/KG","img":"https://fd6-photos.leclercdrive.fr/image.ashx?id=2834223&use=l&cat=p&typeid=i","cat":284488},{"id":73806,"n":"Eau de javel Eco+ 3x250ml","p":0.48,"u":"0,64 €/L","img":"https://fd6-photos.leclercdrive.fr/image.ashx?id=1320355&use=l&cat=p&typeid=i","cat":284661},{"id":73840,"n":"Mascarpone Galbani 41.5%mg - 250g +20% offert","p":2.73,"u":"9,10 €/KG","img":"https://fd6-photos.leclercdrive.fr/image.ashx?id=2245334&use=l&cat=p&typeid=i","cat":314026},{"id":74047,"n":"Parmentier de porc Eco+ 1kg","p":2.6,"u":"2,60 €/KG","img":"https://fd6-photos.leclercdrive.fr/image.ashx?id=2774885&use=l&cat=p&typeid=i","cat":284254},{"id":74048,"n":"Lasagnes à la bolognaise Eco + 1kg","p":2.53,"u":"2,53 €/KG","img":"https://fd6-photos.leclercdrive.fr/image.ashx?id=2779166&use=l&cat=p&typeid=i","cat":284254},{"id":74089,"n":"Batonnets Poissons panés Eco+ x15 - 450g","p":1.64,"u":"3,64 €/KG","img":"https://fd6-photos.leclercdrive.fr/image.ashx?id=2843565&use=l&cat=p&typeid=i","cat":319788},{"id":74090,"n":"Nectar Multifruits Eco+ Brique - 2L","p":1.38,"u":"0,69 €/L","img":"https://fd6-photos.leclercdrive.fr/image.ashx?id=2751853&use=l&cat=p&typeid=i","cat":284917},{"id":74091,"n":"Mozzarella Eco+ 18%mg - 125g","p":0.76,"u":"6,08 €/KG","img":"https://fd6-photos.leclercdrive.fr/image.ashx?id=2754868&use=l&cat=p&typeid=i","cat":314026},{"id":74094,"n":"Paella Eco+ Sachet - 1kg","p":3.59,"u":"3,59 €/KG","img":"https://fd6-photos.leclercdrive.fr/image.ashx?id=2801771&use=l&cat=p&typeid=i","cat":284254},{"id":74101,"n":"Saucisson sec Eco+ 200g","p":1.73,"u":"8,65 €/KG","img":"https://fd6-photos.leclercdrive.fr/image.ashx?id=2859146&use=l&cat=p&typeid=i","cat":316006},{"id":74103,"n":"Saucisse sèche Eco+ Courbé - 300g","p":3.07,"u":"10,23 €/KG","img":"https://fd6-photos.leclercdrive.fr/image.ashx?id=2437974&use=l&cat=p&typeid=i","cat":316006},{"id":74105,"n":"Pur jus d'orange Eco  1.5L","p":2.46,"u":"1,64 €/L","img":"https://fd6-photos.leclercdrive.fr/image.ashx?id=2720136&use=l&cat=p&typeid=i","cat":284521},{"id":74108,"n":"Ovale Double crème Eco+ 300g","p":2.14,"u":"7,13 €/KG","img":"https://fd6-photos.leclercdrive.fr/image.ashx?id=2655271&use=l&cat=p&typeid=i","cat":314033},{"id":74110,"n":"Chorizo doux Eco+ 250g","p":1.66,"u":"6,64 €/KG","img":"https://fd6-photos.leclercdrive.fr/image.ashx?id=2849566&use=l&cat=p&typeid=i","cat":316006},{"id":74112,"n":"Pommes frites Eco+ 1kg","p":1.71,"u":"1,71 €/KG","img":"https://fd6-photos.leclercdrive.fr/image.ashx?id=2958302&use=l&cat=p&typeid=i","cat":319791},{"id":74115,"n":"Petit Brie Eco+ 32%mg - 500g","p":3.39,"u":"6,78 €/KG","img":"https://fd6-photos.leclercdrive.fr/image.ashx?id=2938403&use=l&cat=p&typeid=i","cat":314033},{"id":74116,"n":"Bière blonde de luxe 4% - 50cl","p":0.57,"u":"1,14 €/L","img":"https://fd6-photos.leclercdrive.fr/image.ashx?id=2955599&use=l&cat=p&typeid=i","cat":334853},{"id":74123,"n":"Citron jaune Rustica 200ml","p":0.79,"u":"3,95 €/L","img":"https://fd6-photos.leclercdrive.fr/image.ashx?id=2627652&use=l&cat=p&typeid=i","cat":288383},{"id":74133,"n":"Bâtonnets de Surimi Pêche Océan MSC - x18 bâtonnets - 300g","p":2.05,"u":"6,83 €/KG","img":"https://fd6-photos.leclercdrive.fr/image.ashx?id=2981894&use=l&cat=p&typeid=i","cat":285189},{"id":74354,"n":"Brosse à dents Elmex Sensitive Souple - x1","p":2.39,"img":"https://fd6-photos.leclercdrive.fr/image.ashx?id=2099486&use=l&cat=p&typeid=i","cat":284614},{"id":74381,"n":"Mousse de canard Madrange Au porto - 180g","p":1.83,"u":"10,17 €/KG","img":"https://fd6-photos.leclercdrive.fr/image.ashx?id=2865704&use=l&cat=p&typeid=i","cat":316008},{"id":74609,"n":"La Fermière Riz au lait Vanille  - 2x160g","p":2.58,"u":"16,13 €/KG","img":"https://fd6-photos.leclercdrive.fr/image.ashx?id=2389713&use=l&cat=p&typeid=i","cat":284418},{"id":74656,"n":"Croquettes chien Purina One Medium adulte poulet riz  2.5kg","p":8.82,"u":"3,53 €/KG","img":"https://fd6-photos.leclercdrive.fr/image.ashx?id=2878384&use=l&cat=p&typeid=i","cat":284672},{"id":74857,"n":"Gateaux P'tit Déli Tout chocolat x7 - 210g","p":2.2,"u":"10,48 €/KG","img":"https://fd6-photos.leclercdrive.fr/image.ashx?id=1947372&use=l&cat=p&typeid=i","cat":294776},{"id":74860,"n":"Champignons Notre Jardin A la grecque - 400g","p":1.58,"u":"3,95 €/KG","img":"https://fd6-photos.leclercdrive.fr/image.ashx?id=2531101&use=l&cat=p&typeid=i","cat":312610},{"id":75017,"n":"Maquereaux Pêche Océan Grillé nature - 97g","p":1.81,"u":"18,66 €/KG","img":"https://fd6-photos.leclercdrive.fr/image.ashx?id=2394681&use=l&cat=p&typeid=i","cat":303868},{"id":75152,"n":"AOC Crémant de Bourgogne brut Couvent des Visitandines - 75cl","p":8.7,"pp":6.09,"u":"8,12 €/L","img":"https://fd6-photos.leclercdrive.fr/image.ashx?id=2553599&use=l&cat=p&typeid=i","cat":284544},{"id":75229,"n":"Bière blonde Kronenbourg 20x25cl","p":10.2,"u":"2,04 €/L","img":"https://fd6-photos.leclercdrive.fr/image.ashx?id=2996515&use=l&cat=p&typeid=i","cat":334873},{"id":75337,"n":"Café en grains Méo L'original Bio - 500g","p":8.38,"u":"16,76 €/KG","img":"https://fd6-photos.leclercdrive.fr/image.ashx?id=2798533&use=l&cat=p&typeid=i","cat":293237},{"id":75357,"n":"Jus multifruits Jafaden Matin Fruité - 1L","p":2.09,"u":"2,09 €/L","img":"https://fd6-photos.leclercdrive.fr/image.ashx?id=2916713&use=l&cat=p&typeid=i","cat":285435},{"id":75421,"n":"Avoine cuisiné bio Bjorg 200ml","p":1.39,"u":"6,95 €/L","img":"https://fd6-photos.leclercdrive.fr/image.ashx?id=2757292&use=l&cat=p&typeid=i","cat":288383},{"id":75426,"n":"Tofu fumé bio Bjorg - 2x100g","p":3.2,"u":"16,00 €/KG","img":"https://fd6-photos.leclercdrive.fr/image.ashx?id=2928531&use=l&cat=p&typeid=i","cat":284953},{"id":75539,"n":"Saucisse cockail Tradilege Bacon - 300g","p":2.82,"u":"9,40 €/KG","img":"https://fd6-photos.leclercdrive.fr/image.ashx?id=2930784&use=l&cat=p&typeid=i","cat":316012},{"id":75573,"n":"Mousse aux cèpes Madrange 180g","p":1.34,"u":"7,44 €/KG","img":"https://fd6-photos.leclercdrive.fr/image.ashx?id=3008209&use=l&cat=p&typeid=i","cat":316008},{"id":75575,"n":"Mousse canard Madrange Porto - 2x50g","p":1.4,"u":"14,00 €/KG","img":"https://fd6-photos.leclercdrive.fr/image.ashx?id=2885989&use=l&cat=p&typeid=i","cat":316008},{"id":75593,"n":"Ail blanc bio Bio Village 250g","p":3.79,"u":"15,16 €/KG","img":"https://fd6-photos.leclercdrive.fr/image.ashx?id=2922457&use=l&cat=p&typeid=i","cat":284352},{"id":75603,"n":"Effilés poissons Plénina Chat adulte - 4x85g","p":1.69,"u":"4,97 €/KG","img":"https://fd6-photos.leclercdrive.fr/image.ashx?id=2361119&use=l&cat=p&typeid=i","cat":285286},{"id":75604,"n":"Effilés viandes Plénima  Chat adulte - 4x85g","p":1.56,"u":"4,59 €/KG","img":"https://fd6-photos.leclercdrive.fr/image.ashx?id=2361122&use=l&cat=p&typeid=i","cat":285286},{"id":75605,"n":"Effilés chat adulte Plénima Viandes, Poissons - 12x85g","p":4.84,"u":"4,75 €/KG","img":"https://fd6-photos.leclercdrive.fr/image.ashx?id=2361125&use=l&cat=p&typeid=i","cat":285286},{"id":75629,"n":"Liégeois chocolat Bio Bio village - 4x100g","p":1.84,"u":"4,60 €/KG","img":"https://fd6-photos.leclercdrive.fr/image.ashx?id=2992639&use=l&cat=p&typeid=i","cat":285042},{"id":75630,"n":"Liégéois Bio Bio Village Café - 4x100g","p":1.89,"u":"4,73 €/KG","img":"https://fd6-photos.leclercdrive.fr/image.ashx?id=2992642&use=l&cat=p&typeid=i","cat":285042},{"id":75986,"n":"Pizza Feu de bois Bio Village Bio Margharita - 350g","p":3.29,"u":"9,40 €/KG","img":"https://fd6-photos.leclercdrive.fr/image.ashx?id=1911816&use=l&cat=p&typeid=i","cat":284256},{"id":75988,"n":"Fromage blanc lait Bio Village Bio Brebis - 400g","p":2.49,"u":"6,23 €/KG","img":"https://fd6-photos.leclercdrive.fr/image.ashx?id=2839953&use=l&cat=p&typeid=i","cat":314998},{"id":76011,"n":"Chocolat noir Lindt Création Le Rocher noir - 150g","p":3.11,"u":"20,73 €/KG","img":"https://fd6-photos.leclercdrive.fr/image.ashx?id=2685808&use=l&cat=p&typeid=i","cat":284956},{"id":76015,"n":"Biscuit Speculoos Lotus Biscoff Original - 250g (2x125g)","p":1.64,"u":"6,56 €/KG","img":"https://fd6-photos.leclercdrive.fr/image.ashx?id=2854735&use=l&cat=p&typeid=i","cat":284487},{"id":76018,"n":"Biscuit spéculoos Lotus  Biscoff Original 140g","p":1.07,"u":"7,64 €/KG","img":"https://fd6-photos.leclercdrive.fr/image.ashx?id=2696079&use=l&cat=p&typeid=i","cat":284487},{"id":76024,"n":"Pain de mie seigle Epi d'Or 800g","p":2.6,"u":"3,25 €/KG","img":"https://fd6-photos.leclercdrive.fr/image.ashx?id=2994818&use=l&cat=p&typeid=i","cat":284477},{"id":76025,"n":"Cookies chocolat Eco+ Pépites de chocolat - 200g","p":0.97,"u":"4,85 €/KG","img":"https://fd6-photos.leclercdrive.fr/image.ashx?id=2821872&use=l&cat=p&typeid=i","cat":325066},{"id":76026,"n":"Biscuit tablette Eco+ Chocolat noir - 150g","p":1.07,"u":"7,13 €/KG","img":"https://fd6-photos.leclercdrive.fr/image.ashx?id=2698135&use=l&cat=p&typeid=i","cat":284488},{"id":76029,"n":"Gateaux fourrage Eco+ Fraise - x14 - 420g","p":2.45,"u":"5,83 €/KG","img":"https://fd6-photos.leclercdrive.fr/image.ashx?id=2970435&use=l&cat=p&typeid=i","cat":284495},{"id":76119,"n":"Secret de mousse La Laitière Chocolat au lait - 4x59g","p":1.47,"u":"6,23 €/KG","img":"https://fd6-photos.leclercdrive.fr/image.ashx?id=2729740&use=l&cat=p&typeid=i","cat":284417},{"id":76120,"n":"Secret de mousse la Laitière Chocolat noir - 4x59g","p":1.43,"u":"6,06 €/KG","img":"https://fd6-photos.leclercdrive.fr/image.ashx?id=2616835&use=l&cat=p&typeid=i","cat":284417},{"id":76211,"n":"L'ours d'or Haribo Sachet bonbons - 300g","p":1.88,"u":"6,27 €/KG","img":"https://fd6-photos.leclercdrive.fr/image.ashx?id=2805201&use=l&cat=p&typeid=i","cat":304250},{"id":76212,"n":"Tutti Candi Haribo Sachet bonbons - 250g","p":2.03,"u":"8,12 €/KG","img":"https://fd6-photos.leclercdrive.fr/image.ashx?id=2984910&use=l&cat=p&typeid=i","cat":304250},{"id":76219,"n":"Cannelloni Côté Table 800g","p":2.99,"u":"3,74 €/KG","img":"https://fd6-photos.leclercdrive.fr/image.ashx?id=2977897&use=l&cat=p&typeid=i","cat":284442},{"id":76220,"n":"Raviolis Côté Table Aux 6 légumes - 800g","p":2.29,"u":"2,86 €/KG","img":"https://fd6-photos.leclercdrive.fr/image.ashx?id=2977903&use=l&cat=p&typeid=i","cat":284442},{"id":76221,"n":"Pur jus Bio Village Bio Citron Sicile - 25cl","p":1.32,"u":"5,28 €/L","img":"https://fd6-photos.leclercdrive.fr/image.ashx?id=3010446&use=l&cat=p&typeid=i","cat":288383},{"id":76224,"n":"Maoam Stripes Haribo Sachet bonbons - 250g","p":2.07,"u":"8,28 €/KG","img":"https://fd6-photos.leclercdrive.fr/image.ashx?id=2953561&use=l&cat=p&typeid=i","cat":304250},{"id":76272,"n":"Lasagnes bolognaises Côté Table Viande de boeuf français - 600g","p":2.99,"u":"4,98 €/KG","img":"https://fd6-photos.leclercdrive.fr/image.ashx?id=2597324&use=l&cat=p&typeid=i","cat":284254},{"id":76360,"n":"Soda Schweppes Indian Tonic - 1L","p":1.69,"u":"1,69 €/L","img":"https://fd6-photos.leclercdrive.fr/image.ashx?id=2852399&use=l&cat=p&typeid=i","cat":284531},{"id":76454,"n":"Dos de Colin d'Alaska Findus MSC - x6 - 660g","p":8.05,"u":"12,20 €/KG","img":"https://fd6-photos.leclercdrive.fr/image.ashx?id=2735341&use=l&cat=p&typeid=i","cat":319786},{"id":76501,"n":"Chips Tortilla Old El Paso Nachips - 185g","p":2.33,"u":"12,59 €/KG","img":"https://fd6-photos.leclercdrive.fr/image.ashx?id=2444519&use=l&cat=p&typeid=i","cat":288993},{"id":76515,"n":"AOP Petit-Chablis blanc Union Vignerons - 75 cl","p":9.99,"u":"13,32 €/L","img":"https://fd6-photos.leclercdrive.fr/image.ashx?id=2417884&use=l&cat=p&typeid=i","cat":289557},{"id":76599,"n":"Lait UHT C'est Qui Le Patron Demi-écrémé - Brique 6x1L","p":7.44,"u":"1,24 €/L","img":"https://fd6-photos.leclercdrive.fr/image.ashx?id=2763274&use=l&cat=p&typeid=i","cat":284377},{"id":76604,"n":"Nem au Poulet 4x65g","p":3.41,"u":"13,12 €/KG","img":"https://fd6-photos.leclercdrive.fr/image.ashx?id=2870548&use=l&cat=p&typeid=i","cat":333673},{"id":76687,"n":"Citronnade pétillante Pulco Citron - 1L","p":2.04,"u":"2,04 €/L","img":"https://fd6-photos.leclercdrive.fr/image.ashx?id=2850482&use=l&cat=p&typeid=i","cat":284532},{"id":76731,"n":"Sachet mini burger Trolli 100g","p":2.38,"u":"23,80 €/KG","img":"https://fd6-photos.leclercdrive.fr/image.ashx?id=2651179&use=l&cat=p&typeid=i","cat":304250},{"id":76732,"n":"Yaourt allégé Sveltesse  Chocolat - 4x125g","p":1.55,"u":"3,10 €/KG","img":"https://fd6-photos.leclercdrive.fr/image.ashx?id=2571020&use=l&cat=p&typeid=i","cat":315000},{"id":76775,"n":"Savon Liquide Savon Le Naturel Fleur d'Oranger - 500ml","p":2.45,"u":"4,90 €/L","img":"https://fd6-photos.leclercdrive.fr/image.ashx?id=2340990&use=l&cat=p&typeid=i","cat":284597},{"id":76776,"n":"Eau de toilette Daniel Hechter  Homme Caractère - 50ml","p":14.29,"pp":10.0,"u":"200,00 €/L","img":"https://fd6-photos.leclercdrive.fr/image.ashx?id=2526953&use=l&cat=p&typeid=i","cat":287740},{"id":76783,"n":"Eau de Toilette Femme Eau Jeune Echappée Belle - 75ml","p":6.87,"pp":4.81,"u":"64,13 €/L","img":"https://fd6-photos.leclercdrive.fr/image.ashx?id=2458745&use=l&cat=p&typeid=i","cat":291525},{"id":76802,"n":"Biscuits cacao Kinder Cards Au lait et au cacao x5 - 128g","p":1.9,"u":"14,84 €/KG","img":"https://fd6-photos.leclercdrive.fr/image.ashx?id=2673328&use=l&cat=p&typeid=i","cat":284488},{"id":76859,"n":"Pâté de boeuf pour chat Eco+ Barquette - 100g","p":0.24,"u":"2,40 €/KG","img":"https://fd6-photos.leclercdrive.fr/image.ashx?id=2052724&use=l&cat=p&typeid=i","cat":285286},{"id":76861,"n":"Pâté au poisson pour chat Eco+ Barquette - 100g","p":0.24,"u":"2,40 €/KG","img":"https://fd6-photos.leclercdrive.fr/image.ashx?id=2982794&use=l&cat=p&typeid=i","cat":285286},{"id":76863,"n":"Snacks chats Plénima Poisson - 50g","p":1.19,"u":"23,80 €/KG","img":"https://fd6-photos.leclercdrive.fr/image.ashx?id=2858998&use=l&cat=p&typeid=i","cat":285285},{"id":76864,"n":"Gelée Bonne Maman Mûres - 370g","p":2.72,"u":"7,35 €/KG","img":"https://fd6-photos.leclercdrive.fr/image.ashx?id=2476305&use=l&cat=p&typeid=i","cat":284480},{"id":76869,"n":"Compote bio Bio Village Gourdes multivariétés - 12x90g","p":6.29,"u":"5,82 €/KG","img":"https://fd6-photos.leclercdrive.fr/image.ashx?id=1974308&use=l&cat=p&typeid=i","cat":284508},{"id":76870,"n":"Sachet fraîcheur chien Pedigree  Mixte en gelée - 12x100g","p":5.55,"u":"4,63 €/KG","img":"https://fd6-photos.leclercdrive.fr/image.ashx?id=2870239&use=l&cat=p&typeid=i","cat":284673},{"id":76875,"n":"Confiture Bonne Maman Fraise intense - 335g","p":1.97,"u":"5,88 €/KG","img":"https://fd6-photos.leclercdrive.fr/image.ashx?id=2341008&use=l&cat=p&typeid=i","cat":284480},{"id":76876,"n":"Confiture Bonne Maman Abricot intense - 335g","p":2.09,"u":"6,24 €/KG","img":"https://fd6-photos.leclercdrive.fr/image.ashx?id=2341011&use=l&cat=p&typeid=i","cat":284480},{"id":76877,"n":"Confiture Bonne Maman Framboise intense - 335g","p":2.67,"u":"7,97 €/KG","img":"https://fd6-photos.leclercdrive.fr/image.ashx?id=2341017&use=l&cat=p&typeid=i","cat":284480},{"id":76878,"n":"Confiture Bonne Maman Fruits rouges intense - 335g","p":2.21,"u":"6,60 €/KG","img":"https://fd6-photos.leclercdrive.fr/image.ashx?id=2900977&use=l&cat=p&typeid=i","cat":284480},{"id":76880,"n":"Confiture Bonne Maman Myrtille intense - 335g","p":2.7,"u":"8,06 €/KG","img":"https://fd6-photos.leclercdrive.fr/image.ashx?id=2341020&use=l&cat=p&typeid=i","cat":284480},{"id":76882,"n":"Sachet chat stérilisé Perfect Fit poulet boeuf sauce - 4x85g","p":2.75,"u":"8,09 €/KG","img":"https://fd6-photos.leclercdrive.fr/image.ashx?id=2759721&use=l&cat=p&typeid=i","cat":285286},{"id":76883,"n":"Sachet chat stérilisé Perfect Fit poissons sauce - 4x85g","p":2.8,"u":"8,24 €/KG","img":"https://fd6-photos.leclercdrive.fr/image.ashx?id=2759724&use=l&cat=p&typeid=i","cat":285286},{"id":76886,"n":"Sachet chat stérilisé Perfect  Fit poulet saumon sauce - 4x85g","p":2.7,"u":"7,94 €/KG","img":"https://fd6-photos.leclercdrive.fr/image.ashx?id=2759727&use=l&cat=p&typeid=i","cat":285286},{"id":76887,"n":"Friandises chien Pedigree  Récompense poulet canard - 130g","p":1.75,"u":"13,46 €/KG","img":"https://fd6-photos.leclercdrive.fr/image.ashx?id=2985555&use=l&cat=p&typeid=i","cat":294527},{"id":76888,"n":"Compotes Pom'Potes Gourdes  Multivariétés - 12x90g","p":4.96,"u":"4,59 €/KG","img":"https://fd6-photos.leclercdrive.fr/image.ashx?id=2986143&use=l&cat=p&typeid=i","cat":284508},{"id":76889,"n":"Compotes Pom'Potes Gourdes  Pomme Nature - 20x90g","p":7.44,"u":"4,13 €/KG","img":"https://fd6-photos.leclercdrive.fr/image.ashx?id=2889220&use=l&cat=p&typeid=i","cat":284508},{"id":76999,"n":"Vinaigre de vin rouge Maille 50cl","p":2.57,"u":"5,14 €/L","img":"https://fd6-photos.leclercdrive.fr/image.ashx?id=2812747&use=l&cat=p&typeid=i","cat":298543},{"id":77008,"n":"Petits pains grillés Epi d'Or Briochés - 225g","p":1.45,"u":"6,44 €/KG","img":"https://fd6-photos.leclercdrive.fr/image.ashx?id=2496416&use=l&cat=p&typeid=i","cat":284479},{"id":77010,"n":"Lait concentré sucré Nestlé 8% MG - 397g","p":1.66,"u":"4,18 €/KG","img":"https://fd6-photos.leclercdrive.fr/image.ashx?id=2906832&use=l&cat=p&typeid=i","cat":299162},{"id":77017,"n":"Vinaigrette Maille Huile sésame/soja - 36cl","p":2.91,"u":"8,08 €/L","img":"https://fd6-photos.leclercdrive.fr/image.ashx?id=2985657&use=l&cat=p&typeid=i","cat":284456},{"id":77289,"n":"Friandises chats  Félix Poulet, foie, dinde  - 200g","p":2.32,"u":"11,60 €/KG","img":"https://fd6-photos.leclercdrive.fr/image.ashx?id=2740859&use=l&cat=p&typeid=i","cat":285285},{"id":77290,"n":"Friandises chats Félix Saveur ocean Saumon,truite 200g","p":2.43,"u":"12,15 €/KG","img":"https://fd6-photos.leclercdrive.fr/image.ashx?id=2940465&use=l&cat=p&typeid=i","cat":285285},{"id":77359,"n":"Ravioli pur boeuf Côté Table Sauce italienne - 800g","p":2.19,"u":"2,74 €/KG","img":"https://fd6-photos.leclercdrive.fr/image.ashx?id=3015102&use=l&cat=p&typeid=i","cat":284442},{"id":77360,"n":"Ravioli bolognaise Côté Table 800g","p":2.89,"u":"3,61 €/KG","img":"https://fd6-photos.leclercdrive.fr/image.ashx?id=3015099&use=l&cat=p&typeid=i","cat":284442},{"id":77382,"n":"Filets maqueraux Pêche Océan Vin blanc citron romarin - 176g","p":1.85,"u":"10,51 €/KG","img":"https://fd6-photos.leclercdrive.fr/image.ashx?id=2436681&use=l&cat=p&typeid=i","cat":303868},{"id":77465,"n":"Fromages râpé spécial Pizza Les Croisés familial - 350g","p":4.29,"u":"12,26 €/KG","img":"https://fd6-photos.leclercdrive.fr/image.ashx?id=2942795&use=l&cat=p&typeid=i","cat":314035},{"id":77557,"n":"Rhum blanc Charrette  40%vol - 2L","p":26.25,"pp":20.25,"u":"10,12 €/L","img":"https://fd6-photos.leclercdrive.fr/image.ashx?id=2811491&use=l&cat=p&typeid=i","cat":284550},{"id":77562,"n":"AOC Champagne de Cazanove Réserve brut - 75cl","p":18.9,"u":"25,20 €/L","img":"https://fd6-photos.leclercdrive.fr/image.ashx?id=2106814&use=l&cat=p&typeid=i","cat":284542},{"id":77681,"n":"Amandes décortiquées Vahiné 125g","p":3.9,"u":"31,20 €/KG","img":"https://fd6-photos.leclercdrive.fr/image.ashx?id=2559805&use=l&cat=p&typeid=i","cat":284504},{"id":77682,"n":"Décors à poser smiley Vahiné 1 pièce","p":2.74,"img":"https://fd6-photos.leclercdrive.fr/image.ashx?id=1723343&use=l&cat=p&typeid=i","cat":284504},{"id":77683,"n":"Gousses vanille Vahiné x2","p":6.63,"u":"3,32 €/P","img":"https://fd6-photos.leclercdrive.fr/image.ashx?id=2524317&use=l&cat=p&typeid=i","cat":284504},{"id":77727,"n":"Pain Bagel La Boulangère x2 - 180g","p":1.34,"u":"7,44 €/KG","img":"https://fd6-photos.leclercdrive.fr/image.ashx?id=2333959&use=l&cat=p&typeid=i","cat":284985},{"id":77734,"n":"Pains au chocolat Fournée Dorée Beurre frais x8 - 360g","p":2.9,"u":"8,06 €/KG","img":"https://fd6-photos.leclercdrive.fr/image.ashx?id=2950354&use=l&cat=p&typeid=i","cat":296366},{"id":77739,"n":"Crème sans rinçage Elsève Cheveu Abimé, Cassant - 200ml","p":5.22,"u":"26,10 €/L","img":"https://fd6-photos.leclercdrive.fr/image.ashx?id=2948980&use=l&cat=p&typeid=i","cat":284608},{"id":77754,"n":"Pain grillé Pelletier Goût brioche - 500g","p":3.48,"u":"6,96 €/KG","img":"https://fd6-photos.leclercdrive.fr/image.ashx?id=3002246&use=l&cat=p&typeid=i","cat":284479},{"id":77755,"n":"Vinaigrette Légère MAILLE Vin Rouge & Echalotes - 36cl","p":2.45,"u":"6,81 €/L","img":"https://fd6-photos.leclercdrive.fr/image.ashx?id=2788154&use=l&cat=p&typeid=i","cat":284456},{"id":77855,"n":"Huile à barbe L'Oréal Paris Men Expert bois de cèdre - 30ml","p":8.51,"u":"283,67 €/L","img":"https://fd6-photos.leclercdrive.fr/image.ashx?id=3008770&use=l&cat=p&typeid=i","cat":284622},{"id":77877,"n":"Fromage Holland Master  Gouda Vieux AOP - 200g","p":3.72,"u":"18,60 €/KG","img":"https://fd6-photos.leclercdrive.fr/image.ashx?id=1975748&use=l&cat=p&typeid=i","cat":314034},{"id":77882,"n":"Houmous L'Atelier Blini Extra au citron - 175g","p":2.87,"u":"16,40 €/KG","img":"https://fd6-photos.leclercdrive.fr/image.ashx?id=2868984&use=l&cat=p&typeid=i","cat":315999},{"id":77885,"n":"Eau de bleuets Christian Lenart 200ml","p":3.8,"u":"19,00 €/L","img":"https://fd6-photos.leclercdrive.fr/image.ashx?id=2324807&use=l&cat=p&typeid=i","cat":325345},{"id":77946,"n":"Soin visage L'Oréal Paris Revitalift anti-âge - 50ml","p":14.01,"u":"280,20 €/L","img":"https://fd6-photos.leclercdrive.fr/image.ashx?id=2867527&use=l&cat=p&typeid=i","cat":325345},{"id":77950,"n":"Yaourt Délisse Déli'max Fraise banane - 850g","p":1.45,"u":"1,71 €/KG","img":"https://fd6-photos.leclercdrive.fr/image.ashx?id=2775893&use=l&cat=p&typeid=i","cat":284415},{"id":77960,"n":"Viande bovine Steack*** Charolais - 140g","p":4.19,"u":"29,93 €/KG","img":"https://fd6-photos.leclercdrive.fr/image.ashx?id=2494259&use=l&cat=p&typeid=i","cat":284328},{"id":77976,"n":"Beurre Grand Fermage Doux - 82% MG - 250g","p":2.64,"u":"10,56 €/KG","img":"https://fd6-photos.leclercdrive.fr/image.ashx?id=2985207&use=l&cat=p&typeid=i","cat":284379},{"id":77986,"n":"Houmous Blini 200g","p":2.12,"u":"10,60 €/KG","img":"https://fd6-photos.leclercdrive.fr/image.ashx?id=2487716&use=l&cat=p&typeid=i","cat":315999},{"id":77989,"n":"Sauce au citron Labeyrie Pour saumon fumé - 100g","p":1.2,"u":"12,00 €/KG","img":"https://fd6-photos.leclercdrive.fr/image.ashx?id=2299133&use=l&cat=p&typeid=i","cat":315999},{"id":77998,"n":"Yaourt Mini max Délisse Framboise - 8x100g","p":2.26,"u":"2,83 €/KG","img":"https://fd6-photos.leclercdrive.fr/image.ashx?id=2762507&use=l&cat=p&typeid=i","cat":284415},{"id":78005,"n":"Feta AOP Casa Azzurra Portion - 150g","p":3.08,"u":"20,53 €/KG","img":"https://fd6-photos.leclercdrive.fr/image.ashx?id=1620610&use=l&cat=p&typeid=i","cat":314026},{"id":78057,"n":"Pain de mie nature Sans gluten - 300g","p":2.36,"u":"7,87 €/KG","img":"https://fd6-photos.leclercdrive.fr/image.ashx?id=2710828&use=l&cat=p&typeid=i","cat":284477},{"id":78060,"n":"Spaghetti Chaque Jour  Sans gluten - 400g","p":1.6,"u":"4,00 €/KG","img":"https://fd6-photos.leclercdrive.fr/image.ashx?id=2872712&use=l&cat=p&typeid=i","cat":284427},{"id":78071,"n":"Café moulu L'Or Doux 100% Arabica - 2x250g","p":9.09,"u":"18,18 €/KG","img":"https://fd6-photos.leclercdrive.fr/image.ashx?id=1876661&use=l&cat=p&typeid=i","cat":284750},{"id":78092,"n":"Purée de brocolis Florette 2x200g","p":3.1,"u":"7,75 €/KG","img":"https://fd6-photos.leclercdrive.fr/image.ashx?id=2790009&use=l&cat=p&typeid=i","cat":333665},{"id":78098,"n":"Sauce Épicée TABASCO Piment Rouge - 60ml","p":2.49,"u":"41,50 €/L","img":"https://fd6-photos.leclercdrive.fr/image.ashx?id=2961317&use=l&cat=p&typeid=i","cat":298298},{"id":78105,"n":"Capsules café L'Or Espresso Splendente N°7 x10","p":3.09,"u":"59,42 €/KG","img":"https://fd6-photos.leclercdrive.fr/image.ashx?id=3000465&use=l&cat=p&typeid=i","cat":284749},{"id":78107,"n":"Capsules café L'Or Espresso Decaffeinato N°6 x10","p":3.16,"u":"60,77 €/KG","img":"https://fd6-photos.leclercdrive.fr/image.ashx?id=2100275&use=l&cat=p&typeid=i","cat":284749},{"id":78108,"n":"Capsules café L'Or Espresso Or Absolu N°9 x10","p":3.64,"u":"70,00 €/KG","img":"https://fd6-photos.leclercdrive.fr/image.ashx?id=2100287&use=l&cat=p&typeid=i","cat":284749},{"id":78131,"n":"Penne Chaque Jour  Sans gluten - 400g","p":1.67,"u":"4,18 €/KG","img":"https://fd6-photos.leclercdrive.fr/image.ashx?id=2866247&use=l&cat=p&typeid=i","cat":284427},{"id":78133,"n":"Sablés framboise Bonne Maman 150g","p":1.96,"u":"13,07 €/KG","img":"https://fd6-photos.leclercdrive.fr/image.ashx?id=2936215&use=l&cat=p&typeid=i","cat":284487},{"id":78137,"n":"Coquillettes Chaque Jour  Sans gluten - 400g","p":1.57,"u":"3,93 €/KG","img":"https://fd6-photos.leclercdrive.fr/image.ashx?id=2872715&use=l&cat=p&typeid=i","cat":284427},{"id":78138,"n":"Sablé de Retz Saint Michel Oter Bahlsen - 2x120g","p":1.73,"u":"7,21 €/KG","img":"https://fd6-photos.leclercdrive.fr/image.ashx?id=2935684&use=l&cat=p&typeid=i","cat":284487},{"id":78145,"n":"Purée de pois cassés Florette 2 x 200g","p":2.39,"u":"5,98 €/KG","img":"https://fd6-photos.leclercdrive.fr/image.ashx?id=2767687&use=l&cat=p&typeid=i","cat":333665},{"id":78154,"n":"Fusilli Chaque Jour  Sans gluten - 400g","p":1.75,"u":"4,38 €/KG","img":"https://fd6-photos.leclercdrive.fr/image.ashx?id=2885774&use=l&cat=p&typeid=i","cat":284427},{"id":78160,"n":"Petits cookies Bonne Maman Pépites de chocolat - 250g","p":2.54,"u":"10,16 €/KG","img":"https://fd6-photos.leclercdrive.fr/image.ashx?id=2936170&use=l&cat=p&typeid=i","cat":325066},{"id":78162,"n":"Fondant chocolat Chaque jour sans Gluten - 500g","p":4.63,"u":"9,26 €/KG","img":"https://fd6-photos.leclercdrive.fr/image.ashx?id=2656457&use=l&cat=p&typeid=i","cat":318654},{"id":78176,"n":"Mini cônes Extrême Vanille Chocolat x8 - 312g","p":3.64,"u":"11,67 €/KG","img":"https://fd6-photos.leclercdrive.fr/image.ashx?id=2737030&use=l&cat=p&typeid=i","cat":284264},{"id":78192,"n":"Pizza extrème Marie L'américaine - 530g","p":3.92,"u":"7,40 €/KG","img":"https://fd6-photos.leclercdrive.fr/image.ashx?id=2996767&use=l&cat=p&typeid=i","cat":284256},{"id":78204,"n":"Biscuits Palmito LU 100g","p":0.83,"u":"8,30 €/KG","img":"https://fd6-photos.leclercdrive.fr/image.ashx?id=3001949&use=l&cat=p&typeid=i","cat":284487},{"id":78210,"n":"Biscuits Nutella B-ready 6x22g","p":2.06,"u":"15,61 €/KG","img":"https://fd6-photos.leclercdrive.fr/image.ashx?id=2770602&use=l&cat=p&typeid=i","cat":284488},{"id":78214,"n":"Cookies mini Granola Pépites de chocolat - 160g","p":2.0,"u":"12,50 €/KG","img":"https://fd6-photos.leclercdrive.fr/image.ashx?id=3002252&use=l&cat=p&typeid=i","cat":325066},{"id":78231,"n":"Jus de pomme Andros 1L + 15% offert","p":2.19,"u":"1,90 €/L","img":"https://fd6-photos.leclercdrive.fr/image.ashx?id=2928852&use=l&cat=p&typeid=i","cat":285435},{"id":78269,"n":"Gourde bébé Good Goût Bio 6Mois Petit déj - Fraise - 70g","p":1.28,"u":"18,29 €/KG","img":"https://fd6-photos.leclercdrive.fr/image.ashx?id=2736088&use=l&cat=p&typeid=i","cat":312393},{"id":78276,"n":"Biscuit tout ronds Good Goût Bio - vanille dès 10 mois - 80g","p":3.02,"u":"37,75 €/KG","img":"https://fd6-photos.leclercdrive.fr/image.ashx?id=2736097&use=l&cat=p&typeid=i","cat":312227},{"id":78446,"n":"Olives farcies citron La Ciota  Boîte - 120g","p":1.85,"u":"15,42 €/KG","img":"https://fd6-photos.leclercdrive.fr/image.ashx?id=2296578&use=l&cat=p&typeid=i","cat":284458},{"id":78454,"n":"Biscuits petit déjeuner Belvita Chocolat - 600g","p":3.84,"u":"6,40 €/KG","img":"https://fd6-photos.leclercdrive.fr/image.ashx?id=2345484&use=l&cat=p&typeid=i","cat":284491},{"id":78496,"n":"Boudoirs Brossard x30 - 175g","p":1.93,"u":"11,03 €/KG","img":"https://fd6-photos.leclercdrive.fr/image.ashx?id=2964995&use=l&cat=p&typeid=i","cat":284487},{"id":78543,"n":"Tomates farcies x6 - 1kg","p":9.48,"u":"9,48 €/KG","img":"https://fd6-photos.leclercdrive.fr/image.ashx?id=2301313&use=l&cat=p&typeid=i","cat":333666},{"id":78544,"n":"Ravioli pur boeuf Côté Table  400g","p":1.35,"u":"3,38 €/KG","img":"https://fd6-photos.leclercdrive.fr/image.ashx?id=3014281&use=l&cat=p&typeid=i","cat":284442},{"id":78546,"n":"Ravioli bolognaise Côté Table 400g","p":1.99,"u":"4,98 €/KG","img":"https://fd6-photos.leclercdrive.fr/image.ashx?id=3014275&use=l&cat=p&typeid=i","cat":284442},{"id":78574,"n":"Biscuits Choc'land Magie BN Chocolat au lait - 150g","p":1.88,"u":"12,53 €/KG","img":"https://fd6-photos.leclercdrive.fr/image.ashx?id=1739699&use=l&cat=p&typeid=i","cat":284488},{"id":78577,"n":"Gaufrettes Brun  Chocolat - 146g","p":0.91,"u":"6,23 €/KG","img":"https://fd6-photos.leclercdrive.fr/image.ashx?id=2842543&use=l&cat=p&typeid=i","cat":284487},{"id":78580,"n":"Gaufrettes Brun  Vanille - 146g","p":0.92,"u":"6,30 €/KG","img":"https://fd6-photos.leclercdrive.fr/image.ashx?id=2354320&use=l&cat=p&typeid=i","cat":284487},{"id":78618,"n":"Assiettes en carton Eco+ x100","p":2.97,"img":"https://fd6-photos.leclercdrive.fr/image.ashx?id=1307672&use=l&cat=p&typeid=i","cat":334134},{"id":78625,"n":"4 attaches adéhsives Eco+ Pour rideaux","p":1.29,"u":"0,32 €/P","img":"https://fd6-photos.leclercdrive.fr/image.ashx?id=1308197&use=l&cat=p&typeid=i","cat":335909},{"id":78628,"n":"Serviettes blanches Homeside x30 - 38cmx38cm - 2 plis","p":1.31,"u":"0,04 €/P","img":"https://fd6-photos.leclercdrive.fr/image.ashx?id=1659693&use=l&cat=p&typeid=i","cat":334134},{"id":78634,"n":"Pétrole désaromatisé Mieuxa 1L","p":4.17,"u":"4,17 €/L","img":"https://fd6-photos.leclercdrive.fr/image.ashx?id=2277035&use=l&cat=p&typeid=i","cat":300576},{"id":78714,"n":"Mayonnaise Eco+ Flacon souple - 450g","p":1.23,"u":"2,73 €/KG","img":"https://fd6-photos.leclercdrive.fr/image.ashx?id=2954331&use=l&cat=p&typeid=i","cat":298295},{"id":78715,"n":"Gaufrettes vanille Eco+ 190g","p":0.69,"u":"3,63 €/KG","img":"https://fd6-photos.leclercdrive.fr/image.ashx?id=2760786&use=l&cat=p&typeid=i","cat":284487},{"id":78716,"n":"Gaufrettes chocolat Eco+ 190g","p":0.69,"u":"3,63 €/KG","img":"https://fd6-photos.leclercdrive.fr/image.ashx?id=2843036&use=l&cat=p&typeid=i","cat":284487},{"id":78717,"n":"Brioche tranchée Eco+ Nature - 500g","p":1.19,"u":"2,38 €/KG","img":"https://fd6-photos.leclercdrive.fr/image.ashx?id=2605086&use=l&cat=p&typeid=i","cat":284478},{"id":78719,"n":"Goûter fourré rond Eco+ Vanille - 500g","p":1.43,"u":"2,86 €/KG","img":"https://fd6-photos.leclercdrive.fr/image.ashx?id=2223611&use=l&cat=p&typeid=i","cat":284489},{"id":78722,"n":"Tartelettes à l'abricot Eco+ x12 - 200g","p":0.8,"u":"4,00 €/KG","img":"https://fd6-photos.leclercdrive.fr/image.ashx?id=2869754&use=l&cat=p&typeid=i","cat":284489},{"id":78723,"n":"Petits beurre Eco+ x24 - 175g","p":0.58,"u":"3,31 €/KG","img":"https://fd6-photos.leclercdrive.fr/image.ashx?id=2758782&use=l&cat=p&typeid=i","cat":284487},{"id":78726,"n":"Biscuits petit déjeuner Eco+ x25 - 350g","p":0.74,"u":"2,11 €/KG","img":"https://fd6-photos.leclercdrive.fr/image.ashx?id=2550821&use=l&cat=p&typeid=i","cat":284491},{"id":78732,"n":"Guacamole Old El Paso Doux - 320g","p":2.23,"u":"6,97 €/KG","img":"https://fd6-photos.leclercdrive.fr/image.ashx?id=2737612&use=l&cat=p&typeid=i","cat":288993},{"id":78734,"n":"Boisson gourmande PAGO Red ACE Orange sang carotte ctrn - 75cl","p":1.85,"u":"2,47 €/L","img":"https://fd6-photos.leclercdrive.fr/image.ashx?id=2861234&use=l&cat=p&typeid=i","cat":284915},{"id":78742,"n":"Pain campagnard Schar Aux graines sans gluten - 250g","p":3.68,"u":"14,72 €/KG","img":"https://fd6-photos.leclercdrive.fr/image.ashx?id=2139874&use=l&cat=p&typeid=i","cat":325069},{"id":78744,"n":"Pain de mie Schär - Classic Sans gluten - 300g","p":3.46,"u":"11,53 €/KG","img":"https://fd6-photos.leclercdrive.fr/image.ashx?id=2659418&use=l&cat=p&typeid=i","cat":318654},{"id":78771,"n":"Galette Bonne Maman x12 - 170g","p":1.78,"u":"10,47 €/KG","img":"https://fd6-photos.leclercdrive.fr/image.ashx?id=2935792&use=l&cat=p&typeid=i","cat":284487},{"id":78773,"n":"Tablette de chocolat noir Lindt Noir 78% cacao - 100g","p":2.7,"u":"27,00 €/KG","img":"https://fd6-photos.leclercdrive.fr/image.ashx?id=2689481&use=l&cat=p&typeid=i","cat":284956},{"id":78837,"n":"Fromage blanc Danone Nature 3%MG - 825g","p":3.03,"u":"3,67 €/KG","img":"https://fd6-photos.leclercdrive.fr/image.ashx?id=2813878&use=l&cat=p&typeid=i","cat":284409},{"id":78937,"n":"Knacki végétal Herta x6 - 210g","p":2.4,"u":"11,43 €/KG","img":"https://fd6-photos.leclercdrive.fr/image.ashx?id=2992323&use=l&cat=p&typeid=i","cat":316036},{"id":78953,"n":"Savon solide Bionaïa Abricot bio - 100g","p":1.39,"u":"13,90 €/KG","img":"https://fd6-photos.leclercdrive.fr/image.ashx?id=2331324&use=l&cat=p&typeid=i","cat":284597},{"id":78960,"n":"Mini viennois Côté Snack Poulet - 130g","p":1.45,"u":"11,15 €/KG","img":"https://fd6-photos.leclercdrive.fr/image.ashx?id=2898254&use=l&cat=p&typeid=i","cat":333658},{"id":78965,"n":"Xtrem Box Sodebo Radiatori à la Bolognaise -400g","p":3.25,"u":"8,13 €/KG","img":"https://fd6-photos.leclercdrive.fr/image.ashx?id=2638760&use=l&cat=p&typeid=i","cat":334983},{"id":78982,"n":"Jus de clémentines Andros 1L + 15% offert","p":2.49,"u":"2,17 €/L","img":"https://fd6-photos.leclercdrive.fr/image.ashx?id=2928849&use=l&cat=p&typeid=i","cat":285435},{"id":79010,"n":"Camembert de normandie au lait  cru AOP - 250g","p":3.99,"u":"15,96 €/KG","img":"https://fd6-photos.leclercdrive.fr/image.ashx?id=1626413&use=l&cat=p&typeid=i","cat":314033},{"id":79016,"n":"Galette boulgour Céréal Bio  Bio tomate parmesan x2 200G","p":2.72,"u":"13,60 €/KG","img":"https://fd6-photos.leclercdrive.fr/image.ashx?id=2573519&use=l&cat=p&typeid=i","cat":284953},{"id":79092,"n":"Adoucissant peaux sensibles 40 lavages - 750 ml - UNI VERT","p":1.72,"u":"2,29 €/L","img":"https://fd6-photos.leclercdrive.fr/image.ashx?id=2893334&use=l&cat=p&typeid=i","cat":284650},{"id":79166,"n":"Croissants pur beurre AOP  2p","p":1.2,"u":"0,60 €/P","img":"https://fd6-photos.leclercdrive.fr/image.ashx?id=597456&use=l&cat=p&typeid=i","cat":284984},{"id":79195,"n":"Baguette Le Moelleux Daunat Jambon Oeuf - 230g","p":2.37,"u":"10,30 €/KG","img":"https://fd6-photos.leclercdrive.fr/image.ashx?id=2623226&use=l&cat=p&typeid=i","cat":333658},{"id":79243,"n":"Petit pot bébé bio Blédina 4-6m Patate douce - 2x130g","p":1.91,"u":"7,35 €/KG","img":"https://fd6-photos.leclercdrive.fr/image.ashx?id=2848581&use=l&cat=p&typeid=i","cat":312234},{"id":79319,"n":"Shampooing Bio Sobio Etic Cheveux Doux - 250ml","p":4.09,"u":"16,36 €/L","img":"https://fd6-photos.leclercdrive.fr/image.ashx?id=2787068&use=l&cat=p&typeid=i","cat":284606},{"id":79323,"n":"Shampooing Bio Sobio Etic Cheveux nourris - 250ml","p":4.1,"u":"16,40 €/L","img":"https://fd6-photos.leclercdrive.fr/image.ashx?id=2792681&use=l&cat=p&typeid=i","cat":284606},{"id":79402,"n":"Chorizo espagnol fort x30 - 150g","p":2.19,"u":"14,60 €/KG","img":"https://fd6-photos.leclercdrive.fr/image.ashx?id=1873728&use=l&cat=p&typeid=i","cat":316007},{"id":79404,"n":"P'tit max Délisse Vanille - 6x180g","p":2.08,"u":"1,93 €/KG","img":"https://fd6-photos.leclercdrive.fr/image.ashx?id=2757933&use=l&cat=p&typeid=i","cat":284415},{"id":79406,"n":"P'tit max Délisse Framboise - 6x180g","p":2.08,"u":"1,93 €/KG","img":"https://fd6-photos.leclercdrive.fr/image.ashx?id=2757936&use=l&cat=p&typeid=i","cat":284415},{"id":79517,"n":"Soupe velouté Knorr 9 légumes - 1L","p":1.84,"u":"1,84 €/L","img":"https://fd6-photos.leclercdrive.fr/image.ashx?id=2408273&use=l&cat=p&typeid=i","cat":284462},{"id":79519,"n":"Soupe mouliné Knorr Légumes variés - 1L","p":1.88,"u":"1,88 €/L","img":"https://fd6-photos.leclercdrive.fr/image.ashx?id=2408276&use=l&cat=p&typeid=i","cat":284462},{"id":79528,"n":"Nouilles Tables du Monde Asiatiques Boeuf cup - 61.5g","p":0.75,"u":"12,10 €/KG","img":"https://fd6-photos.leclercdrive.fr/image.ashx?id=2920199&use=l&cat=p&typeid=i","cat":288992},{"id":79529,"n":"Nouille Tables du Monde Asiatique Poulet cup - 61.5g","p":0.75,"u":"12,10 €/KG","img":"https://fd6-photos.leclercdrive.fr/image.ashx?id=2920202&use=l&cat=p&typeid=i","cat":288992},{"id":79532,"n":"Nouilles Table du Monde Asiatiques Curry cup - 61.5g","p":0.79,"u":"12,74 €/KG","img":"https://fd6-photos.leclercdrive.fr/image.ashx?id=2920205&use=l&cat=p&typeid=i","cat":288992},{"id":79534,"n":"Nouilles Tables du Monde Asiatiques crevette cup - 61.5g","p":0.75,"u":"12,10 €/KG","img":"https://fd6-photos.leclercdrive.fr/image.ashx?id=1948586&use=l&cat=p&typeid=i","cat":288992},{"id":79545,"n":"Pâtes Collezione Barilla Tortellini jambon fromage -250g","p":2.74,"u":"10,96 €/KG","img":"https://fd6-photos.leclercdrive.fr/image.ashx?id=2588624&use=l&cat=p&typeid=i","cat":284427},{"id":79552,"n":"Pâtes Barilla Spaghettoni n°7 - 1kg","p":1.93,"u":"1,93 €/KG","img":"https://fd6-photos.leclercdrive.fr/image.ashx?id=2392233&use=l&cat=p&typeid=i","cat":284427},{"id":79556,"n":"Couscous parfumé Tipiak Epice - 510g","p":2.0,"u":"3,92 €/KG","img":"https://fd6-photos.leclercdrive.fr/image.ashx?id=2882866&use=l&cat=p&typeid=i","cat":284429},{"id":79623,"n":"Barre de céréales Nature Valley  Crunchy avoine miel X5-210g","p":2.84,"u":"13,52 €/KG","img":"https://fd6-photos.leclercdrive.fr/image.ashx?id=2844472&use=l&cat=p&typeid=i","cat":285869},{"id":79624,"n":"Barre de céréales Nature Valley Crunchy avoine chocolat x5-210g","p":2.84,"u":"13,52 €/KG","img":"https://fd6-photos.leclercdrive.fr/image.ashx?id=2844475&use=l&cat=p&typeid=i","cat":285869},{"id":79625,"n":"Barre de céréales Nature Valley  Sweet & Salty chocolat x5-150g","p":2.86,"u":"19,07 €/KG","img":"https://fd6-photos.leclercdrive.fr/image.ashx?id=2737714&use=l&cat=p&typeid=i","cat":285869},{"id":79668,"n":"Bouillon cubes Knorr Légumes réduit en sel x12- 109g","p":1.46,"u":"13,39 €/KG","img":"https://fd6-photos.leclercdrive.fr/image.ashx?id=2793068&use=l&cat=p&typeid=i","cat":288379},{"id":79673,"n":"Vernis à ongles Maybelline  oin durcisseur long diamant","p":6.85,"img":"https://fd6-photos.leclercdrive.fr/image.ashx?id=2275775&use=l&cat=p&typeid=i","cat":325347},{"id":79674,"n":"Mascara Maybelline  Colossal Big Shot volume Noir","p":9.12,"img":"https://fd6-photos.leclercdrive.fr/image.ashx?id=2422734&use=l&cat=p&typeid=i","cat":287029},{"id":79870,"n":"Cahier Esquisse Jaune - 24x32cm - 96p","p":1.39,"img":"https://fd6-photos.leclercdrive.fr/image.ashx?id=1703710&use=l&cat=p&typeid=i","cat":284697},{"id":79901,"n":"Top Coat gel express Maybelline Longue Tenue séchage rapide","p":6.9,"img":"https://fd6-photos.leclercdrive.fr/image.ashx?id=2344987&use=l&cat=p&typeid=i","cat":325347},{"id":79904,"n":"Mascara waterproof Maybelline  Volum'Express noir","p":5.96,"img":"https://fd6-photos.leclercdrive.fr/image.ashx?id=2470285&use=l&cat=p&typeid=i","cat":287029},{"id":79909,"n":"Mascara Maybelline  Cils Sensational Intense Noir","p":8.48,"img":"https://fd6-photos.leclercdrive.fr/image.ashx?id=2278154&use=l&cat=p&typeid=i","cat":287029},{"id":79936,"n":"Jambon Tranché Fin Fleury Michon -25% de sel x4 - 120g","p":2.24,"u":"18,67 €/KG","img":"https://fd6-photos.leclercdrive.fr/image.ashx?id=2889295&use=l&cat=p&typeid=i","cat":316009},{"id":79937,"n":"Dés de jambon Fleury Michon -25% de sel - 2x75g","p":2.15,"u":"14,33 €/KG","img":"https://fd6-photos.leclercdrive.fr/image.ashx?id=2645492&use=l&cat=p&typeid=i","cat":316011},{"id":79940,"n":"Bière blonde Grimbergen 6,7° - 50cl canette","p":1.71,"u":"3,42 €/L","img":"https://fd6-photos.leclercdrive.fr/image.ashx?id=2605458&use=l&cat=p&typeid=i","cat":334853},{"id":79960,"n":"Joker Le Fruit Jus de pomme - 1L","p":1.85,"u":"1,85 €/L","img":"https://fd6-photos.leclercdrive.fr/image.ashx?id=2846601&use=l&cat=p&typeid=i","cat":284522},{"id":79961,"n":"Nectar Bio Pressade Multifruits - 1L","p":2.21,"u":"2,21 €/L","img":"https://fd6-photos.leclercdrive.fr/image.ashx?id=2732530&use=l&cat=p&typeid=i","cat":284917},{"id":79971,"n":"Boisson Citronnade Pulco Citron - 1L","p":2.06,"u":"2,06 €/L","img":"https://fd6-photos.leclercdrive.fr/image.ashx?id=2942263&use=l&cat=p&typeid=i","cat":295018},{"id":79972,"n":"Soda rouge Orangina Orange Sanguine - 1,5L","p":2.09,"u":"1,39 €/L","img":"https://fd6-photos.leclercdrive.fr/image.ashx?id=2539833&use=l&cat=p&typeid=i","cat":284532},{"id":79976,"n":"Classeur Esquisse Vert - pour fiches bristol","p":2.5,"img":"https://fd6-photos.leclercdrive.fr/image.ashx?id=1434536&use=l&cat=p&typeid=i","cat":284745},{"id":79977,"n":"Classeur Esquisse noir - pour fiches bristol","p":2.5,"img":"https://fd6-photos.leclercdrive.fr/image.ashx?id=1434539&use=l&cat=p&typeid=i","cat":284745},{"id":80100,"n":"Graine de courge bio Happy Bio 250g","p":5.51,"u":"22,04 €/KG","img":"https://fd6-photos.leclercdrive.fr/image.ashx?id=2970993&use=l&cat=p&typeid=i","cat":323809},{"id":80111,"n":"Gaufres Schar 100g","p":2.74,"u":"27,40 €/KG","img":"https://fd6-photos.leclercdrive.fr/image.ashx?id=2137084&use=l&cat=p&typeid=i","cat":294777},{"id":80128,"n":"Rosette de Lyon Saint-Azay 12 tranches - 100g","p":1.44,"u":"14,40 €/KG","img":"https://fd6-photos.leclercdrive.fr/image.ashx?id=2728264&use=l&cat=p&typeid=i","cat":316007},{"id":80175,"n":"Baguette Tradition  1P","p":0.95,"img":"https://fd6-photos.leclercdrive.fr/image.ashx?id=587690&use=l&cat=p&typeid=i","cat":284359},{"id":80229,"n":"Graines de lin brun Bio Village Bio - 200g","p":1.99,"u":"9,95 €/KG","img":"https://fd6-photos.leclercdrive.fr/image.ashx?id=2699577&use=l&cat=p&typeid=i","cat":284357},{"id":80231,"n":"Graines de courge bio Bio Village - 200g","p":3.09,"u":"15,45 €/KG","img":"https://fd6-photos.leclercdrive.fr/image.ashx?id=2699583&use=l&cat=p&typeid=i","cat":323809},{"id":80232,"n":"Graines Bio Village Bio - tournesol - 200g","p":1.59,"u":"7,95 €/KG","img":"https://fd6-photos.leclercdrive.fr/image.ashx?id=2699580&use=l&cat=p&typeid=i","cat":284357},{"id":80272,"n":"Joker Le Fruit Jus d'orange Sans pulpe - 1L","p":2.46,"u":"2,46 €/L","img":"https://fd6-photos.leclercdrive.fr/image.ashx?id=2846355&use=l&cat=p&typeid=i","cat":284521},{"id":80275,"n":"Joker Pur Jus Engagé Mandarine Orange du matin - 1L","p":2.29,"u":"2,29 €/L","img":"https://fd6-photos.leclercdrive.fr/image.ashx?id=2731183&use=l&cat=p&typeid=i","cat":284521},{"id":80302,"n":"Eau minérale naturelle Volvic 6x1,5L","p":3.04,"u":"0,34 €/L","img":"https://fd6-photos.leclercdrive.fr/image.ashx?id=2730244&use=l&cat=p&typeid=i","cat":284535},{"id":80305,"n":"Boisson aux fruits Oasis Tropical - 12x33cl","p":6.48,"u":"1,64 €/L","img":"https://fd6-photos.leclercdrive.fr/image.ashx?id=2880706&use=l&cat=p&typeid=i","cat":295018},{"id":80306,"n":"Soda Schweppes Saveur Agrumes -12x33cl","p":6.84,"u":"1,73 €/L","img":"https://fd6-photos.leclercdrive.fr/image.ashx?id=2852426&use=l&cat=p&typeid=i","cat":284532},{"id":80308,"n":"Soda Pepsi Cola zéro - 5x1.5L + 1 offerte","p":5.71,"u":"0,63 €/L","img":"https://fd6-photos.leclercdrive.fr/image.ashx?id=2983327&use=l&cat=p&typeid=i","cat":284530},{"id":80346,"n":"yaourt aux fruits bifidus activia cerise - 4x125g","p":1.83,"u":"3,66 €/KG","img":"https://fd6-photos.leclercdrive.fr/image.ashx?id=2885327&use=l&cat=p&typeid=i","cat":315000},{"id":80352,"n":"Cannelloni Côté Table  - 400g","p":2.07,"u":"5,18 €/KG","img":"https://fd6-photos.leclercdrive.fr/image.ashx?id=2977900&use=l&cat=p&typeid=i","cat":284442},{"id":80380,"n":"Tablette De Chocolat Poulain Noir Extra - 200g","p":2.08,"u":"10,40 €/KG","img":"https://fd6-photos.leclercdrive.fr/image.ashx?id=2890262&use=l&cat=p&typeid=i","cat":284956},{"id":80381,"n":"Tablette De Chocolat Poulain Fine & Gourmande: Noir - 100g","p":1.81,"u":"18,10 €/KG","img":"https://fd6-photos.leclercdrive.fr/image.ashx?id=2869618&use=l&cat=p&typeid=i","cat":284956},{"id":80382,"n":"Tablette De Chocolat Poulain Noir Extra - 2x100g","p":2.42,"u":"12,10 €/KG","img":"https://fd6-photos.leclercdrive.fr/image.ashx?id=2867566&use=l&cat=p&typeid=i","cat":284956},{"id":80383,"n":"Tablette KINDER Chocolat Chocolat au Lait x12 - 150g","p":2.06,"u":"13,73 €/KG","img":"https://fd6-photos.leclercdrive.fr/image.ashx?id=1904474&use=l&cat=p&typeid=i","cat":284498},{"id":80385,"n":"Barres Chocolatées KINDER BUENO  Chocolat au Lait x5 - 215g","p":3.73,"u":"17,35 €/KG","img":"https://fd6-photos.leclercdrive.fr/image.ashx?id=2679621&use=l&cat=p&typeid=i","cat":284498},{"id":80386,"n":"Barres KINDER BUENO White  Chocolat Blanc x6 - 234g","p":4.22,"u":"18,03 €/KG","img":"https://fd6-photos.leclercdrive.fr/image.ashx?id=2679639&use=l&cat=p&typeid=i","cat":284498},{"id":80396,"n":"Eau Micellaire visage Nivea Peaux sèches - 400ml","p":3.22,"u":"8,05 €/L","img":"https://fd6-photos.leclercdrive.fr/image.ashx?id=3014599&use=l&cat=p&typeid=i","cat":284603},{"id":80398,"n":"Eau Micellaire visage Nivea Peaux sensibles - 400ml","p":3.07,"u":"7,68 €/L","img":"https://fd6-photos.leclercdrive.fr/image.ashx?id=2800965&use=l&cat=p&typeid=i","cat":284603},{"id":80479,"n":"Bières Blondes Chouffe 6x33cl","p":11.4,"u":"5,76 €/L","img":"https://fd6-photos.leclercdrive.fr/image.ashx?id=2877079&use=l&cat=p&typeid=i","cat":334872},{"id":80553,"n":"Pack de 3 cartouches Brita Filtrantes classic","p":18.61,"u":"6,20 €/P","img":"https://fd6-photos.leclercdrive.fr/image.ashx?id=2433259&use=l&cat=p&typeid=i","cat":334135},{"id":80601,"n":"Mozzarella vache Casa Azzurra Billes - 150g","p":2.05,"u":"13,67 €/KG","img":"https://fd6-photos.leclercdrive.fr/image.ashx?id=2927546&use=l&cat=p&typeid=i","cat":314026},{"id":80630,"n":"Purée de tomates Bio Village Bio  - 72cl","p":1.53,"u":"2,13 €/L","img":"https://fd6-photos.leclercdrive.fr/image.ashx?id=2699589&use=l&cat=p&typeid=i","cat":288384},{"id":80840,"n":"Bouillon Cube Maggi Pot au feu - Dégraissé - 120g","p":1.47,"u":"12,25 €/KG","img":"https://fd6-photos.leclercdrive.fr/image.ashx?id=2212327&use=l&cat=p&typeid=i","cat":288379},{"id":80841,"n":"Bouillon Cube Maggi Volaille - Degraissé - 120g","p":1.47,"u":"12,25 €/KG","img":"https://fd6-photos.leclercdrive.fr/image.ashx?id=2737087&use=l&cat=p&typeid=i","cat":288379},{"id":80842,"n":"Bouillon Cube Maggi Dégraissé - 120g","p":1.47,"u":"12,25 €/KG","img":"https://fd6-photos.leclercdrive.fr/image.ashx?id=2737090&use=l&cat=p&typeid=i","cat":288379},{"id":80927,"n":"Fromage chèvre chaud Soignon Nature - 21% MG - 4x25g","p":1.94,"u":"19,40 €/KG","img":"https://fd6-photos.leclercdrive.fr/image.ashx?id=2844951&use=l&cat=p&typeid=i","cat":314027},{"id":81188,"n":"Flan aromatisé vanille Flanby nappé de caramel - 12x100g","p":2.55,"u":"2,13 €/KG","img":"https://fd6-photos.leclercdrive.fr/image.ashx?id=2744584&use=l&cat=p&typeid=i","cat":284420},{"id":81193,"n":"Compotes Douceur du Verger Pomme Châtaigne - 4x100g","p":1.46,"u":"3,65 €/KG","img":"https://fd6-photos.leclercdrive.fr/image.ashx?id=2389560&use=l&cat=p&typeid=i","cat":284416},{"id":81196,"n":"Flan aromatisé vanille Flanby nappé de caramel - 6x100g","p":1.43,"u":"2,38 €/KG","img":"https://fd6-photos.leclercdrive.fr/image.ashx?id=2483786&use=l&cat=p&typeid=i","cat":284420},{"id":81199,"n":"Yaourt La Laitière  Vanille - 8x125g","p":3.14,"u":"3,14 €/KG","img":"https://fd6-photos.leclercdrive.fr/image.ashx?id=2613981&use=l&cat=p&typeid=i","cat":286006},{"id":81222,"n":"Pizza La pizz Sodebo Chorizo - 470g","p":3.77,"u":"8,02 €/KG","img":"https://fd6-photos.leclercdrive.fr/image.ashx?id=2868389&use=l&cat=p&typeid=i","cat":333679},{"id":81236,"n":"Fromage à tartiner Boursin Ail et fines herbes 10 portions","p":2.15,"u":"13,44 €/KG","img":"https://fd6-photos.leclercdrive.fr/image.ashx?id=2964682&use=l&cat=p&typeid=i","cat":314029},{"id":81243,"n":"Bière blonde Heineken Sans alcool - 12x25cl","p":8.71,"u":"2,90 €/L","img":"https://fd6-photos.leclercdrive.fr/image.ashx?id=2795944&use=l&cat=p&typeid=i","cat":334877},{"id":81246,"n":"Bière blonde Pelforth 12x25cl","p":6.9,"u":"2,30 €/L","img":"https://fd6-photos.leclercdrive.fr/image.ashx?id=2645146&use=l&cat=p&typeid=i","cat":334873},{"id":81250,"n":"Bière blonde Grimbergen 6,7° - 20x25cl","p":14.06,"u":"2,81 €/L","img":"https://fd6-photos.leclercdrive.fr/image.ashx?id=2294791&use=l&cat=p&typeid=i","cat":334852},{"id":81254,"n":"Bière blonde Grimbergen 6,7° - 12x25cl","p":8.66,"u":"2,89 €/L","img":"https://fd6-photos.leclercdrive.fr/image.ashx?id=2872865&use=l&cat=p&typeid=i","cat":334852},{"id":81255,"n":"Blère blonde Pelforth 6x25cl","p":4.26,"u":"2,84 €/L","img":"https://fd6-photos.leclercdrive.fr/image.ashx?id=2959025&use=l&cat=p&typeid=i","cat":334873},{"id":81262,"n":"Mort Subite Kriek Lambic 75cl","p":4.0,"u":"5,33 €/L","img":"https://fd6-photos.leclercdrive.fr/image.ashx?id=2944954&use=l&cat=p&typeid=i","cat":334878},{"id":81268,"n":"Bière blonde Grimbergen 6,7° - 6x25cl","p":4.76,"u":"3,17 €/L","img":"https://fd6-photos.leclercdrive.fr/image.ashx?id=2294381&use=l&cat=p&typeid=i","cat":334852},{"id":81272,"n":"Vin mousseux brut blanc  Produit en Allemagne - 75cl","p":1.57,"u":"2,09 €/L","img":"https://fd6-photos.leclercdrive.fr/image.ashx?id=2519996&use=l&cat=p&typeid=i","cat":284544},{"id":81277,"n":"Vin mousseux demi-sec blanc  Produit en Allemagne - 75cl","p":1.59,"u":"2,12 €/L","img":"https://fd6-photos.leclercdrive.fr/image.ashx?id=2720130&use=l&cat=p&typeid=i","cat":284544},{"id":81280,"n":"Fromage La Vache qui rit Toastinette nature 10 tranches","p":1.7,"u":"8,50 €/KG","img":"https://fd6-photos.leclercdrive.fr/image.ashx?id=2342776&use=l&cat=p&typeid=i","cat":314028},{"id":81281,"n":"Fromage La Vache qui rit Toastinette cheddar 10 tranches","p":1.7,"u":"8,50 €/KG","img":"https://fd6-photos.leclercdrive.fr/image.ashx?id=2342773&use=l&cat=p&typeid=i","cat":314028},{"id":81285,"n":"Céréales bébé soir Blédiner 8m Légumes en poudre - 240g","p":2.72,"u":"11,33 €/KG","img":"https://fd6-photos.leclercdrive.fr/image.ashx?id=2192763&use=l&cat=p&typeid=i","cat":312239},{"id":81291,"n":"Bière sans alcool Tourtel Twist Citron Vert Menthe 0,0° -6x27cl","p":4.91,"u":"2,98 €/L","img":"https://fd6-photos.leclercdrive.fr/image.ashx?id=2896567&use=l&cat=p&typeid=i","cat":334877},{"id":81316,"n":"Tablette KINDER Chocolat Chocolat au Lait x24 - 300g","p":4.17,"u":"13,90 €/KG","img":"https://fd6-photos.leclercdrive.fr/image.ashx?id=2868167&use=l&cat=p&typeid=i","cat":284498},{"id":81318,"n":"Bonbons KINDER Schoko-Bons Chocolat au lait - 500G","p":7.97,"u":"15,94 €/KG","img":"https://fd6-photos.leclercdrive.fr/image.ashx?id=2402925&use=l&cat=p&typeid=i","cat":304238},{"id":81322,"n":"Huile de Tournesol Eco+ 3L","p":4.95,"u":"1,65 €/L","img":"https://fd6-photos.leclercdrive.fr/image.ashx?id=3002506&use=l&cat=p&typeid=i","cat":284453},{"id":81323,"n":"Huile d'olive Bio Carapelli Extra-vierge - 75cl","p":12.6,"u":"16,80 €/L","img":"https://fd6-photos.leclercdrive.fr/image.ashx?id=2737447&use=l&cat=p&typeid=i","cat":284453},{"id":81330,"n":"Huile d'arachide Eco+ 1L","p":3.17,"u":"3,17 €/L","img":"https://fd6-photos.leclercdrive.fr/image.ashx?id=3002497&use=l&cat=p&typeid=i","cat":284453},{"id":81352,"n":"Dosettes Bio Village Bio Amérique latine  x36 - 252g","p":4.49,"u":"17,82 €/KG","img":"https://fd6-photos.leclercdrive.fr/image.ashx?id=3003070&use=l&cat=p&typeid=i","cat":293238},{"id":81354,"n":"Confiture Eco+ Abricot - 1kg","p":2.18,"u":"2,18 €/KG","img":"https://fd6-photos.leclercdrive.fr/image.ashx?id=2953194&use=l&cat=p&typeid=i","cat":284480},{"id":81371,"n":"Tartine de pain Pasquier Au blé complet - 240g","p":1.6,"u":"6,67 €/KG","img":"https://fd6-photos.leclercdrive.fr/image.ashx?id=2927339&use=l&cat=p&typeid=i","cat":284479},{"id":81374,"n":"Vodka Zubrowka Biala 37.5%vol - 1L","p":14.95,"pp":13.45,"u":"13,45 €/L","img":"https://fd6-photos.leclercdrive.fr/image.ashx?id=2955510&use=l&cat=p&typeid=i","cat":284550},{"id":81379,"n":"Jambon cru -25%  de Sel Aoste 6 tranches - 100g","p":3.52,"u":"35,20 €/KG","img":"https://fd6-photos.leclercdrive.fr/image.ashx?id=2359507&use=l&cat=p&typeid=i","cat":316007},{"id":81380,"n":"Chorizo tranché César Moroni Doux 20 tranches - 100g","p":2.17,"u":"21,70 €/KG","img":"https://fd6-photos.leclercdrive.fr/image.ashx?id=2948836&use=l&cat=p&typeid=i","cat":316007},{"id":81383,"n":"Rillettes du Mans La Véritable Bordeau Chesnel - 220g","p":2.12,"u":"9,64 €/KG","img":"https://fd6-photos.leclercdrive.fr/image.ashx?id=2763100&use=l&cat=p&typeid=i","cat":316008},{"id":81384,"n":"Vodka Zubrowska Biala 37.5%vol - 70cl","p":11.89,"u":"16,99 €/L","img":"https://fd6-photos.leclercdrive.fr/image.ashx?id=2961227&use=l&cat=p&typeid=i","cat":284550},{"id":81434,"n":"Tablette de chocolat Côte d'Or Chocolat Noir/Amandes - 4x180g","p":14.49,"u":"20,13 €/KG","img":"https://fd6-photos.leclercdrive.fr/image.ashx?id=2938028&use=l&cat=p&typeid=i","cat":284956},{"id":81450,"n":"Bière Blonde Duvel 6x33cl","p":11.52,"u":"5,82 €/L","img":"https://fd6-photos.leclercdrive.fr/image.ashx?id=2314587&use=l&cat=p&typeid=i","cat":334872},{"id":81462,"n":"Fromage Apéritif Apérivrais  Ail et Fines Herbes - 100g","p":2.08,"u":"20,80 €/KG","img":"https://fd6-photos.leclercdrive.fr/image.ashx?id=2854612&use=l&cat=p&typeid=i","cat":314027},{"id":81547,"n":"Capsules Nescafé Dolce Gusto  Cappuccino - x8 - 186g","p":4.51,"u":"24,25 €/KG","img":"https://fd6-photos.leclercdrive.fr/image.ashx?id=2838809&use=l&cat=p&typeid=i","cat":293239},{"id":81548,"n":"Pain de mie Harrys 100% mie Nature Sans croûte Maxi - 650g","p":2.09,"u":"3,22 €/KG","img":"https://fd6-photos.leclercdrive.fr/image.ashx?id=2517468&use=l&cat=p&typeid=i","cat":284477},{"id":81549,"n":"Semoule au lait Bonne Maman Vanille Naturelle - 4x100g","p":2.24,"u":"22,40 €/KG","img":"https://fd6-photos.leclercdrive.fr/image.ashx?id=2924281&use=l&cat=p&typeid=i","cat":284418},{"id":81554,"n":"Riz au lait Bonne Maman Vanille Naturelle - 4x100g","p":2.26,"u":"5,65 €/KG","img":"https://fd6-photos.leclercdrive.fr/image.ashx?id=2619130&use=l&cat=p&typeid=i","cat":284418},{"id":81558,"n":"Pain de mie 100% Mie Harrys Nature petites tranches - 500g","p":1.71,"u":"3,42 €/KG","img":"https://fd6-photos.leclercdrive.fr/image.ashx?id=2517453&use=l&cat=p&typeid=i","cat":284477},{"id":81559,"n":"Yaourt Enfant Petits Filous Fruits Mixés Panaché - 12x50g","p":2.23,"u":"3,72 €/KG","img":"https://fd6-photos.leclercdrive.fr/image.ashx?id=2767359&use=l&cat=p&typeid=i","cat":284414},{"id":81563,"n":"AOP Champagne Canard Duchêne Demi Sec - 75cl","p":25.01,"u":"33,35 €/L","img":"https://fd6-photos.leclercdrive.fr/image.ashx?id=2757259&use=l&cat=p&typeid=i","cat":284542},{"id":81564,"n":"AOP Champagne Canard-Duchêne Brut - 75cl","p":24.17,"u":"32,23 €/L","img":"https://fd6-photos.leclercdrive.fr/image.ashx?id=2756909&use=l&cat=p&typeid=i","cat":284542},{"id":81566,"n":"Fromage Raclette Burger Les Croisés 8 Tranches - 150g","p":1.22,"u":"8,13 €/KG","img":"https://fd6-photos.leclercdrive.fr/image.ashx?id=2555946&use=l&cat=p&typeid=i","cat":314028},{"id":81678,"n":"Pané de dinde Le Gaulois 200g","p":2.29,"u":"11,45 €/KG","img":"https://fd6-photos.leclercdrive.fr/image.ashx?id=2261648&use=l&cat=p&typeid=i","cat":333683},{"id":81740,"n":"Bière Saint Omer Forte - 8%vol - 50cl","p":1.22,"u":"2,44 €/L","img":"https://fd6-photos.leclercdrive.fr/image.ashx?id=2412570&use=l&cat=p&typeid=i","cat":334853},{"id":81756,"n":"Peppermint Pastille Giffard 21% vol - 70cl","p":9.62,"u":"13,74 €/L","img":"https://fd6-photos.leclercdrive.fr/image.ashx?id=2104960&use=l&cat=p&typeid=i","cat":286032},{"id":81861,"n":"Pain de mie 100% Mie Harrys Nature grandes tranches - 500g","p":1.77,"u":"3,54 €/KG","img":"https://fd6-photos.leclercdrive.fr/image.ashx?id=2517456&use=l&cat=p&typeid=i","cat":284477},{"id":81897,"n":"Noix de cajou Benenuts Grillées à sec - 220g","p":5.12,"u":"23,27 €/KG","img":"https://fd6-photos.leclercdrive.fr/image.ashx?id=2413537&use=l&cat=p&typeid=i","cat":284448},{"id":81909,"n":"Café moulu Grand Mère Familial - 250g","p":3.27,"u":"13,08 €/KG","img":"https://fd6-photos.leclercdrive.fr/image.ashx?id=1755046&use=l&cat=p&typeid=i","cat":284750},{"id":81966,"n":"Sauce Algérienne Halal 350ml","p":2.08,"u":"5,94 €/L","img":"https://fd6-photos.leclercdrive.fr/image.ashx?id=2610924&use=l&cat=p&typeid=i","cat":289013},{"id":81969,"n":"Sauce Blanche Halal Samia 350ml","p":2.09,"u":"5,97 €/L","img":"https://fd6-photos.leclercdrive.fr/image.ashx?id=2579634&use=l&cat=p&typeid=i","cat":289013},{"id":81973,"n":"Ketchup Harissa Halal 400g","p":1.94,"u":"4,85 €/KG","img":"https://fd6-photos.leclercdrive.fr/image.ashx?id=2576627&use=l&cat=p&typeid=i","cat":298298},{"id":82004,"n":"Mozzarella mini Galbani 150g","p":2.41,"u":"16,07 €/KG","img":"https://fd6-photos.leclercdrive.fr/image.ashx?id=2766586&use=l&cat=p&typeid=i","cat":314026},{"id":82006,"n":"Mozzarella di bufala Galbani 125g","p":2.87,"u":"22,96 €/KG","img":"https://fd6-photos.leclercdrive.fr/image.ashx?id=2976860&use=l&cat=p&typeid=i","cat":314026},{"id":82008,"n":"Emmental râpé fondant Président 3x70g","p":2.61,"u":"12,43 €/KG","img":"https://fd6-photos.leclercdrive.fr/image.ashx?id=2462741&use=l&cat=p&typeid=i","cat":314035},{"id":82009,"n":"Mozzarella râpée cucina Galbani 150g","p":2.98,"u":"19,87 €/KG","img":"https://fd6-photos.leclercdrive.fr/image.ashx?id=2787887&use=l&cat=p&typeid=i","cat":314035},{"id":82078,"n":"AOP Lussac Saint-Emilion rouge Esprit de Lussac - 75cl","p":7.95,"u":"10,60 €/L","img":"https://fd6-photos.leclercdrive.fr/image.ashx?id=3014509&use=l&cat=p&typeid=i","cat":289556},{"id":82091,"n":"IGP Côtes de Gascogne Blanc Gros Manseng 11.5% 75cl","p":5.95,"u":"7,93 €/L","img":"https://fd6-photos.leclercdrive.fr/image.ashx?id=2602269&use=l&cat=p&typeid=i","cat":289557},{"id":82099,"n":"Steak haché Eco+ x10 - 1kg","p":8.74,"u":"8,74 €/KG","img":"https://fd6-photos.leclercdrive.fr/image.ashx?id=2966532&use=l&cat=p&typeid=i","cat":319778},{"id":82127,"n":"Vin Italie rouge Chianti DOCG Piccini - 75cl","p":5.49,"u":"7,32 €/L","img":"https://fd6-photos.leclercdrive.fr/image.ashx?id=2794637&use=l&cat=p&typeid=i","cat":289556},{"id":82141,"n":"Lentilles vertes Jolie Campagne 500g","p":2.03,"u":"4,06 €/KG","img":"https://fd6-photos.leclercdrive.fr/image.ashx?id=2023943&use=l&cat=p&typeid=i","cat":284430},{"id":82145,"n":"Bière blonde La G de Goudale 7.9%vol - 75cl","p":4.07,"u":"5,43 €/L","img":"https://fd6-photos.leclercdrive.fr/image.ashx?id=2861566&use=l&cat=p&typeid=i","cat":334872},{"id":82148,"n":"Lardons fumés Supérieur Eco+ 2x100g","p":1.34,"u":"6,70 €/KG","img":"https://fd6-photos.leclercdrive.fr/image.ashx?id=2688252&use=l&cat=p&typeid=i","cat":316011},{"id":82149,"n":"lardons supérieurs ECO+ Nature - 2x100g","p":1.34,"u":"6,70 €/KG","img":"https://fd6-photos.leclercdrive.fr/image.ashx?id=2688249&use=l&cat=p&typeid=i","cat":316011},{"id":82152,"n":"Compote Andros Abricot Morceaux - 4x100g","p":2.23,"u":"5,58 €/KG","img":"https://fd6-photos.leclercdrive.fr/image.ashx?id=2853566&use=l&cat=p&typeid=i","cat":284416},{"id":82157,"n":"Dessert fruitier pêche Andros En morceaux - 4x100g","p":1.87,"u":"4,68 €/KG","img":"https://fd6-photos.leclercdrive.fr/image.ashx?id=2845470&use=l&cat=p&typeid=i","cat":284416},{"id":82159,"n":"Compotes Andros Pomme/chataigne - 4x100g","p":1.68,"u":"4,20 €/KG","img":"https://fd6-photos.leclercdrive.fr/image.ashx?id=2937361&use=l&cat=p&typeid=i","cat":284416},{"id":82160,"n":"Compote Andros Pomme abricot - 4x100g","p":1.45,"u":"3,63 €/KG","img":"https://fd6-photos.leclercdrive.fr/image.ashx?id=2961074&use=l&cat=p&typeid=i","cat":284416},{"id":82166,"n":"Compotes Andros Pomme Fraise - 4x100g","p":1.49,"u":"3,73 €/KG","img":"https://fd6-photos.leclercdrive.fr/image.ashx?id=2915572&use=l&cat=p&typeid=i","cat":284416},{"id":82167,"n":"Compotes Andros Pomme Banane - 4x100g","p":1.51,"u":"3,78 €/KG","img":"https://fd6-photos.leclercdrive.fr/image.ashx?id=2883997&use=l&cat=p&typeid=i","cat":284416},{"id":82168,"n":"Compotes Andros Pomme Poire - 4x100g","p":1.38,"u":"3,45 €/KG","img":"https://fd6-photos.leclercdrive.fr/image.ashx?id=2883994&use=l&cat=p&typeid=i","cat":284416},{"id":82174,"n":"Extrême  Citron Framboise - 6x71g","p":3.74,"u":"8,78 €/KG","img":"https://fd6-photos.leclercdrive.fr/image.ashx?id=2866076&use=l&cat=p&typeid=i","cat":284264},{"id":82177,"n":"Bière blonde Duvel 8.5%vol - 75cl","p":4.11,"u":"5,48 €/L","img":"https://fd6-photos.leclercdrive.fr/image.ashx?id=2111139&use=l&cat=p&typeid=i","cat":334872},{"id":82179,"n":"Bière blonde 3 Monts 75cl","p":2.44,"u":"3,25 €/L","img":"https://fd6-photos.leclercdrive.fr/image.ashx?id=2550553&use=l&cat=p&typeid=i","cat":334852},{"id":82181,"n":"Bière Mort Subite Kriek A la cerise - 33cl","p":1.44,"u":"4,36 €/L","img":"https://fd6-photos.leclercdrive.fr/image.ashx?id=2796414&use=l&cat=p&typeid=i","cat":334872},{"id":82184,"n":"Barres KINDER BUENO White  Chocolat Blanc x12 - 468g","p":8.74,"u":"18,68 €/KG","img":"https://fd6-photos.leclercdrive.fr/image.ashx?id=2679642&use=l&cat=p&typeid=i","cat":284498},{"id":82218,"n":"Emmental fromage rapé Les Croisés - 750g","p":6.01,"u":"8,01 €/KG","img":"https://fd6-photos.leclercdrive.fr/image.ashx?id=2900665&use=l&cat=p&typeid=i","cat":314035},{"id":82250,"n":"Thon au Naturel Petit Navire Démarche Responsable 140g","p":2.18,"u":"15,57 €/KG","img":"https://fd6-photos.leclercdrive.fr/image.ashx?id=2928360&use=l&cat=p&typeid=i","cat":303867},{"id":82251,"n":"Thon MSC Naturel Petit Navire Entier -  112g","p":3.23,"u":"28,84 €/KG","img":"https://fd6-photos.leclercdrive.fr/image.ashx?id=2928357&use=l&cat=p&typeid=i","cat":303867},{"id":82253,"n":"Biscuits Thé LU 350g","p":1.44,"u":"4,11 €/KG","img":"https://fd6-photos.leclercdrive.fr/image.ashx?id=2977738&use=l&cat=p&typeid=i","cat":284487},{"id":82262,"n":"Sardine sans arêtes Connetable A l'huile d'olive - 140g","p":2.81,"u":"20,07 €/KG","img":"https://fd6-photos.leclercdrive.fr/image.ashx?id=2677336&use=l&cat=p&typeid=i","cat":305146},{"id":82265,"n":"Céréales Quaker Cruesli Chocolat - 450g","p":2.64,"u":"5,87 €/KG","img":"https://fd6-photos.leclercdrive.fr/image.ashx?id=2382791&use=l&cat=p&typeid=i","cat":309512},{"id":82266,"n":"Filet de sardines Saupiquet A l'huile d'olive - 100g","p":1.53,"u":"15,30 €/KG","img":"https://fd6-photos.leclercdrive.fr/image.ashx?id=2845347&use=l&cat=p&typeid=i","cat":305146},{"id":82267,"n":"Céréales Quaker Cruesli Chocolat au lait - 900g","p":5.93,"u":"6,59 €/KG","img":"https://fd6-photos.leclercdrive.fr/image.ashx?id=2212150&use=l&cat=p&typeid=i","cat":309512},{"id":82272,"n":"Sardine Parmentier Tomates - 135g","p":1.62,"u":"12,00 €/KG","img":"https://fd6-photos.leclercdrive.fr/image.ashx?id=3014416&use=l&cat=p&typeid=i","cat":305146},{"id":82276,"n":"Sardines Huile PARMENTIER Tournesol 135g","p":1.53,"u":"11,33 €/KG","img":"https://fd6-photos.leclercdrive.fr/image.ashx?id=2989057&use=l&cat=p&typeid=i","cat":305146},{"id":82280,"n":"Sardines Parmentier Piment - 135g","p":1.93,"u":"14,30 €/KG","img":"https://fd6-photos.leclercdrive.fr/image.ashx?id=2988312&use=l&cat=p&typeid=i","cat":305146},{"id":82281,"n":"Boulettes de boeuf Eco+ x30 - 900g","p":6.97,"u":"7,74 €/KG","img":"https://fd6-photos.leclercdrive.fr/image.ashx?id=2966529&use=l&cat=p&typeid=i","cat":319779},{"id":82309,"n":"yaourt fruits bio les 2 vaches brassé poire - 4x115g","p":1.95,"u":"4,24 €/KG","img":"https://fd6-photos.leclercdrive.fr/image.ashx?id=2571527&use=l&cat=p&typeid=i","cat":284410},{"id":82351,"n":"Frites incurvées McCain Côté Brasserie - 650g","p":2.22,"u":"3,42 €/KG","img":"https://fd6-photos.leclercdrive.fr/image.ashx?id=2927044&use=l&cat=p&typeid=i","cat":319791},{"id":82387,"n":"Grignottes de poulet Côté Croc Provençale - 250g","p":2.49,"u":"9,96 €/KG","img":"https://fd6-photos.leclercdrive.fr/image.ashx?id=2570043&use=l&cat=p&typeid=i","cat":333685},{"id":82433,"n":"Cordons Bleus Côté Croc Poulet x4 - 400g","p":3.14,"u":"7,85 €/KG","img":"https://fd6-photos.leclercdrive.fr/image.ashx?id=2801052&use=l&cat=p&typeid=i","cat":333683},{"id":82440,"n":"Boisson lactée Candy'UP Vanille - 6x20cl","p":2.81,"u":"2,34 €/L","img":"https://fd6-photos.leclercdrive.fr/image.ashx?id=2485632&use=l&cat=p&typeid=i","cat":295246},{"id":82520,"n":"Fromage Croque emmental Président - 12 tranches - 200g","p":1.75,"u":"8,75 €/KG","img":"https://fd6-photos.leclercdrive.fr/image.ashx?id=2446356&use=l&cat=p&typeid=i","cat":314028},{"id":82523,"n":"Mozzarella mini di bufala Galbani - 150g","p":3.02,"u":"20,13 €/KG","img":"https://fd6-photos.leclercdrive.fr/image.ashx?id=2446158&use=l&cat=p&typeid=i","cat":314026},{"id":82564,"n":"Oignon rouge 500g","p":0.99,"u":"1,98 €/KG","img":"https://fd6-photos.leclercdrive.fr/image.ashx?id=1632434&use=l&cat=p&typeid=i","cat":284352},{"id":82575,"n":"Bière ambrée La Goudale 7.2%vol - 6x25cl","p":4.45,"u":"2,97 €/L","img":"https://fd6-photos.leclercdrive.fr/image.ashx?id=2915521&use=l&cat=p&typeid=i","cat":334852},{"id":82589,"n":"Ail blanc Filet 250g","p":2.79,"u":"11,16 €/KG","img":"https://fd6-photos.leclercdrive.fr/image.ashx?id=1631367&use=l&cat=p&typeid=i","cat":284352},{"id":82663,"n":"Arrangé Rivière du Mât Banane Vanillé - 70cl - 35%vol","p":15.89,"u":"22,70 €/L","img":"https://fd6-photos.leclercdrive.fr/image.ashx?id=2731300&use=l&cat=p&typeid=i","cat":284551},{"id":82667,"n":"Yaourt aux fruits bifidus Activia poire - 4x125g","p":1.86,"u":"3,72 €/KG","img":"https://fd6-photos.leclercdrive.fr/image.ashx?id=2885330&use=l&cat=p&typeid=i","cat":315000},{"id":82668,"n":"Yaourt aux fruits Activia bifidus - 8x125g","p":3.42,"u":"3,42 €/KG","img":"https://fd6-photos.leclercdrive.fr/image.ashx?id=3003146&use=l&cat=p&typeid=i","cat":315000},{"id":82669,"n":"Yaourt aux fruits bifidus Activia mangue - 4x125g","p":1.79,"u":"3,58 €/KG","img":"https://fd6-photos.leclercdrive.fr/image.ashx?id=2886642&use=l&cat=p&typeid=i","cat":315000},{"id":82675,"n":"Yaourt aux fruits bifidus Activia mûre framboise - 4x125g","p":1.94,"u":"3,88 €/KG","img":"https://fd6-photos.leclercdrive.fr/image.ashx?id=2960651&use=l&cat=p&typeid=i","cat":315000},{"id":82676,"n":"Yaourt aux fruits bifidus Activia figue - 4x125g","p":1.92,"u":"3,84 €/KG","img":"https://fd6-photos.leclercdrive.fr/image.ashx?id=2886630&use=l&cat=p&typeid=i","cat":315000},{"id":82677,"n":"yaourt aux fruits bifidus activia fraise - 4x125g","p":1.82,"u":"3,64 €/KG","img":"https://fd6-photos.leclercdrive.fr/image.ashx?id=2886627&use=l&cat=p&typeid=i","cat":315000},{"id":82683,"n":"Glace Barre Glacée Snickers  Chocolat Blanc Cacahuètes- 245g","p":3.47,"u":"14,16 €/KG","img":"https://fd6-photos.leclercdrive.fr/image.ashx?id=2419344&use=l&cat=p&typeid=i","cat":284264},{"id":82739,"n":"Poisson pané Croustibat Findus Petit trésor MSC - x15 - 450g","p":3.37,"u":"7,49 €/KG","img":"https://fd6-photos.leclercdrive.fr/image.ashx?id=3008758&use=l&cat=p&typeid=i","cat":319788},{"id":82741,"n":"Poisson pané Findus Colin  Alaska Fish and Chips x13- 364g","p":2.84,"u":"7,80 €/KG","img":"https://fd6-photos.leclercdrive.fr/image.ashx?id=3008761&use=l&cat=p&typeid=i","cat":319788},{"id":82924,"n":"Bière Heineken 6x33cl","p":4.77,"u":"2,41 €/L","img":"https://fd6-photos.leclercdrive.fr/image.ashx?id=3008113&use=l&cat=p&typeid=i","cat":334853},{"id":83107,"n":"Bière La G de Goudale 7.9% vol - 33cl","p":1.75,"u":"5,30 €/L","img":"https://fd6-photos.leclercdrive.fr/image.ashx?id=1736938&use=l&cat=p&typeid=i","cat":334872},{"id":83109,"n":"Bières Rince Cochon rouge 75cl","p":4.41,"u":"5,88 €/L","img":"https://fd6-photos.leclercdrive.fr/image.ashx?id=2021238&use=l&cat=p&typeid=i","cat":334872},{"id":83120,"n":"Bière brune Pelforth 12x25cl","p":7.99,"u":"2,66 €/L","img":"https://fd6-photos.leclercdrive.fr/image.ashx?id=2646182&use=l&cat=p&typeid=i","cat":334852},{"id":83132,"n":"Boisson lactée Tous mes amis pour chats - 3x200ml","p":2.13,"u":"3,55 €/L","img":"https://fd6-photos.leclercdrive.fr/image.ashx?id=2313482&use=l&cat=p&typeid=i","cat":285285},{"id":83227,"n":"Nuggets de poulet Le Gaulois x10 - 200g","p":2.07,"u":"10,35 €/KG","img":"https://fd6-photos.leclercdrive.fr/image.ashx?id=2342818&use=l&cat=p&typeid=i","cat":333684},{"id":83240,"n":"Bière Brune Pelforth 6x25cl","p":5.16,"u":"3,44 €/L","img":"https://fd6-photos.leclercdrive.fr/image.ashx?id=2655880&use=l&cat=p&typeid=i","cat":334852},{"id":83303,"n":"Happy Cola Haribo Sachet bonbons - 300g","p":2.05,"u":"6,83 €/KG","img":"https://fd6-photos.leclercdrive.fr/image.ashx?id=2806087&use=l&cat=p&typeid=i","cat":304250},{"id":83350,"n":"Bonbons Haribo Moam Happy fruttis - 200g","p":1.6,"u":"8,00 €/KG","img":"https://fd6-photos.leclercdrive.fr/image.ashx?id=2984916&use=l&cat=p&typeid=i","cat":304250},{"id":83474,"n":"Sauce pour pâtes Florelli Asperges tomates parmesan -190g","p":2.28,"u":"12,00 €/KG","img":"https://fd6-photos.leclercdrive.fr/image.ashx?id=3011665&use=l&cat=p&typeid=i","cat":289010},{"id":83476,"n":"Tapenade d'Olives vertes Les Tartinables Florelli 190g","p":2.32,"u":"12,21 €/KG","img":"https://fd6-photos.leclercdrive.fr/image.ashx?id=2904347&use=l&cat=p&typeid=i","cat":289010},{"id":83680,"n":"Oeufs Flandr'oeufs  Calibre gros x6","p":1.89,"u":"0,32 €/P","img":"https://fd6-photos.leclercdrive.fr/image.ashx?id=2333300&use=l&cat=p&typeid=i","cat":284378},{"id":83682,"n":"Oeufs Flandr'oeufs Moyen - x12","p":3.15,"u":"0,26 €/P","img":"https://fd6-photos.leclercdrive.fr/image.ashx?id=2333294&use=l&cat=p&typeid=i","cat":284378},{"id":83684,"n":"Oeufs Falndr'oeufs  Moyen - x30","p":6.51,"u":"0,22 €/P","img":"https://fd6-photos.leclercdrive.fr/image.ashx?id=2743277&use=l&cat=p&typeid=i","cat":284378},{"id":83695,"n":"Vin d'Espagne rosé François d'Aubigné - 75cl","p":1.39,"u":"1,85 €/L","img":"https://fd6-photos.leclercdrive.fr/image.ashx?id=2888613&use=l&cat=p&typeid=i","cat":289558},{"id":83697,"n":"Vin d'Espagne blanc Sauvignon Bernard Cordelier - 75 cl","p":1.75,"u":"2,33 €/L","img":"https://fd6-photos.leclercdrive.fr/image.ashx?id=2747737&use=l&cat=p&typeid=i","cat":289557},{"id":83698,"n":"IGP Pays d'Oc Grenache vin rosé Vieux Carion 12.5% vol - 75cl","p":2.25,"u":"3,00 €/L","img":"https://fd6-photos.leclercdrive.fr/image.ashx?id=2722823&use=l&cat=p&typeid=i","cat":289558},{"id":83820,"n":"Chips Pom'Lisse  Saveur Chèvre miel - 135g","p":1.35,"u":"10,00 €/KG","img":"https://fd6-photos.leclercdrive.fr/image.ashx?id=2654474&use=l&cat=p&typeid=i","cat":284447},{"id":83846,"n":"Rillettes de poulet pimenté Bordeau Chesnel - 200g","p":3.01,"u":"15,05 €/KG","img":"https://fd6-photos.leclercdrive.fr/image.ashx?id=2904077&use=l&cat=p&typeid=i","cat":316008},{"id":83852,"n":"Petites tranches Saint-Agaûne Nature - 70g","p":3.27,"u":"46,71 €/KG","img":"https://fd6-photos.leclercdrive.fr/image.ashx?id=2852558&use=l&cat=p&typeid=i","cat":316006},{"id":83854,"n":"Vin d'Espagne blanc François D'Aubigné - 75 cl","p":1.39,"u":"1,85 €/L","img":"https://fd6-photos.leclercdrive.fr/image.ashx?id=2747743&use=l&cat=p&typeid=i","cat":289557},{"id":83935,"n":"Thon mariné au piment d\"espelette Petit Navire - 110g","p":2.14,"u":"19,45 €/KG","img":"https://fd6-photos.leclercdrive.fr/image.ashx?id=2682863&use=l&cat=p&typeid=i","cat":303867},{"id":83944,"n":"Vin d'Espagne rouge Merlot Bernard Cordelier - 75cl","p":1.75,"u":"2,33 €/L","img":"https://fd6-photos.leclercdrive.fr/image.ashx?id=2756855&use=l&cat=p&typeid=i","cat":289556},{"id":83947,"n":"Vin d'Espagne vin rouge Bernard Cordelier - 75cl","p":1.75,"u":"2,33 €/L","img":"https://fd6-photos.leclercdrive.fr/image.ashx?id=2760789&use=l&cat=p&typeid=i","cat":289556},{"id":83951,"n":"IGP Pays d'Oc rouge Merlot J-P Chenet 13% vol BIB 3L","p":10.4,"u":"3,47 €/L","img":"https://fd6-photos.leclercdrive.fr/image.ashx?id=2941709&use=l&cat=p&typeid=i","cat":289560},{"id":83953,"n":"Vin d'Union Européenne rosé François D'Aubigné - 75 cl","p":1.46,"u":"1,95 €/L","img":"https://fd6-photos.leclercdrive.fr/image.ashx?id=2895756&use=l&cat=p&typeid=i","cat":289558},{"id":83974,"n":"IGP  Pays d'Hérault vin rosé Bernard Cordelier - 75cl","p":1.99,"u":"2,65 €/L","img":"https://fd6-photos.leclercdrive.fr/image.ashx?id=2891908&use=l&cat=p&typeid=i","cat":289558},{"id":83979,"n":"Vin de l'Union Européenne Vieux Papes 12.5%vol - 75cl","p":2.33,"u":"3,11 €/L","img":"https://fd6-photos.leclercdrive.fr/image.ashx?id=2093388&use=l&cat=p&typeid=i","cat":289556},{"id":83985,"n":"IGP Pays d'Oc rouge Merlot Grand Sud 13% vol - 1L","p":3.92,"u":"3,92 €/L","img":"https://fd6-photos.leclercdrive.fr/image.ashx?id=2941583&use=l&cat=p&typeid=i","cat":289556},{"id":83986,"n":"IGP Pays d'Oc rosé Merlot Grand Sud 12.5% vol - 1L","p":3.92,"u":"3,92 €/L","img":"https://fd6-photos.leclercdrive.fr/image.ashx?id=2941580&use=l&cat=p&typeid=i","cat":289558},{"id":84009,"n":"IGP Côtes de Gascogne vin rosé Terrasses d'Autan 12% vol 75cl","p":2.99,"u":"3,99 €/L","img":"https://fd6-photos.leclercdrive.fr/image.ashx?id=2872727&use=l&cat=p&typeid=i","cat":289558},{"id":84011,"n":"IGP  Pays d'Hérault vin rosé Bernard Cordelier - BIB 3L","p":5.99,"u":"2,00 €/L","img":"https://fd6-photos.leclercdrive.fr/image.ashx?id=2891911&use=l&cat=p&typeid=i","cat":289560},{"id":84014,"n":"AOP Bordeaux vin blanc Bernard Cordelier - 75 cl","p":2.99,"u":"3,99 €/L","img":"https://fd6-photos.leclercdrive.fr/image.ashx?id=2776561&use=l&cat=p&typeid=i","cat":289557},{"id":84017,"n":"AOC Corbères vin rouge Bernard Cordelier - 75 cl","p":1.99,"u":"2,65 €/L","img":"https://fd6-photos.leclercdrive.fr/image.ashx?id=2987467&use=l&cat=p&typeid=i","cat":289556},{"id":84019,"n":"IGP  Pays d'Hérault vin rouge Bernard Cordelier - BIB 3L","p":5.99,"u":"2,00 €/L","img":"https://fd6-photos.leclercdrive.fr/image.ashx?id=2758341&use=l&cat=p&typeid=i","cat":289560},{"id":84020,"n":"IGP  Pays d'Hérault vin rouge Bernard Cordelier - 75cl","p":1.85,"u":"2,47 €/L","img":"https://fd6-photos.leclercdrive.fr/image.ashx?id=2565491&use=l&cat=p&typeid=i","cat":289556},{"id":84057,"n":"Sommeil mélatonine  30 gélules","p":6.6,"u":"0,22 €/P","img":"https://fd6-photos.leclercdrive.fr/image.ashx?id=2744722&use=l&cat=p&typeid=i","cat":313217},{"id":84060,"n":"Riz long Riz du Monde  Parfumé Dragon - 1kg","p":2.88,"u":"2,88 €/KG","img":"https://fd6-photos.leclercdrive.fr/image.ashx?id=2101585&use=l&cat=p&typeid=i","cat":288992},{"id":84064,"n":"Lentilles blondes Samia 1kg","p":2.62,"u":"2,62 €/KG","img":"https://fd6-photos.leclercdrive.fr/image.ashx?id=2732986&use=l&cat=p&typeid=i","cat":289013},{"id":84082,"n":"Bonbons sahet Bubble Melon Samia - 200g","p":2.07,"u":"10,35 €/KG","img":"https://fd6-photos.leclercdrive.fr/image.ashx?id=2304950&use=l&cat=p&typeid=i","cat":304250},{"id":84152,"n":"Pain pour Panini La Boulangère x4 - 300g","p":1.94,"u":"6,47 €/KG","img":"https://fd6-photos.leclercdrive.fr/image.ashx?id=2937457&use=l&cat=p&typeid=i","cat":284985},{"id":84154,"n":"Bonbons VICHY Menthe 230g","p":1.06,"u":"4,61 €/KG","img":"https://fd6-photos.leclercdrive.fr/image.ashx?id=2806342&use=l&cat=p&typeid=i","cat":304252},{"id":84155,"n":"Michoko La pie qui chante 280g","p":2.93,"u":"10,46 €/KG","img":"https://fd6-photos.leclercdrive.fr/image.ashx?id=2862560&use=l&cat=p&typeid=i","cat":284499},{"id":84158,"n":"Bonbons CARAMBAR Fruits Assortiment - 320g","p":1.71,"u":"5,34 €/KG","img":"https://fd6-photos.leclercdrive.fr/image.ashx?id=2964499&use=l&cat=p&typeid=i","cat":304250},{"id":84159,"n":"Bonbons CARAMBAR Family Assortiment - 450g","p":2.93,"u":"6,51 €/KG","img":"https://fd6-photos.leclercdrive.fr/image.ashx?id=2903446&use=l&cat=p&typeid=i","cat":304250},{"id":84160,"n":"Bonbons CARAMBAR Caramel 320g","p":1.71,"u":"5,34 €/KG","img":"https://fd6-photos.leclercdrive.fr/image.ashx?id=2770124&use=l&cat=p&typeid=i","cat":304250},{"id":84161,"n":"Bonbons LA PIE QUI CHANTE Michoko Noir - 280g","p":2.66,"u":"9,50 €/KG","img":"https://fd6-photos.leclercdrive.fr/image.ashx?id=2817842&use=l&cat=p&typeid=i","cat":304250},{"id":84163,"n":"Break P'tit Déli 135g","p":1.33,"u":"9,85 €/KG","img":"https://fd6-photos.leclercdrive.fr/image.ashx?id=2566200&use=l&cat=p&typeid=i","cat":284488},{"id":84220,"n":"Cartouche encre multipack Epson Fraise x4 - 14.9ml","p":49.99,"u":"Dont 0,05 € d'éco-part.","img":"https://fd6-photos.leclercdrive.fr/image.ashx?id=1675272&use=l&cat=p&typeid=i","cat":316445},{"id":84226,"n":"Cartouche d'encre HP Noire authentique - 62","p":26.45,"u":"Dont 0,02 € d'éco-part.","img":"https://fd6-photos.leclercdrive.fr/image.ashx?id=1884124&use=l&cat=p&typeid=i","cat":316445},{"id":84227,"n":"Cartouche d'encre HP Noire authentique 302","p":24.4,"u":"Dont 0,02 € d'éco-part.","img":"https://fd6-photos.leclercdrive.fr/image.ashx?id=1744229&use=l&cat=p&typeid=i","cat":316445},{"id":84228,"n":"Cartouche d'encre HP Tricolore - 302","p":29.3,"u":"Dont 0,02 € d'éco-part.","img":"https://fd6-photos.leclercdrive.fr/image.ashx?id=1884130&use=l&cat=p&typeid=i","cat":316445},{"id":84247,"n":"Dentifrice Dentavie Bio Haleine fraiche - 75ml","p":3.89,"u":"51,87 €/L","img":"https://fd6-photos.leclercdrive.fr/image.ashx?id=2575522&use=l&cat=p&typeid=i","cat":284612},{"id":84437,"n":"Yaourt à boire Mini Yop Aromatisé Framboise - 8x100g","p":2.68,"u":"3,35 €/KG","img":"https://fd6-photos.leclercdrive.fr/image.ashx?id=2320000&use=l&cat=p&typeid=i","cat":284415},{"id":84441,"n":"Trio saucissons Cévennes  Nos Régions ont du Talent 345g","p":6.79,"u":"19,68 €/KG","img":"https://fd6-photos.leclercdrive.fr/image.ashx?id=2898113&use=l&cat=p&typeid=i","cat":316006},{"id":84789,"n":"Filet de poulet blanc Le Gaulois x2 - 300g","p":4.62,"u":"15,40 €/KG","img":"https://fd6-photos.leclercdrive.fr/image.ashx?id=2633989&use=l&cat=p&typeid=i","cat":284336},{"id":84820,"n":"Minis sandwich Daunat jambon/emmental - 130g","p":1.57,"u":"12,08 €/KG","img":"https://fd6-photos.leclercdrive.fr/image.ashx?id=2951812&use=l&cat=p&typeid=i","cat":333658},{"id":84823,"n":"Wrap Daunat façon fajitas Poulet rôti - 190g","p":2.87,"u":"15,11 €/KG","img":"https://fd6-photos.leclercdrive.fr/image.ashx?id=2532622&use=l&cat=p&typeid=i","cat":333658},{"id":84896,"n":"Tomates farcies avec riz Qualité Traiteur - 300g","p":5.01,"u":"16,70 €/KG","img":"https://fd6-photos.leclercdrive.fr/image.ashx?id=2785949&use=l&cat=p&typeid=i","cat":333665},{"id":84996,"n":"Beurre Le Campagnou  Demi-sel - 500g","p":4.49,"u":"8,98 €/KG","img":"https://fd6-photos.leclercdrive.fr/image.ashx?id=2546626&use=l&cat=p&typeid=i","cat":284379},{"id":85002,"n":"Beurre plaquette Doux 250g","p":2.69,"u":"10,76 €/KG","img":"https://fd6-photos.leclercdrive.fr/image.ashx?id=2586616&use=l&cat=p&typeid=i","cat":284379},{"id":85022,"n":"Shampooing Naturé Moi Extra-doux - 250ml","p":2.8,"u":"11,20 €/L","img":"https://fd6-photos.leclercdrive.fr/image.ashx?id=2740673&use=l&cat=p&typeid=i","cat":284606},{"id":85040,"n":"Shampooing sec Batiste Cherry - 200ml","p":3.55,"u":"17,75 €/L","img":"https://fd6-photos.leclercdrive.fr/image.ashx?id=2983459&use=l&cat=p&typeid=i","cat":289143},{"id":85049,"n":"Poires Panier du Primeur Mûre à point Filière x4","p":3.49,"u":"0,87 €/P","img":"https://fd6-photos.leclercdrive.fr/image.ashx?id=2955038&use=l&cat=p&typeid=i","cat":284356},{"id":85052,"n":"Croquettes petit chien Ultima  Nature Poulet - 1,25kg","p":7.24,"u":"5,79 €/KG","img":"https://fd6-photos.leclercdrive.fr/image.ashx?id=2593164&use=l&cat=p&typeid=i","cat":294526},{"id":85059,"n":"Protection auditive Quies En mousse fluo - x16","p":6.68,"u":"0,42 €/P","img":"https://fd6-photos.leclercdrive.fr/image.ashx?id=2159511&use=l&cat=p&typeid=i","cat":284630},{"id":85106,"n":"Mayonnaise American Style Heinz  - 395g","p":2.52,"u":"6,38 €/KG","img":"https://fd6-photos.leclercdrive.fr/image.ashx?id=2927059&use=l&cat=p&typeid=i","cat":298295},{"id":85170,"n":"Préparation pour risotto Sapori Tomate et basilic - 300g","p":3.99,"u":"13,30 €/KG","img":"https://fd6-photos.leclercdrive.fr/image.ashx?id=1612028&use=l&cat=p&typeid=i","cat":284428},{"id":85206,"n":"Génoises fourrées Pim's LU Fraise des bois - 150g","p":1.64,"u":"10,93 €/KG","img":"https://fd6-photos.leclercdrive.fr/image.ashx?id=3002204&use=l&cat=p&typeid=i","cat":284489},{"id":85207,"n":"Génoise fourrées Pim's LU Poire - 150g","p":1.58,"u":"10,53 €/KG","img":"https://fd6-photos.leclercdrive.fr/image.ashx?id=2145202&use=l&cat=p&typeid=i","cat":284489},{"id":85278,"n":"Barres Têtes Brûlées Fraise/pomme - 200g","p":1.99,"u":"9,95 €/KG","img":"https://fd6-photos.leclercdrive.fr/image.ashx?id=2917882&use=l&cat=p&typeid=i","cat":304250},{"id":85368,"n":"Tampons Nett Original Digitaux - Super+ - x24","p":3.0,"u":"0,13 €/P","img":"https://fd6-photos.leclercdrive.fr/image.ashx?id=2685132&use=l&cat=p&typeid=i","cat":284626},{"id":85666,"n":"IGP Ardeche rosé Pont d'Arc 12.5% vol - BIB 5L","p":11.2,"u":"2,24 €/L","img":"https://fd6-photos.leclercdrive.fr/image.ashx?id=2527922&use=l&cat=p&typeid=i","cat":289560},{"id":85677,"n":"AOP Saumur Vin blanc pétillant  Ackerman brut - 75cl","p":5.6,"pp":4.2,"u":"5,60 €/L","img":"https://fd6-photos.leclercdrive.fr/image.ashx?id=2730232&use=l&cat=p&typeid=i","cat":284544},{"id":85683,"n":"Bière blonde Leffe 6,6% - 6x33cl","p":7.88,"u":"3,98 €/L","img":"https://fd6-photos.leclercdrive.fr/image.ashx?id=2833966&use=l&cat=p&typeid=i","cat":334852},{"id":85735,"n":"Soda au cola Pepsi Zéro sucres La bouteille de 2L","p":1.64,"u":"0,82 €/L","img":"https://fd6-photos.leclercdrive.fr/image.ashx?id=2682297&use=l&cat=p&typeid=i","cat":284530},{"id":85739,"n":"Soda Pepsi Saveur cola sans sucres - 1L","p":1.09,"u":"1,09 €/L","img":"https://fd6-photos.leclercdrive.fr/image.ashx?id=2682300&use=l&cat=p&typeid=i","cat":284530},{"id":85745,"n":"Batonnets Surimi Coraya x30 - 450g","p":4.41,"u":"9,80 €/KG","img":"https://fd6-photos.leclercdrive.fr/image.ashx?id=2962683&use=l&cat=p&typeid=i","cat":285189},{"id":85769,"n":"Triple sec Giffard 25% Vol - 50cl","p":8.0,"u":"16,00 €/L","img":"https://fd6-photos.leclercdrive.fr/image.ashx?id=1567000&use=l&cat=p&typeid=i","cat":286032},{"id":85960,"n":"AOP Bordeaux rosé Mouton Cadet - 75cl","p":5.59,"u":"7,45 €/L","img":"https://fd6-photos.leclercdrive.fr/image.ashx?id=2943987&use=l&cat=p&typeid=i","cat":289558},{"id":85998,"n":"Sauce Curry Mango Heinz - 225g","p":1.75,"u":"7,78 €/KG","img":"https://fd6-photos.leclercdrive.fr/image.ashx?id=2927050&use=l&cat=p&typeid=i","cat":318431},{"id":86046,"n":"Bière blonde Moulin D'Ascq IPA Bio - 75cl","p":5.08,"u":"6,77 €/L","img":"https://fd6-photos.leclercdrive.fr/image.ashx?id=2852612&use=l&cat=p&typeid=i","cat":334872},{"id":86071,"n":"AOP Prosecco Perlino Extra Dry - 75cl","p":6.6,"u":"8,80 €/L","img":"https://fd6-photos.leclercdrive.fr/image.ashx?id=2612778&use=l&cat=p&typeid=i","cat":289461},{"id":86208,"n":"Pâte à tartiner Nutella 1kg","p":6.62,"u":"6,62 €/KG","img":"https://fd6-photos.leclercdrive.fr/image.ashx?id=2935648&use=l&cat=p&typeid=i","cat":284481},{"id":86261,"n":"Médaillons de filet mignon Extra tendre Aldelis x8 - 300g","p":5.8,"u":"19,33 €/KG","img":"https://fd6-photos.leclercdrive.fr/image.ashx?id=2902810&use=l&cat=p&typeid=i","cat":284331},{"id":86375,"n":"Rochers Suchard  Lait - 7x35g","p":3.9,"u":"15,92 €/KG","img":"https://fd6-photos.leclercdrive.fr/image.ashx?id=2950372&use=l&cat=p&typeid=i","cat":284499},{"id":86376,"n":"Rochers Suchard Noir - 7x35g","p":3.9,"u":"15,92 €/KG","img":"https://fd6-photos.leclercdrive.fr/image.ashx?id=2950375&use=l&cat=p&typeid=i","cat":284499},{"id":86403,"n":"Capsules café L'Or Espresso Delizioso N°5 x10","p":3.11,"u":"59,81 €/KG","img":"https://fd6-photos.leclercdrive.fr/image.ashx?id=3000462&use=l&cat=p&typeid=i","cat":284749},{"id":86411,"n":"Biscuit bio Bjorg Avoine pépites chocolat - 130g","p":2.62,"u":"20,15 €/KG","img":"https://fd6-photos.leclercdrive.fr/image.ashx?id=2999985&use=l&cat=p&typeid=i","cat":325066},{"id":86438,"n":"Dentifrice Integral 8 Signal Nature Elements Coco 75ml","p":1.76,"u":"23,47 €/L","img":"https://fd6-photos.leclercdrive.fr/image.ashx?id=2974659&use=l&cat=p&typeid=i","cat":284612},{"id":86448,"n":"Désinfectant protection Sanytol Salle de bain - 500ml","p":3.28,"u":"6,56 €/L","img":"https://fd6-photos.leclercdrive.fr/image.ashx?id=2848620&use=l&cat=p&typeid=i","cat":325357},{"id":86451,"n":"Lessive gel Génie Lavage main - 200ml","p":1.55,"u":"7,75 €/L","img":"https://fd6-photos.leclercdrive.fr/image.ashx?id=2664142&use=l&cat=p&typeid=i","cat":284643},{"id":86470,"n":"Bonbons KREMA Festival Assortiment - 360g","p":2.59,"u":"7,19 €/KG","img":"https://fd6-photos.leclercdrive.fr/image.ashx?id=2817875&use=l&cat=p&typeid=i","cat":304250},{"id":86482,"n":"Bonbons KREMA Régal'ad Assortiment Fruits - 360g","p":2.46,"u":"6,83 €/KG","img":"https://fd6-photos.leclercdrive.fr/image.ashx?id=2855295&use=l&cat=p&typeid=i","cat":304250},{"id":86565,"n":"Chocolat en poudre Poulain Grand Arôme: 32% cacao - 800g","p":5.07,"u":"6,34 €/KG","img":"https://fd6-photos.leclercdrive.fr/image.ashx?id=2867119&use=l&cat=p&typeid=i","cat":293235},{"id":86567,"n":"Chocolat en poudre Poulain Super Poulain Boîte - 450g","p":2.8,"u":"6,22 €/KG","img":"https://fd6-photos.leclercdrive.fr/image.ashx?id=2867125&use=l&cat=p&typeid=i","cat":293235},{"id":86570,"n":"Chewing gum Malabar Tutti Frutti - 214g","p":2.23,"u":"10,42 €/KG","img":"https://fd6-photos.leclercdrive.fr/image.ashx?id=2817848&use=l&cat=p&typeid=i","cat":304251},{"id":86586,"n":"Pain de mie Harrys Nature extra moelleux - 500g","p":1.29,"u":"2,58 €/KG","img":"https://fd6-photos.leclercdrive.fr/image.ashx?id=2660730&use=l&cat=p&typeid=i","cat":284477},{"id":86591,"n":"AOP Champagne Pommery Brut Royal étui- 75cl","p":35.35,"u":"47,13 €/L","img":"https://fd6-photos.leclercdrive.fr/image.ashx?id=2791500&use=l&cat=p&typeid=i","cat":284542},{"id":86658,"n":"Thé vert Twinings Simplement pur - x25 - 37g","p":2.68,"u":"72,43 €/KG","img":"https://fd6-photos.leclercdrive.fr/image.ashx?id=2893015&use=l&cat=p&typeid=i","cat":293233},{"id":86665,"n":"Dosettes café Senseo Grand Mère Classique x54","p":5.49,"u":"15,42 €/KG","img":"https://fd6-photos.leclercdrive.fr/image.ashx?id=2769837&use=l&cat=p&typeid=i","cat":293238},{"id":86669,"n":"Huile vierge Bio village  Sésame grillé bio - 25cl","p":2.66,"u":"10,64 €/L","img":"https://fd6-photos.leclercdrive.fr/image.ashx?id=3005715&use=l&cat=p&typeid=i","cat":284453},{"id":86670,"n":"Flocons d'avoine complet Bjorg bio - 900g","p":2.64,"u":"2,93 €/KG","img":"https://fd6-photos.leclercdrive.fr/image.ashx?id=2928534&use=l&cat=p&typeid=i","cat":309512},{"id":86675,"n":"Sachet fraîcheur chien Pedigree  Mixte en sauce - 24x100g","p":10.86,"u":"4,53 €/KG","img":"https://fd6-photos.leclercdrive.fr/image.ashx?id=2870245&use=l&cat=p&typeid=i","cat":284673},{"id":86685,"n":"Bière Moinette blonde bio 75 cl","p":5.17,"u":"6,89 €/L","img":"https://fd6-photos.leclercdrive.fr/image.ashx?id=2111085&use=l&cat=p&typeid=i","cat":334872},{"id":86713,"n":"St Feuillien triple 33cl","p":2.15,"u":"6,52 €/L","img":"https://fd6-photos.leclercdrive.fr/image.ashx?id=2458937&use=l&cat=p&typeid=i","cat":334872},{"id":86724,"n":"Huile d'olive Bio Village Bio Vierge extra fruité - 75 cl","p":7.99,"u":"10,65 €/L","img":"https://fd6-photos.leclercdrive.fr/image.ashx?id=3005712&use=l&cat=p&typeid=i","cat":284453},{"id":86732,"n":"Chips Barbecue Pom'lisse Maxi format - 270g","p":1.81,"u":"6,70 €/KG","img":"https://fd6-photos.leclercdrive.fr/image.ashx?id=2710837&use=l&cat=p&typeid=i","cat":284447},{"id":86734,"n":"Cookies P'tit Déli Triple chocolat - 200g","p":1.44,"u":"7,20 €/KG","img":"https://fd6-photos.leclercdrive.fr/image.ashx?id=2529608&use=l&cat=p&typeid=i","cat":325066},{"id":86743,"n":"IGP Côtes de Gascogne blanc  Vieux Carion - 12% vol 75 cl","p":2.79,"u":"3,72 €/L","img":"https://fd6-photos.leclercdrive.fr/image.ashx?id=2624007&use=l&cat=p&typeid=i","cat":289557},{"id":86747,"n":"Sacs de congélation Elembal Curseur moyen - x15","p":1.99,"u":"0,13 €/P","img":"https://fd6-photos.leclercdrive.fr/image.ashx?id=2511120&use=l&cat=p&typeid=i","cat":334134},{"id":86748,"n":"Adoucissant Hyperdou Lingettes Rêve de fraîcheur - x20","p":1.71,"u":"0,09 €/P","img":"https://fd6-photos.leclercdrive.fr/image.ashx?id=2489203&use=l&cat=p&typeid=i","cat":325302},{"id":86749,"n":"Rasoir Siliss 5 lames","p":5.99,"u":"3,00 €/P","img":"https://fd6-photos.leclercdrive.fr/image.ashx?id=2699732&use=l&cat=p&typeid=i","cat":325352},{"id":86753,"n":"Spray nettoyant Uni Vert Désinfectant écocert - 750ml","p":2.19,"u":"2,92 €/L","img":"https://fd6-photos.leclercdrive.fr/image.ashx?id=2569050&use=l&cat=p&typeid=i","cat":325357},{"id":86779,"n":"Colin d'Alaska Pêche Océan Beurre citron - MSC - 400g","p":3.39,"u":"8,48 €/KG","img":"https://fd6-photos.leclercdrive.fr/image.ashx?id=2930126&use=l&cat=p&typeid=i","cat":319786},{"id":86784,"n":"Frites au four Pom'Lisse Pom'Steak - 600g","p":1.5,"u":"2,50 €/KG","img":"https://fd6-photos.leclercdrive.fr/image.ashx?id=2770687&use=l&cat=p&typeid=i","cat":319791},{"id":86788,"n":"Tartinable thon Fromage frais MSC Ronde des mers - 140g","p":1.99,"u":"14,21 €/KG","img":"https://fd6-photos.leclercdrive.fr/image.ashx?id=2823084&use=l&cat=p&typeid=i","cat":285191},{"id":86905,"n":"Bière blonde 1664 5,5° - 12x33cl canettes","p":10.14,"u":"2,56 €/L","img":"https://fd6-photos.leclercdrive.fr/image.ashx?id=2246617&use=l&cat=p&typeid=i","cat":334853},{"id":86907,"n":"Lait en poudre Modilac Bébé : 2ème âge - 820g","p":16.54,"u":"20,17 €/KG","img":"https://fd6-photos.leclercdrive.fr/image.ashx?id=2873393&use=l&cat=p&typeid=i","cat":284727},{"id":86909,"n":"Lait en poudre Modilac Doucéa Bébé 0-6mois - 820g","p":19.14,"u":"23,34 €/KG","img":"https://fd6-photos.leclercdrive.fr/image.ashx?id=2997031&use=l&cat=p&typeid=i","cat":284726},{"id":86911,"n":"Muesli bio Happy Bio  Fruits rouges et chia - 375g","p":3.23,"u":"8,61 €/KG","img":"https://fd6-photos.leclercdrive.fr/image.ashx?id=2970984&use=l&cat=p&typeid=i","cat":309512},{"id":86916,"n":"Lames de rasoir Carré Homme 2 lames - x10","p":1.29,"u":"0,13 €/P","img":"https://fd6-photos.leclercdrive.fr/image.ashx?id=2591721&use=l&cat=p&typeid=i","cat":284616},{"id":86976,"n":"Couscous en perles Ebly Sachets cuisson 10min - 3x100g","p":2.37,"u":"7,90 €/KG","img":"https://fd6-photos.leclercdrive.fr/image.ashx?id=2286272&use=l&cat=p&typeid=i","cat":284429},{"id":86986,"n":"Sachet fraicheur chat Sheba Thon saumon en gelée - 6x50g","p":2.65,"u":"8,83 €/KG","img":"https://fd6-photos.leclercdrive.fr/image.ashx?id=2850162&use=l&cat=p&typeid=i","cat":285286},{"id":86996,"n":"Muesli Chaque jour sans Gluten  Croustillant fruit sec bio-375g","p":3.49,"u":"9,31 €/KG","img":"https://fd6-photos.leclercdrive.fr/image.ashx?id=2554520&use=l&cat=p&typeid=i","cat":318654},{"id":87001,"n":"Petits Pois Notre Jardin 600g","p":1.68,"u":"2,80 €/KG","img":"https://fd6-photos.leclercdrive.fr/image.ashx?id=2873159&use=l&cat=p&typeid=i","cat":319805},{"id":87007,"n":"Bâtonnets à mâcher Dentalife Extra mini x23 - 207g","p":4.39,"u":"21,21 €/KG","img":"https://fd6-photos.leclercdrive.fr/image.ashx?id=2963970&use=l&cat=p&typeid=i","cat":294527},{"id":87011,"n":"Sachet repas chat Gourmet Perle Régal de sauces - 12x85g","p":5.91,"u":"5,79 €/KG","img":"https://fd6-photos.leclercdrive.fr/image.ashx?id=2902361&use=l&cat=p&typeid=i","cat":285286},{"id":87024,"n":"Smoothie innocent énergie boogie ruby 750ml","p":3.75,"u":"5,00 €/L","img":"https://fd6-photos.leclercdrive.fr/image.ashx?id=2187631&use=l&cat=p&typeid=i","cat":285435},{"id":87025,"n":"yaourt aux fruits bifidus activia - 8x125g","p":3.45,"u":"3,45 €/KG","img":"https://fd6-photos.leclercdrive.fr/image.ashx?id=2741751&use=l&cat=p&typeid=i","cat":315000},{"id":87026,"n":"Smoothie innocent antioxydant green 750ml","p":3.77,"u":"5,03 €/L","img":"https://fd6-photos.leclercdrive.fr/image.ashx?id=2860049&use=l&cat=p&typeid=i","cat":285435},{"id":87038,"n":"Yaourt nature Danone 8x125g","p":1.81,"u":"1,81 €/KG","img":"https://fd6-photos.leclercdrive.fr/image.ashx?id=3001985&use=l&cat=p&typeid=i","cat":284409},{"id":87054,"n":"Yaourt à boire Michel&Augustin Mangue Passion - 500ml","p":2.62,"u":"5,24 €/L","img":"https://fd6-photos.leclercdrive.fr/image.ashx?id=2165707&use=l&cat=p&typeid=i","cat":284415},{"id":87061,"n":"Boisson gourmande PAGO ACE Orange carotte citron - 75cl","p":1.65,"u":"2,20 €/L","img":"https://fd6-photos.leclercdrive.fr/image.ashx?id=2861237&use=l&cat=p&typeid=i","cat":284916},{"id":87065,"n":"Yaourts aux fruits Délisse Saveur Orientale - 8x125g","p":2.59,"u":"2,59 €/KG","img":"https://fd6-photos.leclercdrive.fr/image.ashx?id=2520304&use=l&cat=p&typeid=i","cat":284410},{"id":87066,"n":"Yaourts aux fruits Délisse  Saveur d'Asie - 8x125g","p":2.59,"u":"2,59 €/KG","img":"https://fd6-photos.leclercdrive.fr/image.ashx?id=2465053&use=l&cat=p&typeid=i","cat":284410},{"id":87067,"n":"Yaourt à boire P'tit max  Délisse Fraise - 6x180g","p":2.03,"u":"1,88 €/KG","img":"https://fd6-photos.leclercdrive.fr/image.ashx?id=2762510&use=l&cat=p&typeid=i","cat":284415},{"id":87084,"n":"Rhum ambré Bacardi Carta Oro 37,5° - 70cl","p":15.28,"u":"21,83 €/L","img":"https://fd6-photos.leclercdrive.fr/image.ashx?id=2858171&use=l&cat=p&typeid=i","cat":284550},{"id":87089,"n":"Pavé Gourmand Garden Gourmet Epinards et Fromage 180g","p":2.36,"u":"13,11 €/KG","img":"https://fd6-photos.leclercdrive.fr/image.ashx?id=2971389&use=l&cat=p&typeid=i","cat":316036},{"id":87091,"n":"St Jacques Marie Fondue de poireaux riz - 280g","p":3.9,"u":"13,93 €/KG","img":"https://fd6-photos.leclercdrive.fr/image.ashx?id=2317531&use=l&cat=p&typeid=i","cat":333665},{"id":87093,"n":"Eau coiffante Vitanove 150ml","p":1.99,"u":"13,27 €/L","img":"https://fd6-photos.leclercdrive.fr/image.ashx?id=2496419&use=l&cat=p&typeid=i","cat":284609},{"id":87100,"n":"Gel lavant Manava Purifiant mandarine - 300ml","p":1.25,"u":"4,17 €/L","img":"https://fd6-photos.leclercdrive.fr/image.ashx?id=2935519&use=l&cat=p&typeid=i","cat":284597},{"id":87261,"n":"Litière chats Tranquille Super agglomérante - 4.5L","p":5.02,"u":"1,12 €/L","img":"https://fd6-photos.leclercdrive.fr/image.ashx?id=1934844&use=l&cat=p&typeid=i","cat":284683},{"id":87272,"n":"Yaourt à boire Michel&Augustin  Vanille Érable - 500ml","p":2.64,"u":"5,28 €/L","img":"https://fd6-photos.leclercdrive.fr/image.ashx?id=2165701&use=l&cat=p&typeid=i","cat":284415},{"id":87273,"n":"Yaourt à boire Michel&Augustin Myrtilles sauvages - 500ml","p":2.7,"u":"5,40 €/L","img":"https://fd6-photos.leclercdrive.fr/image.ashx?id=2165704&use=l&cat=p&typeid=i","cat":284415},{"id":87320,"n":"Cahier Koverbook Clairefontaine Vert - 17x22cm - 96 pages","p":1.87,"img":"https://fd6-photos.leclercdrive.fr/image.ashx?id=1695360&use=l&cat=p&typeid=i","cat":284697},{"id":87375,"n":"Serviettes Doulys Ultra mince Nuit + large - x9","p":2.26,"u":"0,25 €/P","img":"https://fd6-photos.leclercdrive.fr/image.ashx?id=2839927&use=l&cat=p&typeid=i","cat":284624},{"id":87378,"n":"Shampooing detox L'Arbre Vert Cheveux gras - 250ml","p":2.03,"u":"8,12 €/L","img":"https://fd6-photos.leclercdrive.fr/image.ashx?id=2175906&use=l&cat=p&typeid=i","cat":284606},{"id":87379,"n":"Shampooing L'Arbre Vert Nutrition cheveux secs - 250ml","p":2.48,"u":"9,92 €/L","img":"https://fd6-photos.leclercdrive.fr/image.ashx?id=2885390&use=l&cat=p&typeid=i","cat":284606},{"id":87430,"n":"Cahier Koverbook Clairefontaine Vert - 21x29.7cm - 96 pages","p":2.78,"img":"https://fd6-photos.leclercdrive.fr/image.ashx?id=1695372&use=l&cat=p&typeid=i","cat":284697},{"id":87433,"n":"Cahier Koverbook Clairefontaine Rouge - 21x29.7cm - 96 pages","p":2.9,"img":"https://fd6-photos.leclercdrive.fr/image.ashx?id=1699337&use=l&cat=p&typeid=i","cat":284697},{"id":87435,"n":"Cahier Koverbook Clairefontaine Jaune - 21x29.7cm - 96 pages","p":3.0,"img":"https://fd6-photos.leclercdrive.fr/image.ashx?id=1699343&use=l&cat=p&typeid=i","cat":284697},{"id":87849,"n":"Boisson végétale Alpro lait de coco riz - 1l","p":2.0,"u":"2,00 €/L","img":"https://fd6-photos.leclercdrive.fr/image.ashx?id=2790243&use=l&cat=p&typeid=i","cat":316067},{"id":87894,"n":"Boisson énergisante Crazy Tiger Bouteille - 1L","p":1.99,"u":"1,99 €/L","img":"https://fd6-photos.leclercdrive.fr/image.ashx?id=2927555&use=l&cat=p&typeid=i","cat":284533},{"id":87923,"n":"Compotes  gourdes Pom'Potes Multivariétés - 12x90g","p":5.3,"u":"4,91 €/KG","img":"https://fd6-photos.leclercdrive.fr/image.ashx?id=3010942&use=l&cat=p&typeid=i","cat":284508},{"id":87924,"n":"Dosettes café Senseo Classique x40","p":6.44,"u":"23,25 €/KG","img":"https://fd6-photos.leclercdrive.fr/image.ashx?id=2876326&use=l&cat=p&typeid=i","cat":293238},{"id":87925,"n":"Dosettes café Senseo Corsé x40","p":6.44,"u":"23,25 €/KG","img":"https://fd6-photos.leclercdrive.fr/image.ashx?id=2393581&use=l&cat=p&typeid=i","cat":293238},{"id":87926,"n":"Dosettes café Senseo Doux x40","p":6.36,"u":"22,96 €/KG","img":"https://fd6-photos.leclercdrive.fr/image.ashx?id=2337567&use=l&cat=p&typeid=i","cat":293238},{"id":87927,"n":"Dosettes café Senseo Décaféiné x40","p":6.35,"u":"22,92 €/KG","img":"https://fd6-photos.leclercdrive.fr/image.ashx?id=2324921&use=l&cat=p&typeid=i","cat":293238},{"id":87929,"n":"Dosettes café Senseo Classique x54","p":8.51,"u":"22,69 €/KG","img":"https://fd6-photos.leclercdrive.fr/image.ashx?id=2391798&use=l&cat=p&typeid=i","cat":293238},{"id":87931,"n":"Dosettes café Senseo Doux x54","p":8.34,"u":"22,24 €/KG","img":"https://fd6-photos.leclercdrive.fr/image.ashx?id=2289951&use=l&cat=p&typeid=i","cat":293238},{"id":87950,"n":"Snacks chats Tous mes amis Liquide - 90g","p":1.49,"u":"16,56 €/KG","img":"https://fd6-photos.leclercdrive.fr/image.ashx?id=2520041&use=l&cat=p&typeid=i","cat":285285},{"id":88031,"n":"Tomate cerise allongée Barquette 400g","p":2.19,"u":"5,48 €/KG","img":"https://fd6-photos.leclercdrive.fr/image.ashx?id=1700878&use=l&cat=p&typeid=i","cat":284352},{"id":88048,"n":"Compote Charles & Alice Pommes Bananes Vanille -4x100g","p":1.68,"u":"4,33 €/KG","img":"https://fd6-photos.leclercdrive.fr/image.ashx?id=2757698&use=l&cat=p&typeid=i","cat":284416},{"id":88053,"n":"Lasagne à la bolognaise Marie - 1 kg","p":4.87,"u":"4,87 €/KG","img":"https://fd6-photos.leclercdrive.fr/image.ashx?id=2993394&use=l&cat=p&typeid=i","cat":284254},{"id":88054,"n":"Fromage à tartiner Madame Loïk Fouetté Nat. Sel réduit - 150g","p":1.83,"u":"12,20 €/KG","img":"https://fd6-photos.leclercdrive.fr/image.ashx?id=2948018&use=l&cat=p&typeid=i","cat":314029},{"id":88062,"n":"Matière grasse Primevere Oméga 3 - 55% - 250g","p":1.48,"u":"5,92 €/KG","img":"https://fd6-photos.leclercdrive.fr/image.ashx?id=2928468&use=l&cat=p&typeid=i","cat":315229},{"id":88115,"n":"yaourt à boire danonino fraise banane abricot - 6x100g","p":2.94,"u":"4,90 €/KG","img":"https://fd6-photos.leclercdrive.fr/image.ashx?id=3003143&use=l&cat=p&typeid=i","cat":284415},{"id":88117,"n":"yaourt à boire danonino fraise banane - 4x70g","p":1.91,"u":"6,82 €/KG","img":"https://fd6-photos.leclercdrive.fr/image.ashx?id=2785202&use=l&cat=p&typeid=i","cat":284415},{"id":88162,"n":"oeufs plein air Matines x20","p":5.3,"u":"0,27 €/P","img":"https://fd6-photos.leclercdrive.fr/image.ashx?id=2795740&use=l&cat=p&typeid=i","cat":284378},{"id":88206,"n":"Céréales bébé Blédine 12 mois  Vanille - 400g","p":2.6,"u":"6,50 €/KG","img":"https://fd6-photos.leclercdrive.fr/image.ashx?id=2763124&use=l&cat=p&typeid=i","cat":312225},{"id":88340,"n":"Berries Haribo Sachet bonbons - 200g","p":1.83,"u":"9,15 €/KG","img":"https://fd6-photos.leclercdrive.fr/image.ashx?id=2982411&use=l&cat=p&typeid=i","cat":304250},{"id":88344,"n":"Bonbons Regal'ad Krema 590g","p":3.51,"u":"5,95 €/KG","img":"https://fd6-photos.leclercdrive.fr/image.ashx?id=2806351&use=l&cat=p&typeid=i","cat":304250},{"id":88360,"n":"Saucisse Isla Délice Halal  Goût boeuf piquant - 500g","p":2.28,"u":"4,56 €/KG","img":"https://fd6-photos.leclercdrive.fr/image.ashx?id=2256107&use=l&cat=p&typeid=i","cat":316013},{"id":88413,"n":"Beurre Allégé Elle&Vire Doux - 41% MG - 250g","p":2.13,"u":"8,52 €/KG","img":"https://fd6-photos.leclercdrive.fr/image.ashx?id=2969169&use=l&cat=p&typeid=i","cat":284379},{"id":88417,"n":"Matière grasse St Hubert 51%MG-Sans huile de palme -500g","p":5.0,"u":"10,00 €/KG","img":"https://fd6-photos.leclercdrive.fr/image.ashx?id=2734117&use=l&cat=p&typeid=i","cat":315229},{"id":88418,"n":"Boisson a base de thé Fresh Tea Pêche - 1L","p":0.89,"u":"0,89 €/L","img":"https://fd6-photos.leclercdrive.fr/image.ashx?id=2622275&use=l&cat=p&typeid=i","cat":295019},{"id":88438,"n":"Coulommiers Cœur de Lion  Extra-Crèmeux - 385g","p":3.3,"u":"8,57 €/KG","img":"https://fd6-photos.leclercdrive.fr/image.ashx?id=2999958&use=l&cat=p&typeid=i","cat":314033},{"id":88440,"n":"Fromage Crèmeux Saint Albray  Format Familial - 310g","p":4.21,"u":"13,58 €/KG","img":"https://fd6-photos.leclercdrive.fr/image.ashx?id=2686771&use=l&cat=p&typeid=i","cat":329558},{"id":88441,"n":"Fromage à tartiner St Môret Nature maxi format - 400g","p":4.34,"u":"10,85 €/KG","img":"https://fd6-photos.leclercdrive.fr/image.ashx?id=2755459&use=l&cat=p&typeid=i","cat":314029},{"id":88446,"n":"Fromage Le Rustique Tomme  Fruitée - 280g","p":4.22,"u":"15,07 €/KG","img":"https://fd6-photos.leclercdrive.fr/image.ashx?id=2921549&use=l&cat=p&typeid=i","cat":329184},{"id":88448,"n":"Fromage à Tartiner Carré Frais  Nature 0% - 8 Portions - 200g","p":2.34,"u":"11,70 €/KG","img":"https://fd6-photos.leclercdrive.fr/image.ashx?id=2868684&use=l&cat=p&typeid=i","cat":314029},{"id":88450,"n":"Escalope Cordon Bleu Père Dodu  Dinde x2 - 200g","p":2.6,"u":"13,00 €/KG","img":"https://fd6-photos.leclercdrive.fr/image.ashx?id=2957203&use=l&cat=p&typeid=i","cat":333683},{"id":88451,"n":"AOP Champagne Chanoine Frères Brut - 75cl","p":23.19,"u":"30,92 €/L","img":"https://fd6-photos.leclercdrive.fr/image.ashx?id=2673217&use=l&cat=p&typeid=i","cat":284542},{"id":88454,"n":"Saucisson Fuet Justin Bridou  170g","p":3.11,"u":"18,29 €/KG","img":"https://fd6-photos.leclercdrive.fr/image.ashx?id=2751165&use=l&cat=p&typeid=i","cat":316006},{"id":88460,"n":"Fromage de Chèvre Chavroux  9 Portions - 162g","p":3.02,"u":"18,64 €/KG","img":"https://fd6-photos.leclercdrive.fr/image.ashx?id=2936689&use=l&cat=p&typeid=i","cat":314031},{"id":88461,"n":"Salami Danois  Saint-Azay x16 - 160g","p":1.58,"u":"9,88 €/KG","img":"https://fd6-photos.leclercdrive.fr/image.ashx?id=2708354&use=l&cat=p&typeid=i","cat":316007},{"id":88471,"n":"Protège slip Tena Long - x20","p":2.56,"u":"0,13 €/P","img":"https://fd6-photos.leclercdrive.fr/image.ashx?id=2428588&use=l&cat=p&typeid=i","cat":284628},{"id":88548,"n":"Tartines campagne La Boulangère 450g","p":1.73,"u":"3,84 €/KG","img":"https://fd6-photos.leclercdrive.fr/image.ashx?id=2912395&use=l&cat=p&typeid=i","cat":284477},{"id":88560,"n":"Céréales bébé Blédine 6 mois  Biscuit - 400g","p":2.12,"u":"5,30 €/KG","img":"https://fd6-photos.leclercdrive.fr/image.ashx?id=2773295&use=l&cat=p&typeid=i","cat":312225},{"id":88596,"n":"Caillé pur brebis Petit Basque Nature - 2x125g","p":1.9,"u":"7,60 €/KG","img":"https://fd6-photos.leclercdrive.fr/image.ashx?id=2214894&use=l&cat=p&typeid=i","cat":314998},{"id":88662,"n":"Yaourt bifidus Activia Vanille - 4x125g","p":1.59,"u":"3,18 €/KG","img":"https://fd6-photos.leclercdrive.fr/image.ashx?id=3006184&use=l&cat=p&typeid=i","cat":315000},{"id":88698,"n":"Citrons bio Bio Village Sachet x4","p":1.99,"u":"0,50 €/P","img":"https://fd6-photos.leclercdrive.fr/image.ashx?id=2805063&use=l&cat=p&typeid=i","cat":284356},{"id":88738,"n":"Yaourt bifidus Activia citron vanille coco - 12x125g","p":4.87,"u":"3,25 €/KG","img":"https://fd6-photos.leclercdrive.fr/image.ashx?id=3003149&use=l&cat=p&typeid=i","cat":315000},{"id":88740,"n":"Yaourt bifidus Activia citron - 4x125g","p":1.59,"u":"3,18 €/KG","img":"https://fd6-photos.leclercdrive.fr/image.ashx?id=3006181&use=l&cat=p&typeid=i","cat":315000},{"id":88742,"n":"Yaourt bifidus Activia coco - 4x125g","p":1.63,"u":"3,26 €/KG","img":"https://fd6-photos.leclercdrive.fr/image.ashx?id=2886651&use=l&cat=p&typeid=i","cat":315000},{"id":88986,"n":"Barre Chocolat au Lait KitKat x6 barres - 249g","p":3.05,"u":"12,25 €/KG","img":"https://fd6-photos.leclercdrive.fr/image.ashx?id=2989426&use=l&cat=p&typeid=i","cat":284498},{"id":89054,"n":"Bière blonde Kronenbourg 4,2° - 50cl canette","p":0.92,"u":"1,84 €/L","img":"https://fd6-photos.leclercdrive.fr/image.ashx?id=1586574&use=l&cat=p&typeid=i","cat":334853},{"id":89090,"n":"Boisson végétale Alpro Soja - 1L","p":1.94,"u":"1,94 €/L","img":"https://fd6-photos.leclercdrive.fr/image.ashx?id=2977681&use=l&cat=p&typeid=i","cat":316067},{"id":89092,"n":"Boisson au soja Alpro Saveur chocolat - 1L","p":2.0,"u":"2,00 €/L","img":"https://fd6-photos.leclercdrive.fr/image.ashx?id=1889294&use=l&cat=p&typeid=i","cat":316067},{"id":89093,"n":"Boisson végétale Alpro avoine - 1l","p":2.21,"u":"2,21 €/L","img":"https://fd6-photos.leclercdrive.fr/image.ashx?id=2986852&use=l&cat=p&typeid=i","cat":316067},{"id":89146,"n":"Diffuseur Cristalinas Mikado Vanille - 30ml","p":4.81,"u":"160,33 €/L","img":"https://fd6-photos.leclercdrive.fr/image.ashx?id=1565482&use=l&cat=p&typeid=i","cat":311627},{"id":89160,"n":"Recharge liquide nettoyant Swiffer WetJet - 1.25L","p":4.69,"pp":2.81,"u":"2,25 €/L","img":"https://fd6-photos.leclercdrive.fr/image.ashx?id=2867800&use=l&cat=p&typeid=i","cat":325364},{"id":89190,"n":"Carotte Bio Bio Village 1kg","p":1.89,"u":"1,89 €/KG","img":"https://fd6-photos.leclercdrive.fr/image.ashx?id=1457160&use=l&cat=p&typeid=i","cat":284352},{"id":89337,"n":"Cire coiffante Vitanove Brillance - 75ml","p":2.27,"u":"30,27 €/L","img":"https://fd6-photos.leclercdrive.fr/image.ashx?id=2780683&use=l&cat=p&typeid=i","cat":284609},{"id":89338,"n":"Soin anti-rides Inell Q10 Jour - 50ml","p":2.49,"u":"49,80 €/L","img":"https://fd6-photos.leclercdrive.fr/image.ashx?id=2822132&use=l&cat=p&typeid=i","cat":325345},{"id":89341,"n":"Gel lavant recharge Manava Antibactérien Mandarine - 250ml","p":0.54,"u":"2,16 €/L","img":"https://fd6-photos.leclercdrive.fr/image.ashx?id=2935522&use=l&cat=p&typeid=i","cat":284597},{"id":89344,"n":"Serviettes Normal Doulys Ultra mince - x28","p":2.07,"u":"0,07 €/P","img":"https://fd6-photos.leclercdrive.fr/image.ashx?id=2789143&use=l&cat=p&typeid=i","cat":284624},{"id":89345,"n":"Serviettes Super Doulys Ultra mince - x24","p":1.75,"u":"0,07 €/P","img":"https://fd6-photos.leclercdrive.fr/image.ashx?id=2839931&use=l&cat=p&typeid=i","cat":284624},{"id":89346,"n":"Serviettes Nuit Doulys Ultra mince - x20","p":2.55,"u":"0,13 €/P","img":"https://fd6-photos.leclercdrive.fr/image.ashx?id=2839935&use=l&cat=p&typeid=i","cat":284624},{"id":89424,"n":"Pesto vert Bio Village Bio - 185g","p":1.8,"u":"9,73 €/KG","img":"https://fd6-photos.leclercdrive.fr/image.ashx?id=1466304&use=l&cat=p&typeid=i","cat":287599},{"id":89425,"n":"Barre pâtissière Eco+ 2x500g","p":2.47,"u":"2,47 €/KG","img":"https://fd6-photos.leclercdrive.fr/image.ashx?id=2400505&use=l&cat=p&typeid=i","cat":294776},{"id":89483,"n":"Salade & Cie Sodebo Stockhlom Saumon Pâtes - 320g","p":4.5,"u":"14,06 €/KG","img":"https://fd6-photos.leclercdrive.fr/image.ashx?id=2795722&use=l&cat=p&typeid=i","cat":333657},{"id":89506,"n":"Oeufs Plein air  Eco + x12","p":2.59,"u":"0,22 €/P","img":"https://fd6-photos.leclercdrive.fr/image.ashx?id=2696244&use=l&cat=p&typeid=i","cat":284378},{"id":89507,"n":"Xtrem Box Sodebo Radiatori à la Carbonara 400g","p":2.92,"u":"7,30 €/KG","img":"https://fd6-photos.leclercdrive.fr/image.ashx?id=2631588&use=l&cat=p&typeid=i","cat":334983},{"id":89515,"n":"Velouté de légumes Régal Soupe Instantané - 64g","p":1.35,"u":"21,09 €/KG","img":"https://fd6-photos.leclercdrive.fr/image.ashx?id=1886620&use=l&cat=p&typeid=i","cat":293527},{"id":89523,"n":"Madeleines coquilles Eco+ Aux oeufs - 500g","p":1.59,"u":"3,18 €/KG","img":"https://fd6-photos.leclercdrive.fr/image.ashx?id=2780671&use=l&cat=p&typeid=i","cat":284492},{"id":89660,"n":"Xtrem Box Sodebo Radiatori  4 Fromages - 400g","p":3.6,"u":"9,00 €/KG","img":"https://fd6-photos.leclercdrive.fr/image.ashx?id=2631591&use=l&cat=p&typeid=i","cat":334983},{"id":89695,"n":"Poulet Weight Watchers Curry-coco - 300g","p":3.87,"u":"12,90 €/KG","img":"https://fd6-photos.leclercdrive.fr/image.ashx?id=2827203&use=l&cat=p&typeid=i","cat":333665},{"id":89914,"n":"Bouillon Cube Maggi Légumes x18 - 180g","p":1.69,"u":"9,39 €/KG","img":"https://fd6-photos.leclercdrive.fr/image.ashx?id=2737039&use=l&cat=p&typeid=i","cat":288379},{"id":89959,"n":"Pelle et balayette","p":2.59,"img":"https://fd6-photos.leclercdrive.fr/image.ashx?id=1463745&use=l&cat=p&typeid=i","cat":284669},{"id":90058,"n":"Ravioli Jardin Bio Bio chèvre ciboulette - 250g","p":2.7,"u":"10,80 €/KG","img":"https://fd6-photos.leclercdrive.fr/image.ashx?id=2534842&use=l&cat=p&typeid=i","cat":287600},{"id":90082,"n":"Ciboulette Ducros 4g","p":1.5,"u":"375,00 €/KG","img":"https://fd6-photos.leclercdrive.fr/image.ashx?id=2559487&use=l&cat=p&typeid=i","cat":298297},{"id":90090,"n":"Gnocchi à poêler Lustucru Extra Fromage 500g","p":3.0,"u":"6,00 €/KG","img":"https://fd6-photos.leclercdrive.fr/image.ashx?id=2786171&use=l&cat=p&typeid=i","cat":333682},{"id":90091,"n":"Gaufre vergeoise Lotus Bakeries Coeur fondant 5x2 pièce - 310g","p":2.91,"u":"9,39 €/KG","img":"https://fd6-photos.leclercdrive.fr/image.ashx?id=2695887&use=l&cat=p&typeid=i","cat":294777},{"id":90113,"n":"Petits suisses aux fruits bio Les 2 vaches - 12x50g","p":3.69,"u":"6,15 €/KG","img":"https://fd6-photos.leclercdrive.fr/image.ashx?id=2774103&use=l&cat=p&typeid=i","cat":284414},{"id":90120,"n":"Crème Saint Agur  155g","p":2.64,"u":"17,03 €/KG","img":"https://fd6-photos.leclercdrive.fr/image.ashx?id=2760014&use=l&cat=p&typeid=i","cat":314029},{"id":90121,"n":"Fromage Caprice des Anges  Frais et Fondant - 200g","p":2.88,"u":"14,40 €/KG","img":"https://fd6-photos.leclercdrive.fr/image.ashx?id=2734837&use=l&cat=p&typeid=i","cat":314029},{"id":90122,"n":"Camembert Coeur de Lion 250g","p":1.96,"u":"7,84 €/KG","img":"https://fd6-photos.leclercdrive.fr/image.ashx?id=3008185&use=l&cat=p&typeid=i","cat":314033},{"id":90182,"n":"Savon Bionaïa Lait d'anesse - 100g","p":1.72,"u":"17,20 €/KG","img":"https://fd6-photos.leclercdrive.fr/image.ashx?id=2491047&use=l&cat=p&typeid=i","cat":284597},{"id":90188,"n":"Cremio Box Sodebo Poulet à l'Emmental - 280g","p":2.16,"u":"7,71 €/KG","img":"https://fd6-photos.leclercdrive.fr/image.ashx?id=2679068&use=l&cat=p&typeid=i","cat":334983},{"id":90213,"n":"Bière blonde Duvel  Tripel Hop 9.5%vol. - 33cl","p":2.46,"u":"7,45 €/L","img":"https://fd6-photos.leclercdrive.fr/image.ashx?id=2111133&use=l&cat=p&typeid=i","cat":334872},{"id":90220,"n":"Couteau de cuisine Ardence 1 pièce","p":6.9,"img":"https://fd6-photos.leclercdrive.fr/image.ashx?id=1474538&use=l&cat=p&typeid=i","cat":334135},{"id":90278,"n":"Set 3 casseroles Homeside 16-18-20cm +manche amovible","p":34.9,"img":"https://fd6-photos.leclercdrive.fr/image.ashx?id=1474505&use=l&cat=p&typeid=i","cat":298490},{"id":90481,"n":"Eau infusée Bio Volvic  Hibiscus litchti passion - 75cl","p":1.58,"u":"2,11 €/L","img":"https://fd6-photos.leclercdrive.fr/image.ashx?id=2500437&use=l&cat=p&typeid=i","cat":284537},{"id":90547,"n":"Croquettes chat Purina One Chat Stérilisé Truite/Blé-1.5kg","p":7.5,"u":"5,00 €/KG","img":"https://fd6-photos.leclercdrive.fr/image.ashx?id=2488064&use=l&cat=p&typeid=i","cat":284680},{"id":90553,"n":"Sauce Tables du Monde Tikka Massala - 350g","p":1.75,"u":"5,00 €/KG","img":"https://fd6-photos.leclercdrive.fr/image.ashx?id=2556523&use=l&cat=p&typeid=i","cat":288992},{"id":90562,"n":"Yaourt bifidus Activia saveur framboise - 4x125g","p":1.74,"u":"3,48 €/KG","img":"https://fd6-photos.leclercdrive.fr/image.ashx?id=2886654&use=l&cat=p&typeid=i","cat":315000},{"id":90627,"n":"Tofu Céréal Bio Bio Nature - 250g","p":2.39,"u":"9,56 €/KG","img":"https://fd6-photos.leclercdrive.fr/image.ashx?id=2890145&use=l&cat=p&typeid=i","cat":316036},{"id":90644,"n":"Thé vert Bio Clipper Framboise menthe - 35g","p":2.43,"u":"69,43 €/KG","img":"https://fd6-photos.leclercdrive.fr/image.ashx?id=2908303&use=l&cat=p&typeid=i","cat":293233},{"id":90675,"n":"Crème dessert Mont Blanc Boîte Chocolat - 570g","p":2.44,"u":"4,28 €/KG","img":"https://fd6-photos.leclercdrive.fr/image.ashx?id=3011614&use=l&cat=p&typeid=i","cat":284506},{"id":90676,"n":"Crème dessert Mont Blanc Boîte Vanille - 570g","p":2.55,"u":"4,47 €/KG","img":"https://fd6-photos.leclercdrive.fr/image.ashx?id=3008830&use=l&cat=p&typeid=i","cat":284506},{"id":90689,"n":"Lotus Biscoff Speculoos Biscuit Pocket 248g (16x2p)","p":2.07,"u":"8,35 €/KG","img":"https://fd6-photos.leclercdrive.fr/image.ashx?id=2694986&use=l&cat=p&typeid=i","cat":284487},{"id":90728,"n":"Effilés en sauce Purina One Saumon/carottes Junior - 4x85g","p":2.77,"u":"8,15 €/KG","img":"https://fd6-photos.leclercdrive.fr/image.ashx?id=1612554&use=l&cat=p&typeid=i","cat":285286},{"id":90777,"n":"Crème visage La Provençale Bio Jouvence Anti-Âge - 50ml","p":8.25,"u":"165,00 €/L","img":"https://fd6-photos.leclercdrive.fr/image.ashx?id=2950357&use=l&cat=p&typeid=i","cat":325345},{"id":90810,"n":"Soupe Liquide Bouteille Liebig  Velouté 5 Légumes - 75cl","p":2.52,"u":"3,36 €/L","img":"https://fd6-photos.leclercdrive.fr/image.ashx?id=2842552&use=l&cat=p&typeid=i","cat":284462},{"id":90819,"n":"Soupe liquide Knorr Tomate Pointe de basilic - 45cl","p":2.81,"u":"6,24 €/L","img":"https://fd6-photos.leclercdrive.fr/image.ashx?id=2525989&use=l&cat=p&typeid=i","cat":284462},{"id":90820,"n":"Soupe liquide Knorr Potiron - 45cl","p":2.34,"u":"5,20 €/L","img":"https://fd6-photos.leclercdrive.fr/image.ashx?id=2338663&use=l&cat=p&typeid=i","cat":284462},{"id":90843,"n":"Café moulu Grand Mère Familial - 4x250g","p":12.99,"u":"12,99 €/KG","img":"https://fd6-photos.leclercdrive.fr/image.ashx?id=1755049&use=l&cat=p&typeid=i","cat":284750},{"id":90847,"n":"Dosettes café Senseo Grand Mère Corsé x54","p":5.54,"u":"15,56 €/KG","img":"https://fd6-photos.leclercdrive.fr/image.ashx?id=2745817&use=l&cat=p&typeid=i","cat":293238},{"id":90905,"n":"Emmental 32% MG Bio Bio village - 250g","p":2.99,"u":"11,96 €/KG","img":"https://fd6-photos.leclercdrive.fr/image.ashx?id=2425351&use=l&cat=p&typeid=i","cat":314034},{"id":90993,"n":"Soda Pepsi Regular - 2L","p":1.61,"u":"0,81 €/L","img":"https://fd6-photos.leclercdrive.fr/image.ashx?id=1583915&use=l&cat=p&typeid=i","cat":284530},{"id":91019,"n":"Pastis de Marseille Sigale 45%vol. - 50cl","p":9.91,"u":"19,82 €/L","img":"https://fd6-photos.leclercdrive.fr/image.ashx?id=2637820&use=l&cat=p&typeid=i","cat":284548},{"id":91022,"n":"Vodka Boriskov Pure grain 37.5%vol - 70cl","p":9.97,"u":"14,24 €/L","img":"https://fd6-photos.leclercdrive.fr/image.ashx?id=2805009&use=l&cat=p&typeid=i","cat":284550},{"id":91025,"n":"Pur Jus Bio Village Bio Grenade - 1L","p":4.85,"u":"4,85 €/L","img":"https://fd6-photos.leclercdrive.fr/image.ashx?id=2901545&use=l&cat=p&typeid=i","cat":284916},{"id":91027,"n":"Chips Tortilla Old El Paso Nachips maxi format - 300g","p":3.65,"u":"12,17 €/KG","img":"https://fd6-photos.leclercdrive.fr/image.ashx?id=2737696&use=l&cat=p&typeid=i","cat":288993},{"id":91176,"n":"Lait Démaquillant Nivea Visage&Yeux Camomille - 200ml","p":3.62,"u":"18,10 €/L","img":"https://fd6-photos.leclercdrive.fr/image.ashx?id=2836097&use=l&cat=p&typeid=i","cat":284603},{"id":91177,"n":"Démaquillant Yeux biphase Nivea Sensibles Waterproof - 125ml","p":2.65,"u":"21,20 €/L","img":"https://fd6-photos.leclercdrive.fr/image.ashx?id=2953944&use=l&cat=p&typeid=i","cat":284603},{"id":91178,"n":"Crème visage Jour FPS 15 Nivea Nourrissante Peau Sèche - 50ml","p":3.91,"u":"78,20 €/L","img":"https://fd6-photos.leclercdrive.fr/image.ashx?id=3014605&use=l&cat=p&typeid=i","cat":325345},{"id":91251,"n":"Riz au lait La Laitière Vanille 4x115g + 2 offerts","p":1.69,"u":"2,45 €/KG","img":"https://fd6-photos.leclercdrive.fr/image.ashx?id=2532469&use=l&cat=p&typeid=i","cat":284418},{"id":91330,"n":"AOC Crémant de Bourgogne 1/2 sec - Veuve Ambal - 75cl","p":7.99,"pp":5.99,"u":"7,99 €/L","img":"https://fd6-photos.leclercdrive.fr/image.ashx?id=1737211&use=l&cat=p&typeid=i","cat":284545},{"id":91440,"n":"IGP Pays d'Oc blanc Bio Vegan Chardonnay Naturae 12% vol 75cl","p":6.93,"u":"9,24 €/L","img":"https://fd6-photos.leclercdrive.fr/image.ashx?id=2676063&use=l&cat=p&typeid=i","cat":289557},{"id":91482,"n":"Riz Comptoir du Grain Champignons 2 min - 250g","p":1.22,"u":"4,88 €/KG","img":"https://fd6-photos.leclercdrive.fr/image.ashx?id=2856561&use=l&cat=p&typeid=i","cat":287600},{"id":91485,"n":"Riz long Comptoir du Grain Express 2 min - 250g","p":0.99,"u":"3,96 €/KG","img":"https://fd6-photos.leclercdrive.fr/image.ashx?id=2441393&use=l&cat=p&typeid=i","cat":287600},{"id":91524,"n":"Cartouche d'encre HP Pack n°304","p":19.5,"u":"Dont 0,02 € d'éco-part.","img":"https://fd6-photos.leclercdrive.fr/image.ashx?id=1880149&use=l&cat=p&typeid=i","cat":316445},{"id":91535,"n":"Cartouche d'encre HP Noir 303","p":21.46,"u":"Dont 0,02 € d'éco-part.","img":"https://fd6-photos.leclercdrive.fr/image.ashx?id=1884112&use=l&cat=p&typeid=i","cat":316445},{"id":91553,"n":"Quinoa Céréal Bio  Bio repas express 220g","p":2.14,"u":"9,73 €/KG","img":"https://fd6-photos.leclercdrive.fr/image.ashx?id=2575081&use=l&cat=p&typeid=i","cat":287600},{"id":91554,"n":"Blé Riz quinoa Céréal Bio  Bio repas express 220g","p":2.21,"u":"10,05 €/KG","img":"https://fd6-photos.leclercdrive.fr/image.ashx?id=2662844&use=l&cat=p&typeid=i","cat":287600},{"id":91557,"n":"Lentilles Riz Soja Céréal Bio Bio repas express-250g","p":1.93,"u":"7,72 €/KG","img":"https://fd6-photos.leclercdrive.fr/image.ashx?id=2575084&use=l&cat=p&typeid=i","cat":287600},{"id":91575,"n":"Dessert fruitier Andros Pomme - x16","p":5.05,"u":"0,32 €/P","img":"https://fd6-photos.leclercdrive.fr/image.ashx?id=2910183&use=l&cat=p&typeid=i","cat":284416},{"id":91647,"n":"Caviar Baeri Prince Soukhanoff Boîte de 10g","p":6.8,"u":"680,00 €/KG","img":"https://fd6-photos.leclercdrive.fr/image.ashx?id=2095896&use=l&cat=p&typeid=i","cat":285191},{"id":91768,"n":"Roquefort AOP Société Fromage de brebis - 100g","p":2.52,"u":"25,20 €/KG","img":"https://fd6-photos.leclercdrive.fr/image.ashx?id=2729701&use=l&cat=p&typeid=i","cat":314032},{"id":91776,"n":"Crème UHT Elle&Vire Semi-Ep. Entière - 30% MG - 3x20cl","p":4.06,"u":"6,77 €/L","img":"https://fd6-photos.leclercdrive.fr/image.ashx?id=2979866&use=l&cat=p&typeid=i","cat":284381},{"id":91806,"n":"petit suisse aux fruits danonino - 24x50g","p":4.42,"u":"3,68 €/KG","img":"https://fd6-photos.leclercdrive.fr/image.ashx?id=2865602&use=l&cat=p&typeid=i","cat":284414},{"id":91807,"n":"petit suisse aux fruits danonino - 12x50g","p":2.34,"u":"3,90 €/KG","img":"https://fd6-photos.leclercdrive.fr/image.ashx?id=3003140&use=l&cat=p&typeid=i","cat":284414},{"id":91813,"n":"Panés tomate mozza Végé - 2x90g","p":1.88,"u":"10,44 €/KG","img":"https://fd6-photos.leclercdrive.fr/image.ashx?id=2865275&use=l&cat=p&typeid=i","cat":316036},{"id":91814,"n":"Pommes bicolores bio Bio Village Barquette x4","p":1.99,"u":"0,50 €/P","img":"https://fd6-photos.leclercdrive.fr/image.ashx?id=2556538&use=l&cat=p&typeid=i","cat":284356},{"id":91842,"n":"Infusion Bio La Tisanière Nuit x20 - 30g","p":2.93,"u":"97,67 €/KG","img":"https://fd6-photos.leclercdrive.fr/image.ashx?id=2477051&use=l&cat=p&typeid=i","cat":293234},{"id":92027,"n":"Tablette chocolat au lait Lindt Caramel Pointe de sel - 100g","p":2.61,"u":"26,10 €/KG","img":"https://fd6-photos.leclercdrive.fr/image.ashx?id=2750384&use=l&cat=p&typeid=i","cat":284497},{"id":92073,"n":"Légumes pour Wok Bio Village Bio - 600g","p":2.99,"u":"4,98 €/KG","img":"https://fd6-photos.leclercdrive.fr/image.ashx?id=2898071&use=l&cat=p&typeid=i","cat":319823},{"id":92247,"n":"Nettoyant spray La Croix Désinfectant Javel Frais -500ml","p":1.72,"u":"3,44 €/L","img":"https://fd6-photos.leclercdrive.fr/image.ashx?id=2471601&use=l&cat=p&typeid=i","cat":325357},{"id":92255,"n":"Soupe liquide brique Liebig  Courgettes Vache Qui Rit 2x30cl","p":3.04,"u":"5,07 €/L","img":"https://fd6-photos.leclercdrive.fr/image.ashx?id=2175518&use=l&cat=p&typeid=i","cat":284462},{"id":92256,"n":"Gourdes bio bébé Hipp Bio 4 variétés - 8x120g","p":8.54,"u":"8,90 €/KG","img":"https://fd6-photos.leclercdrive.fr/image.ashx?id=2915578&use=l&cat=p&typeid=i","cat":312393},{"id":92267,"n":"Soupe instantanée Royco  Indienne - 3x200ml","p":1.78,"u":"2,97 €/L","img":"https://fd6-photos.leclercdrive.fr/image.ashx?id=2650988&use=l&cat=p&typeid=i","cat":293527},{"id":92304,"n":"Soupe Saveurs d'Antan Knorr Poule vermicelles - 30cl","p":1.32,"u":"4,40 €/L","img":"https://fd6-photos.leclercdrive.fr/image.ashx?id=2738275&use=l&cat=p&typeid=i","cat":284462},{"id":92351,"n":"Crème mains Inell Réparatrice - 100ml","p":1.45,"u":"14,50 €/L","img":"https://fd6-photos.leclercdrive.fr/image.ashx?id=2822135&use=l&cat=p&typeid=i","cat":325354},{"id":92356,"n":"Serviettes Hygieniques Vania  Maxi confort super - x16","p":1.75,"u":"0,11 €/P","img":"https://fd6-photos.leclercdrive.fr/image.ashx?id=2908168&use=l&cat=p&typeid=i","cat":284624},{"id":92454,"n":"Mini bûche Eskiss Fruits rouge x6 - 328g","p":2.29,"u":"6,98 €/KG","img":"https://fd6-photos.leclercdrive.fr/image.ashx?id=2790994&use=l&cat=p&typeid=i","cat":284266},{"id":92516,"n":"Poélée Légume Wok Notre Jardin Inde - 1kg","p":3.99,"u":"3,99 €/KG","img":"https://fd6-photos.leclercdrive.fr/image.ashx?id=2803957&use=l&cat=p&typeid=i","cat":319823},{"id":92530,"n":"Cidre fermier Doux NRT IGP  De Bretagne - 3%vol - 75cl","p":3.34,"u":"4,45 €/L","img":"https://fd6-photos.leclercdrive.fr/image.ashx?id=2791117&use=l&cat=p&typeid=i","cat":334880},{"id":92532,"n":"Céréales Quaker Cruesli Chocolat - 900g","p":4.89,"u":"5,43 €/KG","img":"https://fd6-photos.leclercdrive.fr/image.ashx?id=2212153&use=l&cat=p&typeid=i","cat":309512},{"id":92533,"n":"Céréales Quaker Cruesli Chocolat au lait - 450g","p":3.02,"u":"6,71 €/KG","img":"https://fd6-photos.leclercdrive.fr/image.ashx?id=2212156&use=l&cat=p&typeid=i","cat":309512},{"id":92689,"n":"Pain de mie Harrys Nature Extra moelleux - 280g","p":0.8,"u":"2,86 €/KG","img":"https://fd6-photos.leclercdrive.fr/image.ashx?id=2660727&use=l&cat=p&typeid=i","cat":284477},{"id":92702,"n":"Tomate ronde grappe Bio Village Bio - 500g","p":2.29,"u":"4,58 €/KG","img":"https://fd6-photos.leclercdrive.fr/image.ashx?id=2551996&use=l&cat=p&typeid=i","cat":284352},{"id":92761,"n":"Sacs poubelle 10L Eco+ Salle de bain - x30","p":1.05,"u":"0,04 €/P","img":"https://fd6-photos.leclercdrive.fr/image.ashx?id=2755052&use=l&cat=p&typeid=i","cat":285168},{"id":92780,"n":"Bière blonde Heineken 6x25cl","p":4.22,"u":"2,81 €/L","img":"https://fd6-photos.leclercdrive.fr/image.ashx?id=3011077&use=l&cat=p&typeid=i","cat":334873},{"id":92782,"n":"Thé glacé Fuze Tea Saveur pêche - 1.25L","p":1.48,"u":"1,18 €/L","img":"https://fd6-photos.leclercdrive.fr/image.ashx?id=2940390&use=l&cat=p&typeid=i","cat":295019},{"id":92804,"n":"Fromage à raclette Ermitage Goût fumé - 200g","p":2.69,"u":"13,45 €/KG","img":"https://fd6-photos.leclercdrive.fr/image.ashx?id=2311276&use=l&cat=p&typeid=i","cat":314037},{"id":92818,"n":"Tablette lave-vaisselle Rainett Tout en 1 Bicarbonate x30 -600g","p":5.64,"u":"9,40 €/KG","img":"https://fd6-photos.leclercdrive.fr/image.ashx?id=2506477&use=l&cat=p&typeid=i","cat":284656},{"id":92834,"n":"Chips extra Vico 6x30g","p":2.14,"u":"11,89 €/KG","img":"https://fd6-photos.leclercdrive.fr/image.ashx?id=2917816&use=l&cat=p&typeid=i","cat":284447},{"id":92837,"n":"Tuiles Chaque jour sans gluten Goût salé - 170g","p":2.12,"u":"12,47 €/KG","img":"https://fd6-photos.leclercdrive.fr/image.ashx?id=2463410&use=l&cat=p&typeid=i","cat":318654},{"id":92840,"n":"Vinaigre balsamique Rustica Blanc - 25cl","p":1.99,"u":"7,96 €/L","img":"https://fd6-photos.leclercdrive.fr/image.ashx?id=2603590&use=l&cat=p&typeid=i","cat":298543},{"id":92841,"n":"Huile de tournesol Rustica 50cl","p":1.49,"u":"2,98 €/L","img":"https://fd6-photos.leclercdrive.fr/image.ashx?id=2900349&use=l&cat=p&typeid=i","cat":284453},{"id":92861,"n":"Crème Visage Jour FPS 15 Nivea Hydratante - 50ml","p":3.91,"u":"78,20 €/L","img":"https://fd6-photos.leclercdrive.fr/image.ashx?id=3015335&use=l&cat=p&typeid=i","cat":325345},{"id":93022,"n":"Bière blonde Heineken 20x25cl","p":12.14,"u":"2,43 €/L","img":"https://fd6-photos.leclercdrive.fr/image.ashx?id=3011074&use=l&cat=p&typeid=i","cat":334873},{"id":93023,"n":"Bière blonde Heineken 12x25cl","p":7.43,"u":"2,48 €/L","img":"https://fd6-photos.leclercdrive.fr/image.ashx?id=3011080&use=l&cat=p&typeid=i","cat":334873},{"id":93030,"n":"Concombre Bio Bio Village x1","p":1.79,"img":"https://fd6-photos.leclercdrive.fr/image.ashx?id=2334257&use=l&cat=p&typeid=i","cat":284352},{"id":93031,"n":"Raclette nature Les croisés Sans croute - 700g","p":6.79,"u":"9,70 €/KG","img":"https://fd6-photos.leclercdrive.fr/image.ashx?id=2856335&use=l&cat=p&typeid=i","cat":314037},{"id":93032,"n":"Saucisson Justin Bridou Bâton de Berger Nature 250g","p":3.97,"u":"15,88 €/KG","img":"https://fd6-photos.leclercdrive.fr/image.ashx?id=2921313&use=l&cat=p&typeid=i","cat":316006},{"id":93033,"n":"Saucisson Fuet César Moroni  170g","p":3.19,"u":"18,76 €/KG","img":"https://fd6-photos.leclercdrive.fr/image.ashx?id=2916138&use=l&cat=p&typeid=i","cat":316006},{"id":93036,"n":"Rosette tranchée Cochonou  10 tranches - 93g","p":1.84,"u":"19,78 €/KG","img":"https://fd6-photos.leclercdrive.fr/image.ashx?id=2924107&use=l&cat=p&typeid=i","cat":316007},{"id":93037,"n":"Saucisson sec Tranché Cochonou 30 tranches - 93g","p":1.64,"u":"17,63 €/KG","img":"https://fd6-photos.leclercdrive.fr/image.ashx?id=2924104&use=l&cat=p&typeid=i","cat":316007},{"id":93040,"n":"AOC Crémant de Bordeaux brut  Chantet Blanet - 75cl","p":4.99,"u":"6,65 €/L","img":"https://fd6-photos.leclercdrive.fr/image.ashx?id=2756852&use=l&cat=p&typeid=i","cat":284545},{"id":93041,"n":"Fromage Caprice Des Dieux 300g","p":3.62,"u":"12,07 €/KG","img":"https://fd6-photos.leclercdrive.fr/image.ashx?id=2763178&use=l&cat=p&typeid=i","cat":314033},{"id":93050,"n":"Poivron Bicolore bio Bio Village x2","p":2.79,"u":"1,40 €/P","img":"https://fd6-photos.leclercdrive.fr/image.ashx?id=2960541&use=l&cat=p&typeid=i","cat":284352},{"id":93070,"n":"Crème dessert Bio Bio village Chocolat - 4x95g","p":1.28,"u":"3,37 €/KG","img":"https://fd6-photos.leclercdrive.fr/image.ashx?id=2992645&use=l&cat=p&typeid=i","cat":285041},{"id":93071,"n":"Champignons de Paris blancs Bio Bio Village - 200g","p":2.39,"u":"11,95 €/KG","img":"https://fd6-photos.leclercdrive.fr/image.ashx?id=2960550&use=l&cat=p&typeid=i","cat":284352},{"id":93089,"n":"Cidre fermier Brut NRT IGP  De Bretagne - 3%vol - 75cl","p":3.34,"u":"4,45 €/L","img":"https://fd6-photos.leclercdrive.fr/image.ashx?id=2791114&use=l&cat=p&typeid=i","cat":334880},{"id":93091,"n":"Bûche glacée Eskiss Vanille Caramel Pécan - 534g","p":3.85,"u":"7,21 €/KG","img":"https://fd6-photos.leclercdrive.fr/image.ashx?id=2791329&use=l&cat=p&typeid=i","cat":284266},{"id":93108,"n":"Bière Desperados Pack de 12x33cl","p":14.64,"u":"3,70 €/L","img":"https://fd6-photos.leclercdrive.fr/image.ashx?id=2983123&use=l&cat=p&typeid=i","cat":334878},{"id":93109,"n":"Bière Desperados Pack de 6x33cl","p":7.2,"u":"3,64 €/L","img":"https://fd6-photos.leclercdrive.fr/image.ashx?id=2999865&use=l&cat=p&typeid=i","cat":334878},{"id":93111,"n":"Camembert Le Rustique  250g","p":2.3,"u":"9,20 €/KG","img":"https://fd6-photos.leclercdrive.fr/image.ashx?id=2979722&use=l&cat=p&typeid=i","cat":314033},{"id":93112,"n":"Coulommiers Cœur de Lion  350g","p":2.57,"u":"7,34 €/KG","img":"https://fd6-photos.leclercdrive.fr/image.ashx?id=2766286&use=l&cat=p&typeid=i","cat":314033},{"id":93169,"n":"Jus ananas Caraïbos 75cl","p":2.14,"u":"2,85 €/L","img":"https://fd6-photos.leclercdrive.fr/image.ashx?id=3011287&use=l&cat=p&typeid=i","cat":284915},{"id":93185,"n":"Epinards hachés Bio Bio Village - 600g","p":1.76,"u":"2,93 €/KG","img":"https://fd6-photos.leclercdrive.fr/image.ashx?id=2898080&use=l&cat=p&typeid=i","cat":319805},{"id":93203,"n":"Lessive concentrée Epsil Pure fraîcheur x28 - 980ml","p":3.29,"u":"3,36 €/L","img":"https://fd6-photos.leclercdrive.fr/image.ashx?id=2450047&use=l&cat=p&typeid=i","cat":284640},{"id":93243,"n":"Dissolvant Inell Semi-permanent - 150ml","p":1.42,"u":"9,47 €/L","img":"https://fd6-photos.leclercdrive.fr/image.ashx?id=2691682&use=l&cat=p&typeid=i","cat":325347},{"id":93244,"n":"Sauce bolognaise Panzani 425g","p":1.87,"u":"4,40 €/KG","img":"https://fd6-photos.leclercdrive.fr/image.ashx?id=2989096&use=l&cat=p&typeid=i","cat":287599},{"id":93246,"n":"Assortiment Copains Copines Fraises bananes - 250g","p":1.19,"u":"4,76 €/KG","img":"https://fd6-photos.leclercdrive.fr/image.ashx?id=2934724&use=l&cat=p&typeid=i","cat":304250},{"id":93260,"n":"Biscuits Calèche LU Sélection gourmande - 250g","p":3.74,"u":"14,96 €/KG","img":"https://fd6-photos.leclercdrive.fr/image.ashx?id=1916631&use=l&cat=p&typeid=i","cat":284490},{"id":93310,"n":"Yaourt bifidus Activia vanille - 12x125g","p":4.27,"u":"2,85 €/KG","img":"https://fd6-photos.leclercdrive.fr/image.ashx?id=2999835&use=l&cat=p&typeid=i","cat":315000},{"id":93318,"n":"Vin de France Pinot Noir Bouchard Ainé et Fils - 75cl","p":6.29,"u":"8,39 €/L","img":"https://fd6-photos.leclercdrive.fr/image.ashx?id=2916105&use=l&cat=p&typeid=i","cat":289556},{"id":93398,"n":"Plat bébé Blédina 12 mois  Butternut dinde - 2x200g","p":2.63,"u":"6,58 €/KG","img":"https://fd6-photos.leclercdrive.fr/image.ashx?id=2975086&use=l&cat=p&typeid=i","cat":312237},{"id":93402,"n":"Bière Blonde Heineken 5% vol - 65cl","p":1.83,"u":"2,82 €/L","img":"https://fd6-photos.leclercdrive.fr/image.ashx?id=3008119&use=l&cat=p&typeid=i","cat":334873},{"id":93403,"n":"Bières Desperados 6x33cl","p":7.7,"u":"3,89 €/L","img":"https://fd6-photos.leclercdrive.fr/image.ashx?id=2977963&use=l&cat=p&typeid=i","cat":334853},{"id":93416,"n":"Sucre Beghin Say Vergeoise blonde nature - 500g","p":1.65,"u":"3,30 €/KG","img":"https://fd6-photos.leclercdrive.fr/image.ashx?id=2860184&use=l&cat=p&typeid=i","cat":284502},{"id":93418,"n":"Bière blonde La Goudale Rhum finish - 7,9% vol. - 75cl","p":4.1,"u":"5,47 €/L","img":"https://fd6-photos.leclercdrive.fr/image.ashx?id=2020428&use=l&cat=p&typeid=i","cat":334872},{"id":93421,"n":"Muscat Valauria  15,5%vol - 75cl","p":5.69,"u":"7,59 €/L","img":"https://fd6-photos.leclercdrive.fr/image.ashx?id=2484230&use=l&cat=p&typeid=i","cat":284913},{"id":93574,"n":"Kit pour Burritos 510g","p":2.81,"u":"5,51 €/KG","img":"https://fd6-photos.leclercdrive.fr/image.ashx?id=2679774&use=l&cat=p&typeid=i","cat":288993},{"id":93600,"n":"Dessert végétal soja Alpro Nature à la coco - 500g","p":1.83,"u":"3,66 €/KG","img":"https://fd6-photos.leclercdrive.fr/image.ashx?id=2976080&use=l&cat=p&typeid=i","cat":316071},{"id":93624,"n":"Papier toilette Mimosa Blanc 3 plis - x12","p":4.61,"u":"0,38 €/P","img":"https://fd6-photos.leclercdrive.fr/image.ashx?id=2777863&use=l&cat=p&typeid=i","cat":284634},{"id":93690,"n":"Nems à la Crevette et Crabe Tables du Monde x4 - 280g","p":2.04,"u":"7,29 €/KG","img":"https://fd6-photos.leclercdrive.fr/image.ashx?id=2853898&use=l&cat=p&typeid=i","cat":333673},{"id":93700,"n":"Tablette chocolat Côte d'Or Chocolat lait praliné - 200g","p":3.79,"u":"18,95 €/KG","img":"https://fd6-photos.leclercdrive.fr/image.ashx?id=2850222&use=l&cat=p&typeid=i","cat":284497},{"id":93750,"n":"Ratatouille Cuisinée Cassegrain à la Provençale 380g","p":2.8,"u":"7,37 €/KG","img":"https://fd6-photos.leclercdrive.fr/image.ashx?id=2970831&use=l&cat=p&typeid=i","cat":312612},{"id":93788,"n":"Escalope Cordon Bleu Père Dodu  Poulet x2 - 200g","p":2.29,"u":"11,45 €/KG","img":"https://fd6-photos.leclercdrive.fr/image.ashx?id=2957170&use=l&cat=p&typeid=i","cat":333683},{"id":93819,"n":"Poêlée de légume Notre Jardin Wok cuisiné Asie - 1kg","p":3.59,"u":"3,59 €/KG","img":"https://fd6-photos.leclercdrive.fr/image.ashx?id=2878600&use=l&cat=p&typeid=i","cat":319823},{"id":93854,"n":"Aubergines Cuisinées Cassegrain à la Provençale 375g","p":2.92,"u":"7,79 €/KG","img":"https://fd6-photos.leclercdrive.fr/image.ashx?id=2962086&use=l&cat=p&typeid=i","cat":312612},{"id":93936,"n":"Filets de poulet Eco+ Blanc - 1kg","p":9.49,"u":"9,49 €/KG","img":"https://fd6-photos.leclercdrive.fr/image.ashx?id=1931415&use=l&cat=p&typeid=i","cat":284336},{"id":93948,"n":"Filets de poulet Eco+ Jaune - 1kg","p":9.49,"u":"9,49 €/KG","img":"https://fd6-photos.leclercdrive.fr/image.ashx?id=1931418&use=l&cat=p&typeid=i","cat":284336},{"id":94052,"n":"Haricot Vert Cassegrain Extra Fin Ceuillis main 220g","p":2.14,"u":"9,73 €/KG","img":"https://fd6-photos.leclercdrive.fr/image.ashx?id=2955321&use=l&cat=p&typeid=i","cat":312606},{"id":94053,"n":"Gaufrette P'tit Déli Fraise des bois - 160g","p":1.49,"u":"9,31 €/KG","img":"https://fd6-photos.leclercdrive.fr/image.ashx?id=2915299&use=l&cat=p&typeid=i","cat":284489},{"id":94163,"n":"Comté AOP Entremont Tranché - 120g","p":2.72,"u":"22,67 €/KG","img":"https://fd6-photos.leclercdrive.fr/image.ashx?id=2983141&use=l&cat=p&typeid=i","cat":314028},{"id":94164,"n":"Fromage Crèmeux Saint Albray  200g","p":2.87,"u":"14,35 €/KG","img":"https://fd6-photos.leclercdrive.fr/image.ashx?id=2731825&use=l&cat=p&typeid=i","cat":329558},{"id":94180,"n":"Croquettes chat Ultima Stérilisé sensible - 3kg","p":14.52,"u":"4,84 €/KG","img":"https://fd6-photos.leclercdrive.fr/image.ashx?id=2906580&use=l&cat=p&typeid=i","cat":284680},{"id":94189,"n":"Sachet chat sénior Perfect Fit dinde poisson sauce - 4x85g","p":3.11,"u":"9,15 €/KG","img":"https://fd6-photos.leclercdrive.fr/image.ashx?id=2759730&use=l&cat=p&typeid=i","cat":285286},{"id":94210,"n":"Raclette piment Ermitage 200g","p":2.69,"u":"13,45 €/KG","img":"https://fd6-photos.leclercdrive.fr/image.ashx?id=2416697&use=l&cat=p&typeid=i","cat":314037},{"id":94213,"n":"Raclette 3 poivres Ermitage 200g","p":2.69,"u":"13,45 €/KG","img":"https://fd6-photos.leclercdrive.fr/image.ashx?id=2831915&use=l&cat=p&typeid=i","cat":314037},{"id":94215,"n":"Raclette aux cèpes  Ermitage - 200g","p":2.69,"u":"13,45 €/KG","img":"https://fd6-photos.leclercdrive.fr/image.ashx?id=2544206&use=l&cat=p&typeid=i","cat":314037},{"id":94258,"n":"Bière blonde Leffe 24x33cl","p":20.14,"u":"2,54 €/L","img":"https://fd6-photos.leclercdrive.fr/image.ashx?id=1928536&use=l&cat=p&typeid=i","cat":334852},{"id":94281,"n":"Rhum blanc Bologne 50%vol - 100cl","p":17.09,"u":"17,09 €/L","img":"https://fd6-photos.leclercdrive.fr/image.ashx?id=2876554&use=l&cat=p&typeid=i","cat":284550},{"id":94309,"n":"Croquettes chat stérilisé D’intérieur Ultima - 3kg","p":14.28,"u":"4,76 €/KG","img":"https://fd6-photos.leclercdrive.fr/image.ashx?id=2922230&use=l&cat=p&typeid=i","cat":284680},{"id":94406,"n":"Yaourt Grec nature 4x150g Eleveurs des Hauts de France","p":1.99,"u":"3,32 €/KG","img":"https://fd6-photos.leclercdrive.fr/image.ashx?id=1672468&use=l&cat=p&typeid=i","cat":314999},{"id":94408,"n":"Liégeois café 4x100g Eleveurs des Hauts de France","p":1.5,"u":"3,75 €/KG","img":"https://fd6-photos.leclercdrive.fr/image.ashx?id=1672462&use=l&cat=p&typeid=i","cat":285042},{"id":94409,"n":"Liégeois chocolat 4x100g Eleveurs des Hauts de France","p":1.48,"u":"3,70 €/KG","img":"https://fd6-photos.leclercdrive.fr/image.ashx?id=1667698&use=l&cat=p&typeid=i","cat":285042},{"id":94410,"n":"Crème dessert vanille 4x125g Eleveurs des Hauts de France","p":1.25,"u":"2,50 €/KG","img":"https://fd6-photos.leclercdrive.fr/image.ashx?id=1667695&use=l&cat=p&typeid=i","cat":285041},{"id":94411,"n":"Crème dessert chocolat 4x125g Eleveurs des Hauts de France","p":1.25,"u":"2,50 €/KG","img":"https://fd6-photos.leclercdrive.fr/image.ashx?id=1667692&use=l&cat=p&typeid=i","cat":285041},{"id":94486,"n":"Crackers Epi D'or 250g","p":1.27,"u":"5,08 €/KG","img":"https://fd6-photos.leclercdrive.fr/image.ashx?id=2791326&use=l&cat=p&typeid=i","cat":297000},{"id":94488,"n":"Olives Apéro Borges Farcies aux anchois - 150g","p":2.67,"u":"17,80 €/KG","img":"https://fd6-photos.leclercdrive.fr/image.ashx?id=2648896&use=l&cat=p&typeid=i","cat":284458},{"id":94525,"n":"Biscuits fourrés BN Chocolat - 375g","p":2.03,"u":"5,41 €/KG","img":"https://fd6-photos.leclercdrive.fr/image.ashx?id=2603216&use=l&cat=p&typeid=i","cat":284488},{"id":94535,"n":"Gel vaisselle Maison Net Bicarbonate et sauge - 1L","p":3.37,"u":"3,37 €/L","img":"https://fd6-photos.leclercdrive.fr/image.ashx?id=2562606&use=l&cat=p&typeid=i","cat":284655},{"id":94536,"n":"Gel vaisselle Maison Net Peaux sensibles - 1L","p":3.67,"u":"3,67 €/L","img":"https://fd6-photos.leclercdrive.fr/image.ashx?id=2023898&use=l&cat=p&typeid=i","cat":284655},{"id":94537,"n":"Gel vaisselle Maison Net Agrumes - 1L","p":3.66,"u":"3,66 €/L","img":"https://fd6-photos.leclercdrive.fr/image.ashx?id=2023901&use=l&cat=p&typeid=i","cat":284655},{"id":94612,"n":"Bière blonde biologique 75cl","p":4.54,"u":"6,05 €/L","img":"https://fd6-photos.leclercdrive.fr/image.ashx?id=2330053&use=l&cat=p&typeid=i","cat":334872},{"id":94635,"n":"Brasse végétal nature Andros 4x100g","p":2.76,"u":"6,90 €/KG","img":"https://fd6-photos.leclercdrive.fr/image.ashx?id=2872012&use=l&cat=p&typeid=i","cat":316071},{"id":94643,"n":"Brassé végétal Andros Framboise - 400g","p":2.58,"u":"6,45 €/KG","img":"https://fd6-photos.leclercdrive.fr/image.ashx?id=2879089&use=l&cat=p&typeid=i","cat":316071},{"id":94654,"n":"Yaourt bifidus Activia Vanille - 16x125g","p":5.23,"u":"2,62 €/KG","img":"https://fd6-photos.leclercdrive.fr/image.ashx?id=2741775&use=l&cat=p&typeid=i","cat":315000},{"id":94801,"n":"Oeufs frais De Nos Régions Élevées au Sol - x12","p":2.7,"u":"0,23 €/P","img":"https://fd6-photos.leclercdrive.fr/image.ashx?id=2969830&use=l&cat=p&typeid=i","cat":284378},{"id":94807,"n":"Cage de transport Ptit Ami  Gris - Petit modèle 48cm","p":12.9,"img":"https://fd6-photos.leclercdrive.fr/image.ashx?id=1720452&use=l&cat=p&typeid=i","cat":285161},{"id":94808,"n":"Cage de transport Ptit Ami  Bleu - Petit modèle 48cm","p":12.9,"img":"https://fd6-photos.leclercdrive.fr/image.ashx?id=1720455&use=l&cat=p&typeid=i","cat":285161},{"id":94853,"n":"Oeufs frais plein air Bio Bio village - x4","p":1.9,"u":"0,48 €/P","img":"https://fd6-photos.leclercdrive.fr/image.ashx?id=2983847&use=l&cat=p&typeid=i","cat":284378},{"id":94856,"n":"Oeufs frais plein air Oméga 3 - x20","p":4.54,"u":"0,23 €/P","img":"https://fd6-photos.leclercdrive.fr/image.ashx?id=2969985&use=l&cat=p&typeid=i","cat":284378},{"id":94857,"n":"Oeufs frais plein air Oeufs de Nos Régions - x4","p":0.99,"u":"0,25 €/P","img":"https://fd6-photos.leclercdrive.fr/image.ashx?id=2724859&use=l&cat=p&typeid=i","cat":284378},{"id":94858,"n":"Oeufs frais De Nos Régions Elevées au sol - Gros - x6","p":1.49,"u":"0,25 €/P","img":"https://fd6-photos.leclercdrive.fr/image.ashx?id=2969848&use=l&cat=p&typeid=i","cat":284378},{"id":94859,"n":"Yaourt à la grecque YAOS  Stracciatella - 4x125g","p":2.52,"u":"5,04 €/KG","img":"https://fd6-photos.leclercdrive.fr/image.ashx?id=2679506&use=l&cat=p&typeid=i","cat":314999},{"id":94860,"n":"Oeufs frais De Nos Régions Élevées au sol - x6","p":1.49,"u":"0,25 €/P","img":"https://fd6-photos.leclercdrive.fr/image.ashx?id=2969818&use=l&cat=p&typeid=i","cat":284378},{"id":94869,"n":"Le Yaourt à la fraise La Laitière - 4x125g","p":2.12,"u":"4,24 €/KG","img":"https://fd6-photos.leclercdrive.fr/image.ashx?id=2477949&use=l&cat=p&typeid=i","cat":286006},{"id":94926,"n":"Lait Éleveurs Hauts de France Paturage1/2 écrémé - 6x1L","p":7.14,"u":"1,19 €/L","img":"https://fd6-photos.leclercdrive.fr/image.ashx?id=1560967&use=l&cat=p&typeid=i","cat":284377},{"id":94928,"n":"AOC Bourgogne Chardonnay blanc Couvent des Visitandines 75cl","p":8.9,"u":"11,87 €/L","img":"https://fd6-photos.leclercdrive.fr/image.ashx?id=2870218&use=l&cat=p&typeid=i","cat":289557},{"id":95001,"n":"Feuilletés apéritifs  Vitacuire 80 pièces - 900g","p":7.29,"u":"8,10 €/KG","img":"https://fd6-photos.leclercdrive.fr/image.ashx?id=1643630&use=l&cat=p&typeid=i","cat":319774},{"id":95069,"n":"Patchs purifiants Bioré Au charbon - x6","p":4.8,"u":"0,80 €/P","img":"https://fd6-photos.leclercdrive.fr/image.ashx?id=2986819&use=l&cat=p&typeid=i","cat":325346},{"id":95077,"n":"Gel anti-calcaire Calgon  Hygiène Plus - 750ml","p":4.89,"u":"6,52 €/L","img":"https://fd6-photos.leclercdrive.fr/image.ashx?id=2953767&use=l&cat=p&typeid=i","cat":284653},{"id":95112,"n":"Bière Cervoise des Ancêtres BlondeTriple - 8.5% vol. - 75cl","p":4.35,"pp":2.87,"u":"3,83 €/L","img":"https://fd6-photos.leclercdrive.fr/image.ashx?id=2021244&use=l&cat=p&typeid=i","cat":334872},{"id":95457,"n":"Rôti de porc Label Rouge L'Atelier Charcuterie - 180g","p":3.99,"u":"22,17 €/KG","img":"https://fd6-photos.leclercdrive.fr/image.ashx?id=2979565&use=l&cat=p&typeid=i","cat":316009},{"id":95524,"n":"Essuie-tout bobine Mimosa 500 feuilles","p":3.69,"img":"https://fd6-photos.leclercdrive.fr/image.ashx?id=1523297&use=l&cat=p&typeid=i","cat":284635},{"id":95534,"n":"Saumon fumé Ronde des Mers Ecosse x4T - 140g","p":4.99,"u":"35,64 €/KG","img":"https://fd6-photos.leclercdrive.fr/image.ashx?id=2450053&use=l&cat=p&typeid=i","cat":285188},{"id":95535,"n":"Saumon fumé ASC Ronde des Mers Norvège x4T - 140g","p":4.99,"u":"35,64 €/KG","img":"https://fd6-photos.leclercdrive.fr/image.ashx?id=2832999&use=l&cat=p&typeid=i","cat":285188},{"id":95545,"n":"Matière grasse St Hubert Omega 3 - 52% MG - 510g","p":3.49,"u":"6,84 €/KG","img":"https://fd6-photos.leclercdrive.fr/image.ashx?id=2734072&use=l&cat=p&typeid=i","cat":315229},{"id":95547,"n":"Matière grasse St Hubert Omega 3 - 52% MG - 510g","p":3.49,"u":"6,84 €/KG","img":"https://fd6-photos.leclercdrive.fr/image.ashx?id=2734075&use=l&cat=p&typeid=i","cat":315229},{"id":95564,"n":"Crème fraîche légère Yoplait Fleurette 15% mg - 38cl","p":1.97,"u":"5,18 €/L","img":"https://fd6-photos.leclercdrive.fr/image.ashx?id=2733664&use=l&cat=p&typeid=i","cat":284381},{"id":95582,"n":"Papier toilette Mimosa Blanc 2 plis - x6","p":2.95,"u":"0,49 €/P","img":"https://fd6-photos.leclercdrive.fr/image.ashx?id=2777866&use=l&cat=p&typeid=i","cat":284634},{"id":95584,"n":"Dentifrice dentavie Bio Gencives sensibles - 75ml","p":4.0,"u":"53,33 €/L","img":"https://fd6-photos.leclercdrive.fr/image.ashx?id=2494764&use=l&cat=p&typeid=i","cat":284612},{"id":95585,"n":"Déodorant bille bio SoBio Etic Peaux sensibles et épilées-50ml","p":5.4,"u":"108,00 €/L","img":"https://fd6-photos.leclercdrive.fr/image.ashx?id=2740124&use=l&cat=p&typeid=i","cat":284595},{"id":95695,"n":"Poulet entier jaune Eco+ 1.3kg","p":4.59,"u":"3,53 €/KG","img":"https://fd6-photos.leclercdrive.fr/image.ashx?id=1931430&use=l&cat=p&typeid=i","cat":284336},{"id":95696,"n":"Poulet entier blanc Eco+ 1.3kg","p":4.59,"u":"3,53 €/KG","img":"https://fd6-photos.leclercdrive.fr/image.ashx?id=2858962&use=l&cat=p&typeid=i","cat":284336},{"id":95699,"n":"Cuisse de poulet blanc Eco+ 1 Kg","p":3.99,"u":"3,99 €/KG","img":"https://fd6-photos.leclercdrive.fr/image.ashx?id=1931421&use=l&cat=p&typeid=i","cat":284336},{"id":95700,"n":"Cuisses de poulet jaune Eco+ 1 Kg","p":3.99,"u":"3,99 €/KG","img":"https://fd6-photos.leclercdrive.fr/image.ashx?id=1931424&use=l&cat=p&typeid=i","cat":284336},{"id":95704,"n":"Vinaigrette Puget Xeres ail basilic - 330 ml","p":2.63,"u":"7,97 €/L","img":"https://fd6-photos.leclercdrive.fr/image.ashx?id=2939541&use=l&cat=p&typeid=i","cat":284456},{"id":95775,"n":"Yaourt brassé La Fermière  Mûres Myrtilles - 2x160g","p":2.32,"u":"7,25 €/KG","img":"https://fd6-photos.leclercdrive.fr/image.ashx?id=3004930&use=l&cat=p&typeid=i","cat":284410},{"id":95806,"n":"Gourmandises de volaille  Maître Coq - Pruneaux - 380g","p":6.95,"u":"18,29 €/KG","img":"https://fd6-photos.leclercdrive.fr/image.ashx?id=2962509&use=l&cat=p&typeid=i","cat":327289},{"id":95815,"n":"Dessert végétal soja alpro Vanille - 500g","p":1.79,"u":"3,58 €/KG","img":"https://fd6-photos.leclercdrive.fr/image.ashx?id=2977672&use=l&cat=p&typeid=i","cat":316071},{"id":95817,"n":"Dessert végétal soja alpro Nature à l'amande - 500g","p":1.79,"u":"3,58 €/KG","img":"https://fd6-photos.leclercdrive.fr/image.ashx?id=2977684&use=l&cat=p&typeid=i","cat":316071},{"id":95945,"n":"Pommes bicolores Panier du Primeur Barquette x6","p":1.99,"u":"0,33 €/P","img":"https://fd6-photos.leclercdrive.fr/image.ashx?id=2553920&use=l&cat=p&typeid=i","cat":284356},{"id":95947,"n":"Pommes jaunes Panier du Primeur x6","p":2.49,"u":"0,42 €/P","img":"https://fd6-photos.leclercdrive.fr/image.ashx?id=2338700&use=l&cat=p&typeid=i","cat":284356},{"id":95950,"n":"Soda cola Dr Pepper Réduit en calories - 1.5L","p":2.5,"u":"1,67 €/L","img":"https://fd6-photos.leclercdrive.fr/image.ashx?id=2024702&use=l&cat=p&typeid=i","cat":284533},{"id":95973,"n":"Eau minérale naturelle Evian  6x1,5l","p":3.46,"u":"0,38 €/L","img":"https://fd6-photos.leclercdrive.fr/image.ashx?id=2967717&use=l&cat=p&typeid=i","cat":284535},{"id":95975,"n":"Liquide vaisselle Visior Pomme poire - 750ml","p":1.3,"u":"1,73 €/L","img":"https://fd6-photos.leclercdrive.fr/image.ashx?id=1979269&use=l&cat=p&typeid=i","cat":284655},{"id":95976,"n":"Liquide vaisselle Visior Fruit rouge & Fleur - 750ml","p":1.3,"u":"1,73 €/L","img":"https://fd6-photos.leclercdrive.fr/image.ashx?id=2724586&use=l&cat=p&typeid=i","cat":284655},{"id":95977,"n":"Liquide vaisselle Visior Amande Calendula - 750ml","p":1.3,"u":"1,73 €/L","img":"https://fd6-photos.leclercdrive.fr/image.ashx?id=2872721&use=l&cat=p&typeid=i","cat":284655},{"id":95978,"n":"Liquide vaisselle Visior Pamplemousse vinaigre - 750ml","p":1.3,"u":"1,73 €/L","img":"https://fd6-photos.leclercdrive.fr/image.ashx?id=2898859&use=l&cat=p&typeid=i","cat":284655},{"id":95979,"n":"Gel douche Manava Orchidée Camélia - 250ml","p":1.15,"u":"4,60 €/L","img":"https://fd6-photos.leclercdrive.fr/image.ashx?id=2805033&use=l&cat=p&typeid=i","cat":284594},{"id":96057,"n":"Café grains Méo Espresso - 1kg","p":15.25,"u":"15,25 €/KG","img":"https://fd6-photos.leclercdrive.fr/image.ashx?id=2593977&use=l&cat=p&typeid=i","cat":293237},{"id":96089,"n":"Gel douche Manava Citron basilic - 250ml","p":1.15,"u":"4,60 €/L","img":"https://fd6-photos.leclercdrive.fr/image.ashx?id=2626823&use=l&cat=p&typeid=i","cat":284594},{"id":96091,"n":"Gel douche Manava Concombre aloe vera - 250ml","p":1.18,"u":"4,72 €/L","img":"https://fd6-photos.leclercdrive.fr/image.ashx?id=2626826&use=l&cat=p&typeid=i","cat":284594},{"id":96094,"n":"Gel douche Manava Mangue Acai - 250ml","p":1.15,"u":"4,60 €/L","img":"https://fd6-photos.leclercdrive.fr/image.ashx?id=2805036&use=l&cat=p&typeid=i","cat":284594},{"id":96095,"n":"Gel douche Manava Envolée de pétales - 250ml","p":1.15,"u":"4,60 €/L","img":"https://fd6-photos.leclercdrive.fr/image.ashx?id=1980232&use=l&cat=p&typeid=i","cat":284594},{"id":96096,"n":"Gel douche Manava Crumble fruits rouges - 250ml","p":1.29,"u":"5,16 €/L","img":"https://fd6-photos.leclercdrive.fr/image.ashx?id=2486464&use=l&cat=p&typeid=i","cat":284594},{"id":96097,"n":"Gel douche Manava Noisettes caramel - 250ml","p":1.3,"u":"5,20 €/L","img":"https://fd6-photos.leclercdrive.fr/image.ashx?id=2805039&use=l&cat=p&typeid=i","cat":284594},{"id":96284,"n":"Pois chiches - 3x130g","p":1.65,"u":"4,23 €/KG","img":"https://fd6-photos.leclercdrive.fr/image.ashx?id=3002626&use=l&cat=p&typeid=i","cat":312609},{"id":96287,"n":"Café San Marco Grains n°7 - 500g","p":11.11,"u":"22,22 €/KG","img":"https://fd6-photos.leclercdrive.fr/image.ashx?id=2322163&use=l&cat=p&typeid=i","cat":293237},{"id":96288,"n":"Donuts noisette Curly  100g","p":1.2,"u":"12,00 €/KG","img":"https://fd6-photos.leclercdrive.fr/image.ashx?id=2859398&use=l&cat=p&typeid=i","cat":284449},{"id":96289,"n":"Biscuit apéritif ancel Sticks Bretzels Original - 300g","p":1.79,"u":"5,97 €/KG","img":"https://fd6-photos.leclercdrive.fr/image.ashx?id=2841196&use=l&cat=p&typeid=i","cat":297000},{"id":96291,"n":"Mini Brioche Burger x10 - 200g","p":2.24,"u":"11,20 €/KG","img":"https://fd6-photos.leclercdrive.fr/image.ashx?id=2735284&use=l&cat=p&typeid=i","cat":325067},{"id":96416,"n":"Sauce soja Kikkoman 250ml","p":4.82,"u":"19,28 €/L","img":"https://fd6-photos.leclercdrive.fr/image.ashx?id=2544952&use=l&cat=p&typeid=i","cat":288992},{"id":96601,"n":"Dosettes Café Carte Noire  Arabica Espresso n°8 x60 - 420g","p":9.17,"u":"21,83 €/KG","img":"https://fd6-photos.leclercdrive.fr/image.ashx?id=2922188&use=l&cat=p&typeid=i","cat":293238},{"id":96667,"n":"Pain parisien  400GR","p":1.05,"u":"2,63 €/KG","img":"https://fd6-photos.leclercdrive.fr/image.ashx?id=565315&use=l&cat=p&typeid=i","cat":284359},{"id":96777,"n":"Crème mains Inell Hydratante - 100ml","p":1.35,"u":"13,50 €/L","img":"https://fd6-photos.leclercdrive.fr/image.ashx?id=2515688&use=l&cat=p&typeid=i","cat":325354},{"id":96827,"n":"Coupe-frites +2 grilles amovibles - 1 pièce","p":18.44,"img":"https://fd6-photos.leclercdrive.fr/image.ashx?id=2639723&use=l&cat=p&typeid=i","cat":334135},{"id":96832,"n":"Mini viennoiseries Epi d'Or x12 - 372g","p":4.23,"u":"11,37 €/KG","img":"https://fd6-photos.leclercdrive.fr/image.ashx?id=1879302&use=l&cat=p&typeid=i","cat":288858},{"id":96932,"n":"Saumon fumé Rondes des Mers ASC Norvège x2T - 75g","p":3.89,"u":"51,87 €/KG","img":"https://fd6-photos.leclercdrive.fr/image.ashx?id=2833123&use=l&cat=p&typeid=i","cat":285188},{"id":96934,"n":"Saumon fumé Bio Bio Village Atlantique x2T - 65g","p":3.6,"u":"55,38 €/KG","img":"https://fd6-photos.leclercdrive.fr/image.ashx?id=2839589&use=l&cat=p&typeid=i","cat":285188},{"id":96935,"n":"Saumon fumé Ronde des Mers Ecosse x2T - 75g","p":3.99,"u":"53,20 €/KG","img":"https://fd6-photos.leclercdrive.fr/image.ashx?id=2823093&use=l&cat=p&typeid=i","cat":285188},{"id":96936,"n":"Saumon fumé Ronde des Mers Ecosse x6T - 200g","p":8.2,"u":"41,00 €/KG","img":"https://fd6-photos.leclercdrive.fr/image.ashx?id=2450059&use=l&cat=p&typeid=i","cat":285188},{"id":96937,"n":"Saumon fumé Eco+ Norvège - 200g","p":4.69,"u":"23,45 €/KG","img":"https://fd6-photos.leclercdrive.fr/image.ashx?id=2794823&use=l&cat=p&typeid=i","cat":285188},{"id":96938,"n":"Saumon fumé Ronde des Mers ASC Norvège x6T - 210g","p":8.5,"u":"40,48 €/KG","img":"https://fd6-photos.leclercdrive.fr/image.ashx?id=2833135&use=l&cat=p&typeid=i","cat":285188},{"id":96946,"n":"Houmous Bio Bio Village 160g","p":2.5,"u":"15,63 €/KG","img":"https://fd6-photos.leclercdrive.fr/image.ashx?id=1921643&use=l&cat=p&typeid=i","cat":315999},{"id":96948,"n":"Tarama Gourmet 175g","p":1.99,"u":"11,37 €/KG","img":"https://fd6-photos.leclercdrive.fr/image.ashx?id=2885131&use=l&cat=p&typeid=i","cat":315999},{"id":96959,"n":"Pains au chocolat Epi d'Or x6 - 450g","p":2.95,"u":"6,56 €/KG","img":"https://fd6-photos.leclercdrive.fr/image.ashx?id=1983598&use=l&cat=p&typeid=i","cat":284267},{"id":96964,"n":"Merguez Eco+ x6 - 330g","p":2.83,"u":"8,58 €/KG","img":"https://fd6-photos.leclercdrive.fr/image.ashx?id=2580502&use=l&cat=p&typeid=i","cat":284334},{"id":96966,"n":"Chipolatas Eco+ x6 - 330g","p":2.46,"u":"7,45 €/KG","img":"https://fd6-photos.leclercdrive.fr/image.ashx?id=2580499&use=l&cat=p&typeid=i","cat":284334},{"id":97031,"n":"Yaourt à la grecque Délisse Café - 4x150g","p":2.49,"u":"4,15 €/KG","img":"https://fd6-photos.leclercdrive.fr/image.ashx?id=2883017&use=l&cat=p&typeid=i","cat":314999},{"id":97033,"n":"Gel Bain douche Manava Fleur de cerisier - 500ml","p":1.86,"u":"3,72 €/L","img":"https://fd6-photos.leclercdrive.fr/image.ashx?id=2618356&use=l&cat=p&typeid=i","cat":284594},{"id":97045,"n":"Thon entier Petit Navire Au naturel - 2x93g","p":3.15,"u":"16,94 €/KG","img":"https://fd6-photos.leclercdrive.fr/image.ashx?id=2961837&use=l&cat=p&typeid=i","cat":303867},{"id":97060,"n":"Tagada Haribo Sachet bonbons - 400g","p":1.69,"u":"4,23 €/KG","img":"https://fd6-photos.leclercdrive.fr/image.ashx?id=2801854&use=l&cat=p&typeid=i","cat":304250},{"id":97124,"n":"Manchons de poulet Eco+ 250g","p":2.03,"u":"8,12 €/KG","img":"https://fd6-photos.leclercdrive.fr/image.ashx?id=2742676&use=l&cat=p&typeid=i","cat":333685},{"id":97135,"n":"Lait bio Bio Village Brique Demi-écrémé UHT -  6x1L","p":6.3,"u":"1,05 €/L","img":"https://fd6-photos.leclercdrive.fr/image.ashx?id=2970030&use=l&cat=p&typeid=i","cat":284377},{"id":97660,"n":"Céréales Jordans Country Crisp Chocolat Noir 70% - 850g","p":5.32,"u":"6,26 €/KG","img":"https://fd6-photos.leclercdrive.fr/image.ashx?id=2940336&use=l&cat=p&typeid=i","cat":309512},{"id":97662,"n":"Thé vert Twinings Menthe x25 - 38g","p":2.75,"u":"72,37 €/KG","img":"https://fd6-photos.leclercdrive.fr/image.ashx?id=2906763&use=l&cat=p&typeid=i","cat":293233},{"id":97666,"n":"Thé vert gunpowder Twinings Menthe - x25 - 200g","p":5.84,"u":"29,20 €/KG","img":"https://fd6-photos.leclercdrive.fr/image.ashx?id=2955194&use=l&cat=p&typeid=i","cat":293233},{"id":97667,"n":"Thé russian Twinings Earl grey x20 - 30g","p":2.78,"u":"92,67 €/KG","img":"https://fd6-photos.leclercdrive.fr/image.ashx?id=2878306&use=l&cat=p&typeid=i","cat":293233},{"id":97677,"n":"Thé Twinings English breakfast x25 - 40g","p":2.76,"u":"69,00 €/KG","img":"https://fd6-photos.leclercdrive.fr/image.ashx?id=2893027&use=l&cat=p&typeid=i","cat":293233},{"id":97678,"n":"Céréales Jordans Country Crisp 4 Baies - 550g","p":3.55,"u":"6,45 €/KG","img":"https://fd6-photos.leclercdrive.fr/image.ashx?id=2997205&use=l&cat=p&typeid=i","cat":309512},{"id":97832,"n":"Foie gras canard IGP Sud-Ouest Nos Régions ont du Talent 80g","p":7.99,"u":"99,88 €/KG","img":"https://fd6-photos.leclercdrive.fr/image.ashx?id=2743888&use=l&cat=p&typeid=i","cat":316008},{"id":98098,"n":"Liquide vaisselle Visior Antiodeur - 500ml","p":0.64,"u":"1,28 €/L","img":"https://fd6-photos.leclercdrive.fr/image.ashx?id=2951122&use=l&cat=p&typeid=i","cat":284655},{"id":98114,"n":"Serviettes Doulys Normal+ Teenage - x14","p":1.29,"u":"0,09 €/P","img":"https://fd6-photos.leclercdrive.fr/image.ashx?id=2839938&use=l&cat=p&typeid=i","cat":284624},{"id":98251,"n":"Liquide Vaisselle Brillance  VISIOR - 500ml","p":0.64,"u":"1,28 €/L","img":"https://fd6-photos.leclercdrive.fr/image.ashx?id=2951125&use=l&cat=p&typeid=i","cat":284655},{"id":98252,"n":"Liquide vaisselle Visior Antibactérien - 500ml","p":0.64,"u":"1,28 €/L","img":"https://fd6-photos.leclercdrive.fr/image.ashx?id=2951131&use=l&cat=p&typeid=i","cat":284655},{"id":98253,"n":"Liquide vaisselle Visior Désincrustant sel - 500ml","p":0.64,"u":"1,28 €/L","img":"https://fd6-photos.leclercdrive.fr/image.ashx?id=2951128&use=l&cat=p&typeid=i","cat":284655},{"id":98417,"n":"Liquide vaisselle floral Visior 500ml","p":0.64,"u":"1,28 €/L","img":"https://fd6-photos.leclercdrive.fr/image.ashx?id=2951134&use=l&cat=p&typeid=i","cat":284655},{"id":98426,"n":"Spécial mie Epi d'Or Nature - 780g","p":2.14,"u":"2,74 €/KG","img":"https://fd6-photos.leclercdrive.fr/image.ashx?id=3012863&use=l&cat=p&typeid=i","cat":284477},{"id":98437,"n":"Chorizo fort Eco+ 250g","p":1.65,"u":"6,60 €/KG","img":"https://fd6-photos.leclercdrive.fr/image.ashx?id=2849563&use=l&cat=p&typeid=i","cat":316006},{"id":98443,"n":"Soda Coca-Cola Original Bouteille - Pack 6x1L","p":10.2,"u":"1,70 €/L","img":"https://fd6-photos.leclercdrive.fr/image.ashx?id=2830897&use=l&cat=p&typeid=i","cat":284530},{"id":98473,"n":"Coulommiers Renard Gillard Lait cru - 500g","p":7.79,"u":"15,58 €/KG","img":"https://fd6-photos.leclercdrive.fr/image.ashx?id=2374432&use=l&cat=p&typeid=i","cat":314036},{"id":98475,"n":"Blé soja haricots Céréal Bio  Façon Chili bio -220g","p":2.47,"u":"11,23 €/KG","img":"https://fd6-photos.leclercdrive.fr/image.ashx?id=2575096&use=l&cat=p&typeid=i","cat":287600},{"id":98561,"n":"Flam'fine courgette chèvre Basilic - 180g","p":3.28,"u":"18,22 €/KG","img":"https://fd6-photos.leclercdrive.fr/image.ashx?id=2473423&use=l&cat=p&typeid=i","cat":333680},{"id":98564,"n":"Foie gras de canard mi-cuit en terrine - 200g","p":15.97,"u":"79,85 €/KG","img":"https://fd6-photos.leclercdrive.fr/image.ashx?id=2631159&use=l&cat=p&typeid=i","cat":316008},{"id":98630,"n":"Compotes Douceur du Verger Panachées - x16","p":4.16,"u":"0,26 €/P","img":"https://fd6-photos.leclercdrive.fr/image.ashx?id=1986276&use=l&cat=p&typeid=i","cat":284416},{"id":98693,"n":"Masque Pieds Très Hydratant Huile de noix de coco - 1 paire","p":3.04,"img":"https://fd6-photos.leclercdrive.fr/image.ashx?id=3011011&use=l&cat=p&typeid=i","cat":325354},{"id":98700,"n":"Gel  douche Carré Homme Energisant - 250ml","p":1.15,"u":"4,60 €/L","img":"https://fd6-photos.leclercdrive.fr/image.ashx?id=1547270&use=l&cat=p&typeid=i","cat":284619},{"id":98807,"n":"Purée fruit bébé Blédina 6 mois Pomme cerise vanille - 4x100g","p":1.67,"u":"4,18 €/KG","img":"https://fd6-photos.leclercdrive.fr/image.ashx?id=2983024&use=l&cat=p&typeid=i","cat":312388},{"id":98811,"n":"Comprimé antibactérien Polident x36","p":2.58,"u":"0,07 €/P","img":"https://fd6-photos.leclercdrive.fr/image.ashx?id=2303843&use=l&cat=p&typeid=i","cat":285158},{"id":98813,"n":"Dentifrice Parodontax Soin blancheur - 75ml","p":3.57,"u":"47,60 €/L","img":"https://fd6-photos.leclercdrive.fr/image.ashx?id=2606391&use=l&cat=p&typeid=i","cat":284612},{"id":98814,"n":"Dentifrice Parodontax Soin quotidien - 75ml","p":3.64,"u":"48,53 €/L","img":"https://fd6-photos.leclercdrive.fr/image.ashx?id=2606394&use=l&cat=p&typeid=i","cat":284612},{"id":98822,"n":"Purée fruit bébé Blédina 6 mois Pomme kiwi ananas - 4x100g","p":1.67,"u":"4,18 €/KG","img":"https://fd6-photos.leclercdrive.fr/image.ashx?id=2983030&use=l&cat=p&typeid=i","cat":312388},{"id":98828,"n":"Purée fruit bébé Blédina 6 mois Pomme poire mandarine - 4x100g","p":1.61,"u":"4,03 €/KG","img":"https://fd6-photos.leclercdrive.fr/image.ashx?id=2983033&use=l&cat=p&typeid=i","cat":312388},{"id":98831,"n":"Purée fruit bébé Blédina 6 mois Harmonie de fruits - 4x100g","p":1.79,"u":"4,48 €/KG","img":"https://fd6-photos.leclercdrive.fr/image.ashx?id=2983036&use=l&cat=p&typeid=i","cat":312388},{"id":98834,"n":"Purée fruit bébé Blédina 6 mois Pomme mangue passion - 4x100g","p":1.67,"u":"4,18 €/KG","img":"https://fd6-photos.leclercdrive.fr/image.ashx?id=2983039&use=l&cat=p&typeid=i","cat":312388},{"id":98836,"n":"Purée fruit bébé Blédina 6 mois Pomme poire vanille - 12x100g","p":4.89,"u":"4,08 €/KG","img":"https://fd6-photos.leclercdrive.fr/image.ashx?id=2983045&use=l&cat=p&typeid=i","cat":312388},{"id":98837,"n":"Purée fruit bébé Blédina 6 mois Pomme fraises banane - 4x100g","p":1.79,"u":"4,48 €/KG","img":"https://fd6-photos.leclercdrive.fr/image.ashx?id=2983048&use=l&cat=p&typeid=i","cat":312388},{"id":98872,"n":"Boisson Thé Glacé FuzeTea Mangue Camomille - 1,25L","p":1.6,"u":"1,28 €/L","img":"https://fd6-photos.leclercdrive.fr/image.ashx?id=2997220&use=l&cat=p&typeid=i","cat":295019},{"id":98875,"n":"Thé glacé Fuze Tea  Pêche Hibiscus - 1,25L","p":1.62,"u":"1,30 €/L","img":"https://fd6-photos.leclercdrive.fr/image.ashx?id=2940393&use=l&cat=p&typeid=i","cat":295019},{"id":98888,"n":"AOP Chablis blanc La Chablisienne - 75 cl","p":11.95,"u":"15,93 €/L","img":"https://fd6-photos.leclercdrive.fr/image.ashx?id=2107009&use=l&cat=p&typeid=i","cat":289557},{"id":98935,"n":"Dentifrice Blancheur Signal  Nature Elements Coco 2x75ml","p":3.52,"u":"23,47 €/L","img":"https://fd6-photos.leclercdrive.fr/image.ashx?id=2338654&use=l&cat=p&typeid=i","cat":284612},{"id":99197,"n":"Sauce froide Suzi Wan Aigre douce Pimentée - 350g","p":2.22,"u":"6,34 €/KG","img":"https://fd6-photos.leclercdrive.fr/image.ashx?id=2429902&use=l&cat=p&typeid=i","cat":288992},{"id":99216,"n":"Beurre Elle&Vire Condé sur Vire Doux - 82% MG - 250g","p":2.93,"u":"11,72 €/KG","img":"https://fd6-photos.leclercdrive.fr/image.ashx?id=2811131&use=l&cat=p&typeid=i","cat":284379},{"id":99248,"n":"Bouillon Kub Or Maggi 32 cubes - 128g","p":1.21,"u":"9,45 €/KG","img":"https://fd6-photos.leclercdrive.fr/image.ashx?id=2692737&use=l&cat=p&typeid=i","cat":288379},{"id":99553,"n":"Pois chiche Bio VIllage Bio - 215g","p":2.1,"u":"9,77 €/KG","img":"https://fd6-photos.leclercdrive.fr/image.ashx?id=3002683&use=l&cat=p&typeid=i","cat":312609},{"id":99560,"n":"Haricots verts fins Eco  440g","p":1.09,"u":"2,48 €/KG","img":"https://fd6-photos.leclercdrive.fr/image.ashx?id=2729251&use=l&cat=p&typeid=i","cat":312606},{"id":99562,"n":"Haricots verts Eco  Très fins - 440g","p":1.02,"u":"2,32 €/KG","img":"https://fd6-photos.leclercdrive.fr/image.ashx?id=3003723&use=l&cat=p&typeid=i","cat":312606},{"id":99570,"n":"Ratatouille Eco+ 750g","p":1.08,"u":"1,44 €/KG","img":"https://fd6-photos.leclercdrive.fr/image.ashx?id=2703446&use=l&cat=p&typeid=i","cat":312612},{"id":99574,"n":"Poêlée savoyarde  900g","p":4.02,"u":"4,47 €/KG","img":"https://fd6-photos.leclercdrive.fr/image.ashx?id=2478931&use=l&cat=p&typeid=i","cat":319823},{"id":99589,"n":"Secret de crème Président 25%mg Semi-épaisse - 3x20cl+1 offert","p":4.19,"u":"5,24 €/L","img":"https://fd6-photos.leclercdrive.fr/image.ashx?id=3011101&use=l&cat=p&typeid=i","cat":284381},{"id":99703,"n":"Eau micellaire Diadermine Hydratant - 400ml","p":5.04,"u":"12,60 €/L","img":"https://fd6-photos.leclercdrive.fr/image.ashx?id=2549624&use=l&cat=p&typeid=i","cat":284603},{"id":99734,"n":"Capsules café L'Or Espresso Or Absolu N°9 x20","p":7.48,"u":"71,92 €/KG","img":"https://fd6-photos.leclercdrive.fr/image.ashx?id=2859971&use=l&cat=p&typeid=i","cat":284749},{"id":99774,"n":"Biscuits sablés Granola Chocolat noir - 195g","p":1.72,"u":"8,82 €/KG","img":"https://fd6-photos.leclercdrive.fr/image.ashx?id=2982979&use=l&cat=p&typeid=i","cat":284488},{"id":99788,"n":"Capsules café L'Or Espresso Lungo Profondo N°8 x20","p":6.92,"u":"66,54 €/KG","img":"https://fd6-photos.leclercdrive.fr/image.ashx?id=3005796&use=l&cat=p&typeid=i","cat":284749},{"id":99880,"n":"Crème Visage Jour FPS 30 Nivea Anti-rides Cellular - 50ml","p":15.33,"u":"306,60 €/L","img":"https://fd6-photos.leclercdrive.fr/image.ashx?id=2298775&use=l&cat=p&typeid=i","cat":325345},{"id":99900,"n":"Soin amincissant Linéance Profiler nuit + - 180ml","p":11.72,"u":"65,11 €/L","img":"https://fd6-photos.leclercdrive.fr/image.ashx?id=1748813&use=l&cat=p&typeid=i","cat":325350},{"id":99921,"n":"Shampooing Nateis Cheveux gris ou blancs - 250ml","p":1.39,"u":"5,56 €/L","img":"https://fd6-photos.leclercdrive.fr/image.ashx?id=2395820&use=l&cat=p&typeid=i","cat":284606},{"id":99922,"n":"Lait de douche Manava Framboise - 250ml","p":0.94,"u":"3,76 €/L","img":"https://fd6-photos.leclercdrive.fr/image.ashx?id=2618353&use=l&cat=p&typeid=i","cat":284594},{"id":99965,"n":"Biscuit speculoos Lotus Biscoff 750g (6x125g)","p":4.5,"u":"6,00 €/KG","img":"https://fd6-photos.leclercdrive.fr/image.ashx?id=2693818&use=l&cat=p&typeid=i","cat":284487},{"id":99973,"n":"Biscuits petit déjeuner Belvita Moelleux fruits rouges - 250g","p":2.49,"u":"9,96 €/KG","img":"https://fd6-photos.leclercdrive.fr/image.ashx?id=3005329&use=l&cat=p&typeid=i","cat":284491},{"id":99975,"n":"Vodka Zubrowka Bison grass - 37.5%vol - 70cl","p":17.03,"u":"24,33 €/L","img":"https://fd6-photos.leclercdrive.fr/image.ashx?id=2879820&use=l&cat=p&typeid=i","cat":284550},{"id":99976,"n":"Biscuit petit déjeuner Belvita Brut - 600g","p":3.64,"u":"6,07 €/KG","img":"https://fd6-photos.leclercdrive.fr/image.ashx?id=2112935&use=l&cat=p&typeid=i","cat":285281},{"id":100017,"n":"Pain de mie Jacquet Maxi sans sucres ajoutés - 550g","p":1.51,"u":"2,75 €/KG","img":"https://fd6-photos.leclercdrive.fr/image.ashx?id=2935705&use=l&cat=p&typeid=i","cat":284477},{"id":100220,"n":"Gnocchi à poêler Lustucru Extra Raclette - 280g","p":2.95,"u":"10,54 €/KG","img":"https://fd6-photos.leclercdrive.fr/image.ashx?id=2786177&use=l&cat=p&typeid=i","cat":333682},{"id":100250,"n":"Yaourt nature sucré Kit-Kat Billes chocolat - 4x115g","p":2.78,"u":"6,04 €/KG","img":"https://fd6-photos.leclercdrive.fr/image.ashx?id=2875954&use=l&cat=p&typeid=i","cat":284414},{"id":100334,"n":"Gel bain douche Manava Coton macadamia - 500ml","p":1.88,"u":"3,76 €/L","img":"https://fd6-photos.leclercdrive.fr/image.ashx?id=1644734&use=l&cat=p&typeid=i","cat":284594},{"id":100349,"n":"Bain de bouche Parodontax Menthe douce - 500ml","p":5.27,"u":"10,54 €/L","img":"https://fd6-photos.leclercdrive.fr/image.ashx?id=2485982&use=l&cat=p&typeid=i","cat":284613},{"id":100356,"n":"Crayon Yeux Maybelline Effet Tatouage 900 Deep Onyx","p":6.21,"pp":4.1,"img":"https://fd6-photos.leclercdrive.fr/image.ashx?id=2904865&use=l&cat=p&typeid=i","cat":287029},{"id":100485,"n":"Chocolat noir Bio Village Bio Dégustation 85% cacao 100g","p":1.87,"u":"18,70 €/KG","img":"https://fd6-photos.leclercdrive.fr/image.ashx?id=2723380&use=l&cat=p&typeid=i","cat":284956},{"id":100589,"n":"Gateaux au yaourt P'tit Déli Talonne chocolat - 210g","p":2.49,"u":"11,86 €/KG","img":"https://fd6-photos.leclercdrive.fr/image.ashx?id=1981526&use=l&cat=p&typeid=i","cat":294776},{"id":100594,"n":"Petit pois carotte Bio Village Bio - 215g","p":1.62,"u":"7,53 €/KG","img":"https://fd6-photos.leclercdrive.fr/image.ashx?id=3002692&use=l&cat=p&typeid=i","cat":312607},{"id":100595,"n":"Papier toilette Uni Vert Blanc 3 plis recyclés - x6","p":2.34,"u":"0,39 €/P","img":"https://fd6-photos.leclercdrive.fr/image.ashx?id=2571938&use=l&cat=p&typeid=i","cat":284634},{"id":100596,"n":"Petits pois fins Bio Village Bio - 230g","p":1.81,"u":"7,87 €/KG","img":"https://fd6-photos.leclercdrive.fr/image.ashx?id=3002689&use=l&cat=p&typeid=i","cat":312607},{"id":100673,"n":"Soda Coca-Cola sans sucres Bouteilles - 6x1L","p":7.54,"u":"1,26 €/L","img":"https://fd6-photos.leclercdrive.fr/image.ashx?id=2178352&use=l&cat=p&typeid=i","cat":284530},{"id":100705,"n":"Tartine Petit dejeuner Jacquet 410g","p":1.53,"u":"3,73 €/KG","img":"https://fd6-photos.leclercdrive.fr/image.ashx?id=2991855&use=l&cat=p&typeid=i","cat":284477},{"id":100725,"n":"Pain de mie La Boulangère Toastiligne Aux céréales - 500g","p":1.55,"u":"3,10 €/KG","img":"https://fd6-photos.leclercdrive.fr/image.ashx?id=2912401&use=l&cat=p&typeid=i","cat":284477},{"id":100756,"n":"Nettoyant multi-usages Rainett Ecolabel citron vert - 1L","p":1.9,"u":"1,90 €/L","img":"https://fd6-photos.leclercdrive.fr/image.ashx?id=2312218&use=l&cat=p&typeid=i","cat":284907},{"id":100790,"n":"Kit fajitas Old El Paso tomates poivrons - 500g","p":4.42,"u":"8,84 €/KG","img":"https://fd6-photos.leclercdrive.fr/image.ashx?id=2764628&use=l&cat=p&typeid=i","cat":288993},{"id":100792,"n":"Wraps Old El Paso de blé complet x6 - 350g","p":2.67,"u":"7,63 €/KG","img":"https://fd6-photos.leclercdrive.fr/image.ashx?id=2940573&use=l&cat=p&typeid=i","cat":288993},{"id":100970,"n":"Fromage frais Isigny St Mère Lissé - 500g","p":2.64,"u":"5,28 €/KG","img":"https://fd6-photos.leclercdrive.fr/image.ashx?id=2862248&use=l&cat=p&typeid=i","cat":284409},{"id":100981,"n":"Courgettes Cuisinées Cassegrain à la Provençale 375g","p":2.96,"u":"7,89 €/KG","img":"https://fd6-photos.leclercdrive.fr/image.ashx?id=2977951&use=l&cat=p&typeid=i","cat":312612},{"id":100989,"n":"Céréales Trésor de Kellogg's Choco Roulette - 620g","p":4.5,"u":"7,26 €/KG","img":"https://fd6-photos.leclercdrive.fr/image.ashx?id=2598337&use=l&cat=p&typeid=i","cat":309513},{"id":100991,"n":"Céréales Trésor de Kellogg's Chocolat Noisettes - 410g","p":2.92,"u":"7,12 €/KG","img":"https://fd6-photos.leclercdrive.fr/image.ashx?id=2584238&use=l&cat=p&typeid=i","cat":309513},{"id":101003,"n":"Maquereaux naturel Saupiquet 3x169g","p":5.99,"u":"11,81 €/KG","img":"https://fd6-photos.leclercdrive.fr/image.ashx?id=2845937&use=l&cat=p&typeid=i","cat":303868},{"id":101047,"n":"Croquettes chat Ultima  Nature Poulet - 1.25kg","p":7.16,"u":"5,73 €/KG","img":"https://fd6-photos.leclercdrive.fr/image.ashx?id=2569959&use=l&cat=p&typeid=i","cat":284680},{"id":101050,"n":"Croquette chat stérilisé Ultima  Nature - Saumon - 1.25kg","p":8.21,"u":"6,57 €/KG","img":"https://fd6-photos.leclercdrive.fr/image.ashx?id=2569962&use=l&cat=p&typeid=i","cat":284680},{"id":101056,"n":"Adoucissant concentré Hyperdou Rosée du matin - 750ml","p":1.99,"u":"2,65 €/L","img":"https://fd6-photos.leclercdrive.fr/image.ashx?id=2602910&use=l&cat=p&typeid=i","cat":284650},{"id":101058,"n":"Adoucissant concentré Hyperdou Passion tropicale - 750ml","p":1.99,"u":"2,65 €/L","img":"https://fd6-photos.leclercdrive.fr/image.ashx?id=2683565&use=l&cat=p&typeid=i","cat":284650},{"id":101059,"n":"Adoucissant concentré Hyperdou Couché soleil - 750ml","p":1.99,"u":"2,65 €/L","img":"https://fd6-photos.leclercdrive.fr/image.ashx?id=2602943&use=l&cat=p&typeid=i","cat":284650},{"id":101115,"n":"Céréales Trésor de Kellogg's Chocolat au Lait - 410g","p":2.96,"u":"7,22 €/KG","img":"https://fd6-photos.leclercdrive.fr/image.ashx?id=2584241&use=l&cat=p&typeid=i","cat":309513},{"id":101231,"n":"Le Gourmand Garden Gourmet Soja, Poivre et Persil 160g","p":2.69,"u":"16,81 €/KG","img":"https://fd6-photos.leclercdrive.fr/image.ashx?id=2988683&use=l&cat=p&typeid=i","cat":316036},{"id":101268,"n":"Citronnade Andros - 1l","p":2.48,"u":"2,48 €/L","img":"https://fd6-photos.leclercdrive.fr/image.ashx?id=2882869&use=l&cat=p&typeid=i","cat":285435},{"id":101269,"n":"Mojito sans alcool  Andros - 1L","p":2.63,"u":"2,63 €/L","img":"https://fd6-photos.leclercdrive.fr/image.ashx?id=2882878&use=l&cat=p&typeid=i","cat":284549},{"id":101288,"n":"Mousse végétal Andros Chocolat - 4x55g","p":2.95,"u":"13,41 €/KG","img":"https://fd6-photos.leclercdrive.fr/image.ashx?id=2963433&use=l&cat=p&typeid=i","cat":316071},{"id":101290,"n":"Compotée Bonne Maman Fraise/Famboise/Sureau - 260g","p":2.83,"u":"10,88 €/KG","img":"https://fd6-photos.leclercdrive.fr/image.ashx?id=2874033&use=l&cat=p&typeid=i","cat":284416},{"id":101324,"n":"Assiettes plates kraft Homeside 23cm - x50","p":3.64,"u":"0,07 €/P","img":"https://fd6-photos.leclercdrive.fr/image.ashx?id=1660519&use=l&cat=p&typeid=i","cat":334134},{"id":101327,"n":"Yaourt à boire actimel nature 0%mg - 12x100g","p":4.87,"u":"4,06 €/KG","img":"https://fd6-photos.leclercdrive.fr/image.ashx?id=2996479&use=l&cat=p&typeid=i","cat":284415},{"id":101348,"n":"Barres Chocolatées KINDER BUENO  Chocolat au Lait x12 - 516g","p":8.34,"u":"16,16 €/KG","img":"https://fd6-photos.leclercdrive.fr/image.ashx?id=2402946&use=l&cat=p&typeid=i","cat":284498},{"id":101349,"n":"Crème dessert Danette Vanille - 6x125g","p":1.94,"u":"2,59 €/KG","img":"https://fd6-photos.leclercdrive.fr/image.ashx?id=2923498&use=l&cat=p&typeid=i","cat":285041},{"id":101350,"n":"liégeois vanille danette - 4x100g","p":1.46,"u":"3,65 €/KG","img":"https://fd6-photos.leclercdrive.fr/image.ashx?id=2907848&use=l&cat=p&typeid=i","cat":285042},{"id":101352,"n":"Crème dessert Danette  Chocolat - 6x125g","p":1.91,"u":"2,55 €/KG","img":"https://fd6-photos.leclercdrive.fr/image.ashx?id=2915395&use=l&cat=p&typeid=i","cat":285041},{"id":101374,"n":"Scotch Whisky William Peel 40% Vol - 50cl","p":10.07,"u":"20,14 €/L","img":"https://fd6-photos.leclercdrive.fr/image.ashx?id=2559214&use=l&cat=p&typeid=i","cat":284547},{"id":101415,"n":"Couteaux en bois Homeside x20","p":1.98,"u":"0,10 €/P","img":"https://fd6-photos.leclercdrive.fr/image.ashx?id=1663736&use=l&cat=p&typeid=i","cat":334134},{"id":101416,"n":"Fourchettes en bois Homeside x20","p":1.98,"u":"0,10 €/P","img":"https://fd6-photos.leclercdrive.fr/image.ashx?id=1663733&use=l&cat=p&typeid=i","cat":334134},{"id":101418,"n":"Cuillères en bois Homeside x20","p":1.98,"u":"0,10 €/P","img":"https://fd6-photos.leclercdrive.fr/image.ashx?id=1663730&use=l&cat=p&typeid=i","cat":334134},{"id":101456,"n":"Barres Chocolatées KINDER Maxi Chocolat au Lait x18 - 378g","p":5.36,"u":"14,18 €/KG","img":"https://fd6-photos.leclercdrive.fr/image.ashx?id=2673854&use=l&cat=p&typeid=i","cat":284498},{"id":101461,"n":"Pâtes Collezione Barilla Fusilli Bucati Corti - 500g","p":1.57,"u":"3,14 €/KG","img":"https://fd6-photos.leclercdrive.fr/image.ashx?id=2991003&use=l&cat=p&typeid=i","cat":284427},{"id":101473,"n":"Petit Pois, Carotte Cassegrain Tendre et Fondant 265g","p":1.82,"u":"6,87 €/KG","img":"https://fd6-photos.leclercdrive.fr/image.ashx?id=2951692&use=l&cat=p&typeid=i","cat":312607},{"id":101478,"n":"Petit Chinois La fournée Dorée Crème patissière - x6 - 300g","p":2.14,"u":"7,13 €/KG","img":"https://fd6-photos.leclercdrive.fr/image.ashx?id=2964492&use=l&cat=p&typeid=i","cat":296366},{"id":101483,"n":"Tablette chocolat Côte d'Or Chocolat noir 70% - 100g","p":1.87,"u":"18,70 €/KG","img":"https://fd6-photos.leclercdrive.fr/image.ashx?id=2985591&use=l&cat=p&typeid=i","cat":284956},{"id":101502,"n":"Crème dessert Danette Vanille - 4x125g","p":1.49,"u":"2,98 €/KG","img":"https://fd6-photos.leclercdrive.fr/image.ashx?id=2029487&use=l&cat=p&typeid=i","cat":285041},{"id":101505,"n":"Jus de pruneaux Bio Village Bio - 1L","p":3.99,"u":"3,99 €/L","img":"https://fd6-photos.leclercdrive.fr/image.ashx?id=2901560&use=l&cat=p&typeid=i","cat":284915},{"id":101564,"n":"chocolat noir alter eco   republique dominicaine bio 100g","p":2.88,"u":"28,80 €/KG","img":"https://fd6-photos.leclercdrive.fr/image.ashx?id=2906556&use=l&cat=p&typeid=i","cat":284956},{"id":101580,"n":"Banane Bio Max Havelaar  Bio Village x5","p":1.99,"u":"0,40 €/P","img":"https://fd6-photos.leclercdrive.fr/image.ashx?id=2323988&use=l&cat=p&typeid=i","cat":284356},{"id":101602,"n":"Douceur satinée Délisse Vanille - 4x125g","p":1.68,"u":"3,36 €/KG","img":"https://fd6-photos.leclercdrive.fr/image.ashx?id=2129236&use=l&cat=p&typeid=i","cat":314999},{"id":101618,"n":"Haricots verts Bio Bonduelle 500g","p":2.64,"u":"5,28 €/KG","img":"https://fd6-photos.leclercdrive.fr/image.ashx?id=2913088&use=l&cat=p&typeid=i","cat":319805},{"id":101620,"n":"Matière grasse Rustica Omega 3 50%MG -Doux -250G","p":0.99,"u":"3,96 €/KG","img":"https://fd6-photos.leclercdrive.fr/image.ashx?id=2904583&use=l&cat=p&typeid=i","cat":315229},{"id":101692,"n":"Crème dessert Danette Vanille caramel - 4x125g","p":1.69,"u":"3,38 €/KG","img":"https://fd6-photos.leclercdrive.fr/image.ashx?id=2928408&use=l&cat=p&typeid=i","cat":285041},{"id":101695,"n":"crème dessert chocolat danette - 8x125g","p":2.8,"u":"2,80 €/KG","img":"https://fd6-photos.leclercdrive.fr/image.ashx?id=2949841&use=l&cat=p&typeid=i","cat":285041},{"id":101696,"n":"crème dessert caramel danette - 4x125g","p":1.53,"u":"3,06 €/KG","img":"https://fd6-photos.leclercdrive.fr/image.ashx?id=2926236&use=l&cat=p&typeid=i","cat":285041},{"id":101697,"n":"crème dessert chocolat noisette danette - 4x125g","p":1.61,"u":"3,22 €/KG","img":"https://fd6-photos.leclercdrive.fr/image.ashx?id=2902630&use=l&cat=p&typeid=i","cat":285041},{"id":101699,"n":"crème dessert pistache danette - 4x125g","p":1.67,"u":"3,34 €/KG","img":"https://fd6-photos.leclercdrive.fr/image.ashx?id=1984885&use=l&cat=p&typeid=i","cat":285041},{"id":101701,"n":"crème dessert chocolat caramel vanille danette - 12x115g","p":3.45,"u":"2,50 €/KG","img":"https://fd6-photos.leclercdrive.fr/image.ashx?id=2949844&use=l&cat=p&typeid=i","cat":285041},{"id":101707,"n":"crème dessert chocolat danette - 4x125g","p":1.49,"u":"2,98 €/KG","img":"https://fd6-photos.leclercdrive.fr/image.ashx?id=2927291&use=l&cat=p&typeid=i","cat":285041},{"id":101708,"n":"liégeois chocolat danette - 8x100g","p":2.73,"u":"3,41 €/KG","img":"https://fd6-photos.leclercdrive.fr/image.ashx?id=1984897&use=l&cat=p&typeid=i","cat":285042},{"id":101710,"n":"crème dessert chocolat noir danette - 4x125g","p":1.59,"u":"3,18 €/KG","img":"https://fd6-photos.leclercdrive.fr/image.ashx?id=2927294&use=l&cat=p&typeid=i","cat":285041},{"id":101711,"n":"Crème dessert Danette Chocolat Vanille - 12x115g","p":3.59,"u":"2,60 €/KG","img":"https://fd6-photos.leclercdrive.fr/image.ashx?id=2228528&use=l&cat=p&typeid=i","cat":285041},{"id":101712,"n":"crème dessert 3 chocolats danette - 12x115g","p":3.81,"u":"2,76 €/KG","img":"https://fd6-photos.leclercdrive.fr/image.ashx?id=2949847&use=l&cat=p&typeid=i","cat":285041},{"id":101715,"n":"Petit beurre Michel et Augustin Comté poivre noir - 100g","p":2.84,"u":"28,40 €/KG","img":"https://fd6-photos.leclercdrive.fr/image.ashx?id=2108975&use=l&cat=p&typeid=i","cat":297000},{"id":101723,"n":"Petit beurre Michel et Augustin Chèvre AOP sarriete - 100g","p":2.72,"u":"27,20 €/KG","img":"https://fd6-photos.leclercdrive.fr/image.ashx?id=2108996&use=l&cat=p&typeid=i","cat":297000},{"id":101762,"n":"Noix de St Jacques Eco+ Sans corail - MSC - 300g","p":5.2,"u":"17,33 €/KG","img":"https://fd6-photos.leclercdrive.fr/image.ashx?id=2790868&use=l&cat=p&typeid=i","cat":319787},{"id":101850,"n":"Litière agglomérante Catsan  Active fresh pour chat - 5L","p":6.83,"u":"1,37 €/L","img":"https://fd6-photos.leclercdrive.fr/image.ashx?id=2681928&use=l&cat=p&typeid=i","cat":284683},{"id":102002,"n":"Pain au seigle Bio Village Bio - Complet - 500g","p":1.9,"u":"3,80 €/KG","img":"https://fd6-photos.leclercdrive.fr/image.ashx?id=2049097&use=l&cat=p&typeid=i","cat":325069},{"id":102006,"n":"Gel bain douche Manava Pamplemousse raisin blanc-500ml","p":2.37,"u":"4,74 €/L","img":"https://fd6-photos.leclercdrive.fr/image.ashx?id=2652870&use=l&cat=p&typeid=i","cat":284594},{"id":102007,"n":"Gel douche Manava Gommant - 250ml","p":1.3,"u":"5,20 €/L","img":"https://fd6-photos.leclercdrive.fr/image.ashx?id=2805042&use=l&cat=p&typeid=i","cat":284594},{"id":102012,"n":"Déodorant bille bio So Bio Etic Tous types de peau - 50ml","p":4.75,"u":"95,00 €/L","img":"https://fd6-photos.leclercdrive.fr/image.ashx?id=2986606&use=l&cat=p&typeid=i","cat":284595},{"id":102077,"n":"Champignons de Paris bruns bio Bio Village - Barquette 200g","p":2.19,"u":"10,95 €/KG","img":"https://fd6-photos.leclercdrive.fr/image.ashx?id=2960559&use=l&cat=p&typeid=i","cat":284352},{"id":102078,"n":"Tagliatelles Côté Table Poulet & champignons - 300g","p":2.79,"u":"9,30 €/KG","img":"https://fd6-photos.leclercdrive.fr/image.ashx?id=2893568&use=l&cat=p&typeid=i","cat":333665},{"id":102081,"n":"Poulet à la tomate Côté Table Purée courgette - 300g","p":2.19,"u":"7,30 €/KG","img":"https://fd6-photos.leclercdrive.fr/image.ashx?id=1656991&use=l&cat=p&typeid=i","cat":333665},{"id":102082,"n":"Poulet et risotto Côté Table Champignons - 280g","p":2.59,"u":"9,25 €/KG","img":"https://fd6-photos.leclercdrive.fr/image.ashx?id=2816145&use=l&cat=p&typeid=i","cat":333665},{"id":102103,"n":"Eau gazeuse St Yorre 6x1,15L","p":3.24,"u":"0,47 €/L","img":"https://fd6-photos.leclercdrive.fr/image.ashx?id=2877730&use=l&cat=p&typeid=i","cat":284536},{"id":102211,"n":"Boule à thé acier inoxydable Feuille silicone M24","p":2.2,"img":"https://fd6-photos.leclercdrive.fr/image.ashx?id=2022897&use=l&cat=p&typeid=i","cat":334135},{"id":102274,"n":"Lait 1/2 écrémé 6x50cl  Eleveurs des Hauts de France","p":4.02,"u":"1,34 €/L","img":"https://fd6-photos.leclercdrive.fr/image.ashx?id=1664093&use=l&cat=p&typeid=i","cat":284377},{"id":102374,"n":"Bière sans alcool Tourtel Twist Cerise 0,0° - 6x27,5cl","p":5.03,"u":"3,05 €/L","img":"https://fd6-photos.leclercdrive.fr/image.ashx?id=2688803&use=l&cat=p&typeid=i","cat":334877},{"id":102412,"n":"Kidibul Pomme  75cl","p":2.89,"pp":1.91,"u":"2,55 €/L","img":"https://fd6-photos.leclercdrive.fr/image.ashx?id=2766066&use=l&cat=p&typeid=i","cat":289460},{"id":102413,"n":"Kidibul Pomme Fraise 75cl","p":2.89,"pp":1.91,"u":"2,55 €/L","img":"https://fd6-photos.leclercdrive.fr/image.ashx?id=2769149&use=l&cat=p&typeid=i","cat":289460},{"id":102480,"n":"Petits Suisses Gervais 9,5%MG - 12x60g","p":2.42,"u":"3,36 €/KG","img":"https://fd6-photos.leclercdrive.fr/image.ashx?id=2230381&use=l&cat=p&typeid=i","cat":284409},{"id":102613,"n":"Lait demi-écrémé bio Brique Bio Village - 1L","p":1.05,"u":"1,05 €/L","img":"https://fd6-photos.leclercdrive.fr/image.ashx?id=2981933&use=l&cat=p&typeid=i","cat":284377},{"id":102633,"n":"Soda Schweppes Saveur Agrumes Zero - 1L","p":1.64,"u":"1,64 €/L","img":"https://fd6-photos.leclercdrive.fr/image.ashx?id=2852432&use=l&cat=p&typeid=i","cat":284532},{"id":102695,"n":"Friandises chien Pedigree Ranchos original bœuf - 70g","p":2.87,"u":"41,00 €/KG","img":"https://fd6-photos.leclercdrive.fr/image.ashx?id=2897279&use=l&cat=p&typeid=i","cat":294527},{"id":102819,"n":"Panaché Falsbourg Grenadine <0,5% - 20x25cl","p":5.99,"u":"1,20 €/L","img":"https://fd6-photos.leclercdrive.fr/image.ashx?id=2637964&use=l&cat=p&typeid=i","cat":334877},{"id":102824,"n":"Filet Copains Copines Pièces d'Or Chocolat - 100g","p":1.59,"u":"15,90 €/KG","img":"https://fd6-photos.leclercdrive.fr/image.ashx?id=2814438&use=l&cat=p&typeid=i","cat":327592},{"id":102829,"n":"Bandeaux Copains Copines Colorés - 200g","p":1.13,"u":"5,65 €/KG","img":"https://fd6-photos.leclercdrive.fr/image.ashx?id=2934745&use=l&cat=p&typeid=i","cat":304250},{"id":102834,"n":"Fils Copains Copines Colorés - 200g","p":1.08,"u":"5,40 €/KG","img":"https://fd6-photos.leclercdrive.fr/image.ashx?id=2934748&use=l&cat=p&typeid=i","cat":304250},{"id":102980,"n":"Chips ondulées nature Lay's Sel - 120g","p":1.97,"u":"16,42 €/KG","img":"https://fd6-photos.leclercdrive.fr/image.ashx?id=2788505&use=l&cat=p&typeid=i","cat":284447},{"id":103027,"n":"AOC Bordeaux Supérieur rouge Haussmann Baron Eugène - 75cl","p":5.1,"pp":3.57,"u":"4,76 €/L","img":"https://fd6-photos.leclercdrive.fr/image.ashx?id=1663474&use=l&cat=p&typeid=i","cat":289556},{"id":103032,"n":"Baguette viennoise  La Boulangère - x6 - 510g","p":2.3,"pp":1.61,"u":"3,16 €/KG","img":"https://fd6-photos.leclercdrive.fr/image.ashx?id=2912413&use=l&cat=p&typeid=i","cat":284985},{"id":103036,"n":"Pâte brisée Marie Pur beurre - 230g","p":1.34,"u":"5,83 €/KG","img":"https://fd6-photos.leclercdrive.fr/image.ashx?id=2318540&use=l&cat=p&typeid=i","cat":333681},{"id":103040,"n":"Olives vertes dénoyautées à la sicilienne Tropic Apéro 220g","p":2.99,"u":"13,59 €/KG","img":"https://fd6-photos.leclercdrive.fr/image.ashx?id=2648226&use=l&cat=p&typeid=i","cat":316002},{"id":103047,"n":"Nutella Biscuit pâte à tartiner Cacao Noisettes - 304g","p":2.98,"u":"9,80 €/KG","img":"https://fd6-photos.leclercdrive.fr/image.ashx?id=2896432&use=l&cat=p&typeid=i","cat":284488},{"id":103050,"n":"Céréales Trésor de Kellogg's Chocolat au lait - 750g","p":4.95,"u":"6,60 €/KG","img":"https://fd6-photos.leclercdrive.fr/image.ashx?id=1662239&use=l&cat=p&typeid=i","cat":309513},{"id":103063,"n":"Paille Pik Haribo Sachet bonbons acidulés - 180g","p":2.07,"u":"11,50 €/KG","img":"https://fd6-photos.leclercdrive.fr/image.ashx?id=2984922&use=l&cat=p&typeid=i","cat":304250},{"id":103074,"n":"Tajine de Légumes Grillés Cassegrain à la Coriandre 375g","p":4.18,"u":"11,15 €/KG","img":"https://fd6-photos.leclercdrive.fr/image.ashx?id=2636955&use=l&cat=p&typeid=i","cat":312612},{"id":103078,"n":"Cocobat Haribo Sachet bonbons réglisse - 300g","p":2.02,"u":"6,73 €/KG","img":"https://fd6-photos.leclercdrive.fr/image.ashx?id=2805231&use=l&cat=p&typeid=i","cat":304250},{"id":103094,"n":"Crème légère semi épaisse  Bridélice 18%mg - 2x25cl","p":2.74,"u":"5,48 €/L","img":"https://fd6-photos.leclercdrive.fr/image.ashx?id=2806156&use=l&cat=p&typeid=i","cat":284381},{"id":103131,"n":"Boisson lactée Danao Pêche Abricot - 1.35L","p":3.65,"u":"2,70 €/L","img":"https://fd6-photos.leclercdrive.fr/image.ashx?id=2638319&use=l&cat=p&typeid=i","cat":285435},{"id":103133,"n":"Boisson lactée Danao Orange Mangue - 900ml","p":2.08,"u":"2,31 €/L","img":"https://fd6-photos.leclercdrive.fr/image.ashx?id=2637219&use=l&cat=p&typeid=i","cat":285435},{"id":103150,"n":"Bière Rouge Kasteel 33cl","p":1.97,"u":"5,97 €/L","img":"https://fd6-photos.leclercdrive.fr/image.ashx?id=2433449&use=l&cat=p&typeid=i","cat":334872},{"id":103158,"n":"Tartine Grilletine de Pasquier Sans sucre ajouté - x18 - 255g","p":2.06,"u":"8,08 €/KG","img":"https://fd6-photos.leclercdrive.fr/image.ashx?id=2333057&use=l&cat=p&typeid=i","cat":284479},{"id":103183,"n":"Bières blonde Desperados Lime - 6x33cl","p":8.41,"u":"4,25 €/L","img":"https://fd6-photos.leclercdrive.fr/image.ashx?id=2638163&use=l&cat=p&typeid=i","cat":334878},{"id":103185,"n":"Eau minérale naturelle Volvic fontaine - 8L","p":2.75,"u":"0,34 €/L","img":"https://fd6-photos.leclercdrive.fr/image.ashx?id=2771675&use=l&cat=p&typeid=i","cat":284535},{"id":103191,"n":"Bière sans alcool Tourtel Twist Pêche 0,0° - 6x27,5cl","p":4.7,"u":"2,85 €/L","img":"https://fd6-photos.leclercdrive.fr/image.ashx?id=2896564&use=l&cat=p&typeid=i","cat":334877},{"id":103197,"n":"Boisson thé infusé Fresh Tea Passion - 1L","p":0.99,"u":"0,99 €/L","img":"https://fd6-photos.leclercdrive.fr/image.ashx?id=3003064&use=l&cat=p&typeid=i","cat":295019},{"id":103269,"n":"Gaufres fourrées Lotus Coeur fondant vanille - 310g","p":2.84,"u":"9,16 €/KG","img":"https://fd6-photos.leclercdrive.fr/image.ashx?id=2695890&use=l&cat=p&typeid=i","cat":294777},{"id":103280,"n":"Sel marin Herbamare Bio - 275g","p":3.74,"u":"13,60 €/KG","img":"https://fd6-photos.leclercdrive.fr/image.ashx?id=2099744&use=l&cat=p&typeid=i","cat":284457},{"id":103285,"n":"Poisson pané Findus Colin  Alaska Fish and Chips x4 - 400g","p":2.84,"u":"7,10 €/KG","img":"https://fd6-photos.leclercdrive.fr/image.ashx?id=2985348&use=l&cat=p&typeid=i","cat":319788},{"id":103307,"n":"Emincés de filet de poulet rôti Le Gaulois - 180g","p":3.89,"u":"21,61 €/KG","img":"https://fd6-photos.leclercdrive.fr/image.ashx?id=2732728&use=l&cat=p&typeid=i","cat":284336},{"id":103315,"n":"AOP Côtes de Provence rosé Château Reillanne - 75cl","p":7.49,"u":"9,99 €/L","img":"https://fd6-photos.leclercdrive.fr/image.ashx?id=2669487&use=l&cat=p&typeid=i","cat":289558},{"id":103381,"n":"Whisky Grant's  Triple wood 40%vol - 70cl","p":13.35,"pp":12.01,"u":"17,16 €/L","img":"https://fd6-photos.leclercdrive.fr/image.ashx?id=2866022&use=l&cat=p&typeid=i","cat":284547},{"id":103384,"n":"IGP Whisky Grant's  Triple wood - 40%vol - 1L","p":17.22,"u":"17,22 €/L","img":"https://fd6-photos.leclercdrive.fr/image.ashx?id=2917531&use=l&cat=p&typeid=i","cat":284547},{"id":103436,"n":"Wrap au blé nature Mission 370g","p":3.11,"u":"8,41 €/KG","img":"https://fd6-photos.leclercdrive.fr/image.ashx?id=2890499&use=l&cat=p&typeid=i","cat":288993},{"id":103437,"n":"Wrap multigrains Mission 370g","p":3.39,"u":"9,16 €/KG","img":"https://fd6-photos.leclercdrive.fr/image.ashx?id=2890505&use=l&cat=p&typeid=i","cat":288993},{"id":103438,"n":"Wrap epeautre/avoine Mission 370g","p":3.15,"u":"8,51 €/KG","img":"https://fd6-photos.leclercdrive.fr/image.ashx?id=2890502&use=l&cat=p&typeid=i","cat":288993},{"id":103439,"n":"Wrap au blé complet 370g","p":2.72,"u":"7,35 €/KG","img":"https://fd6-photos.leclercdrive.fr/image.ashx?id=2890508&use=l&cat=p&typeid=i","cat":288993},{"id":103453,"n":"Panaché Falsbourg Grenadine - <0,5% vol. - 6x25cl","p":2.71,"u":"1,81 €/L","img":"https://fd6-photos.leclercdrive.fr/image.ashx?id=2637961&use=l&cat=p&typeid=i","cat":334877},{"id":103463,"n":"Barre chocolatée Balisto Noisettes raisins - x10 - 185g","p":2.96,"u":"16,00 €/KG","img":"https://fd6-photos.leclercdrive.fr/image.ashx?id=2588121&use=l&cat=p&typeid=i","cat":284498},{"id":103470,"n":"Croquettes chat Purina One Poulet chat adulte - 450g","p":2.8,"u":"6,22 €/KG","img":"https://fd6-photos.leclercdrive.fr/image.ashx?id=2902265&use=l&cat=p&typeid=i","cat":284680},{"id":103479,"n":"Tartine Petit Dej Jacquet Complet - 410g","p":1.34,"u":"3,27 €/KG","img":"https://fd6-photos.leclercdrive.fr/image.ashx?id=2991849&use=l&cat=p&typeid=i","cat":284477},{"id":103500,"n":"Panaché Falsbourg <0.5% vol. - 20x25cl","p":5.95,"u":"1,19 €/L","img":"https://fd6-photos.leclercdrive.fr/image.ashx?id=2637970&use=l&cat=p&typeid=i","cat":334877},{"id":103501,"n":"Pochons prémium Plénima chat au Saumon / Dinde - 4x85g","p":1.76,"u":"5,18 €/KG","img":"https://fd6-photos.leclercdrive.fr/image.ashx?id=2361128&use=l&cat=p&typeid=i","cat":285286},{"id":103503,"n":"Capsules Nescafé Dolce Gusto  Espresso Intenso - x16","p":4.88,"u":"43,57 €/KG","img":"https://fd6-photos.leclercdrive.fr/image.ashx?id=3009110&use=l&cat=p&typeid=i","cat":293239},{"id":103505,"n":"Barre de céréales Nature Valley Protéine chocolat x4-160g","p":2.69,"u":"16,81 €/KG","img":"https://fd6-photos.leclercdrive.fr/image.ashx?id=2657000&use=l&cat=p&typeid=i","cat":285869},{"id":103509,"n":"Yaourt à boire Yop Aromatisé Fraise - 825g","p":1.72,"u":"2,08 €/KG","img":"https://fd6-photos.leclercdrive.fr/image.ashx?id=2855564&use=l&cat=p&typeid=i","cat":284415},{"id":103561,"n":"Barre de céréales Nature Valley  Protéine caramel salé x4 - 160","p":3.22,"u":"20,13 €/KG","img":"https://fd6-photos.leclercdrive.fr/image.ashx?id=2657003&use=l&cat=p&typeid=i","cat":285869},{"id":103657,"n":"Crème glacée Häagen-Dazs  Vanille noix macadamia - 400g","p":4.75,"u":"11,88 €/KG","img":"https://fd6-photos.leclercdrive.fr/image.ashx?id=2893444&use=l&cat=p&typeid=i","cat":284725},{"id":103665,"n":"Mini pots Häagen-Dazs  Caramel attraction x4 - 318g","p":5.18,"u":"16,14 €/KG","img":"https://fd6-photos.leclercdrive.fr/image.ashx?id=2992852&use=l&cat=p&typeid=i","cat":284725},{"id":103680,"n":"Mini pots Häagen-Dazs Vanille  noix de macadamia x4 - 324g","p":5.49,"u":"16,94 €/KG","img":"https://fd6-photos.leclercdrive.fr/image.ashx?id=3000162&use=l&cat=p&typeid=i","cat":284725},{"id":103684,"n":"Mini pots Häagen-Dazs  Favorite selection x4 - 318g","p":4.5,"u":"14,15 €/KG","img":"https://fd6-photos.leclercdrive.fr/image.ashx?id=3000165&use=l&cat=p&typeid=i","cat":284725},{"id":103697,"n":"Dentifrice Integral 8 Signal Nature Elements Charbon 75ml","p":1.76,"u":"23,47 €/L","img":"https://fd6-photos.leclercdrive.fr/image.ashx?id=2974662&use=l&cat=p&typeid=i","cat":284612},{"id":103719,"n":"Démêlant intensif Elsève Cheveu abîmé Dream Long - 180ml","p":3.9,"u":"21,67 €/L","img":"https://fd6-photos.leclercdrive.fr/image.ashx?id=2439284&use=l&cat=p&typeid=i","cat":284607},{"id":103726,"n":"Masque Violet Démêlant Elsève Color-Vive - 150ml","p":5.49,"u":"36,60 €/L","img":"https://fd6-photos.leclercdrive.fr/image.ashx?id=2439281&use=l&cat=p&typeid=i","cat":284608},{"id":103728,"n":"Shampoing Violet Elsève Color-Vive Déjaunisseur - 200ml","p":2.97,"u":"14,85 €/L","img":"https://fd6-photos.leclercdrive.fr/image.ashx?id=2278121&use=l&cat=p&typeid=i","cat":284606},{"id":103780,"n":"Pâte feuilletée Marie Pur beurre - 230g","p":1.3,"u":"5,65 €/KG","img":"https://fd6-photos.leclercdrive.fr/image.ashx?id=2318543&use=l&cat=p&typeid=i","cat":333681},{"id":103800,"n":"Bière blonde Leffe  6,6% - 12x25cl","p":9.21,"u":"3,07 €/L","img":"https://fd6-photos.leclercdrive.fr/image.ashx?id=2995424&use=l&cat=p&typeid=i","cat":334852},{"id":103808,"n":"Yaourt à boire Yop Aromatisé Framboise - 825g","p":2.09,"u":"2,53 €/KG","img":"https://fd6-photos.leclercdrive.fr/image.ashx?id=2855567&use=l&cat=p&typeid=i","cat":284415},{"id":103813,"n":"Yaourt à boire Yop Aromatisé Vanille - 825g","p":1.78,"u":"2,16 €/KG","img":"https://fd6-photos.leclercdrive.fr/image.ashx?id=2855570&use=l&cat=p&typeid=i","cat":284415},{"id":103814,"n":"Yaourt à boire Yop Aromatisé Fraise Banane - 825g","p":2.11,"u":"2,56 €/KG","img":"https://fd6-photos.leclercdrive.fr/image.ashx?id=2855579&use=l&cat=p&typeid=i","cat":284415},{"id":103818,"n":"Mangue Douceur du Verger Morceaux - 650g","p":5.71,"u":"8,78 €/KG","img":"https://fd6-photos.leclercdrive.fr/image.ashx?id=2898257&use=l&cat=p&typeid=i","cat":284268},{"id":103844,"n":"IGP Ile de Beauté vin rosé Terres Ocrées 12% vol - 75cl","p":3.99,"u":"5,32 €/L","img":"https://fd6-photos.leclercdrive.fr/image.ashx?id=2846526&use=l&cat=p&typeid=i","cat":289558},{"id":103885,"n":"Fromage Cœur de Lion  Pointe de Brie - 200g","p":1.95,"u":"9,75 €/KG","img":"https://fd6-photos.leclercdrive.fr/image.ashx?id=2770416&use=l&cat=p&typeid=i","cat":314033},{"id":103890,"n":"Lasagnes au saumon Côté Table ASC - 300g","p":2.79,"u":"9,30 €/KG","img":"https://fd6-photos.leclercdrive.fr/image.ashx?id=2809879&use=l&cat=p&typeid=i","cat":284254},{"id":103915,"n":"Mimolette jeune Les Croisés 350g","p":3.23,"u":"9,23 €/KG","img":"https://fd6-photos.leclercdrive.fr/image.ashx?id=2046499&use=l&cat=p&typeid=i","cat":314028},{"id":103969,"n":"Escalope de dinde Le Gaulois Fine - Oui C'est Bon x2 - 240g","p":4.58,"u":"19,08 €/KG","img":"https://fd6-photos.leclercdrive.fr/image.ashx?id=2605574&use=l&cat=p&typeid=i","cat":284337},{"id":103991,"n":"Pâtes De Cecco Spaghetti n°12  - 500g","p":1.66,"u":"3,32 €/KG","img":"https://fd6-photos.leclercdrive.fr/image.ashx?id=2974033&use=l&cat=p&typeid=i","cat":284427},{"id":103993,"n":"IGP Méditerranée rosé St Sagnol - 75cl","p":4.09,"u":"5,45 €/L","img":"https://fd6-photos.leclercdrive.fr/image.ashx?id=2923768&use=l&cat=p&typeid=i","cat":289558},{"id":104008,"n":"Jus innocent tutti frutti 900ml","p":2.8,"u":"3,11 €/L","img":"https://fd6-photos.leclercdrive.fr/image.ashx?id=2861737&use=l&cat=p&typeid=i","cat":285435},{"id":104019,"n":"Rhum paille St James 40%vol - 70cl","p":11.26,"u":"16,09 €/L","img":"https://fd6-photos.leclercdrive.fr/image.ashx?id=2970867&use=l&cat=p&typeid=i","cat":284550},{"id":104024,"n":"AOC Rhum ambré Bourbon Barrel 41%vol Martinique - 70cl","p":19.56,"u":"27,94 €/L","img":"https://fd6-photos.leclercdrive.fr/image.ashx?id=2029973&use=l&cat=p&typeid=i","cat":284550},{"id":104034,"n":"Jus innocent plus  zest défense 750ml","p":3.06,"u":"4,08 €/L","img":"https://fd6-photos.leclercdrive.fr/image.ashx?id=2736574&use=l&cat=p&typeid=i","cat":285435},{"id":104036,"n":"Jus innocent plus  énergie chérie 750ml","p":2.89,"u":"3,85 €/L","img":"https://fd6-photos.leclercdrive.fr/image.ashx?id=2901082&use=l&cat=p&typeid=i","cat":284354},{"id":104038,"n":"AOC Madiran Vin rouge Carte d'Or - 75cl","p":5.14,"u":"6,85 €/L","img":"https://fd6-photos.leclercdrive.fr/image.ashx?id=2492656&use=l&cat=p&typeid=i","cat":289556},{"id":104053,"n":"Perle duo Gourmet Poisson et viandes - 12x85g","p":6.28,"u":"6,16 €/KG","img":"https://fd6-photos.leclercdrive.fr/image.ashx?id=2861761&use=l&cat=p&typeid=i","cat":285286},{"id":104062,"n":"Brioches Doowap Harrys X8 -320g Pépites choco sans additif","p":2.42,"u":"7,56 €/KG","img":"https://fd6-photos.leclercdrive.fr/image.ashx?id=2502998&use=l&cat=p&typeid=i","cat":293505},{"id":104087,"n":"IGP Méditerranée vin rosé Terres Ocrées - 75cl","p":2.75,"u":"3,67 €/L","img":"https://fd6-photos.leclercdrive.fr/image.ashx?id=2894743&use=l&cat=p&typeid=i","cat":289558},{"id":104092,"n":"Tagada Zip Fraîcheur Haribo Sachet bonbons - 220g","p":1.49,"u":"6,77 €/KG","img":"https://fd6-photos.leclercdrive.fr/image.ashx?id=2802359&use=l&cat=p&typeid=i","cat":304250},{"id":104109,"n":"Les Timbales Gourmet Gold Boeuf plet saumon - 12x85g","p":6.8,"u":"6,67 €/KG","img":"https://fd6-photos.leclercdrive.fr/image.ashx?id=2861764&use=l&cat=p&typeid=i","cat":285286},{"id":104113,"n":"Brioches Doowap Harrys X12-480g Pépites choco sans additif","p":3.53,"u":"7,35 €/KG","img":"https://fd6-photos.leclercdrive.fr/image.ashx?id=2503001&use=l&cat=p&typeid=i","cat":293505},{"id":104114,"n":"Brioches Doowap Harrys X8 -320g Pépites choco lait sans additif","p":2.42,"u":"7,56 €/KG","img":"https://fd6-photos.leclercdrive.fr/image.ashx?id=2503004&use=l&cat=p&typeid=i","cat":293505},{"id":104115,"n":"Brioches Doowap Harrys X12-480g Pépites choco lait sans additif","p":3.44,"u":"7,17 €/KG","img":"https://fd6-photos.leclercdrive.fr/image.ashx?id=2503007&use=l&cat=p&typeid=i","cat":293505},{"id":104121,"n":"Noix de cajou Benenuts Grillées à sec -165g","p":4.79,"u":"29,03 €/KG","img":"https://fd6-photos.leclercdrive.fr/image.ashx?id=2391786&use=l&cat=p&typeid=i","cat":284448},{"id":104188,"n":"Chips Tyrrell's Légèrement salées - 150g","p":2.19,"u":"14,60 €/KG","img":"https://fd6-photos.leclercdrive.fr/image.ashx?id=2924731&use=l&cat=p&typeid=i","cat":284447},{"id":104193,"n":"Coton-tiges Inell Recharge Tiges papier - x160","p":0.41,"img":"https://fd6-photos.leclercdrive.fr/image.ashx?id=2440775&use=l&cat=p&typeid=i","cat":284636},{"id":104194,"n":"Coton-tige Lotus Bio - x160 bâtonnets","p":0.77,"img":"https://fd6-photos.leclercdrive.fr/image.ashx?id=2506840&use=l&cat=p&typeid=i","cat":284636},{"id":104248,"n":"Pizzas Crousti Moelleuse Marie Extrême Américaine 2+ 1 offerte","p":6.93,"u":"4,36 €/KG","img":"https://fd6-photos.leclercdrive.fr/image.ashx?id=2996659&use=l&cat=p&typeid=i","cat":284256},{"id":104290,"n":"Pain de mie Schär - Vital Sans gluten - 350g","p":3.68,"u":"10,51 €/KG","img":"https://fd6-photos.leclercdrive.fr/image.ashx?id=2674890&use=l&cat=p&typeid=i","cat":318654},{"id":104293,"n":"Pépites chunks Vahine 3 chocolats - 100g","p":2.85,"u":"28,50 €/KG","img":"https://fd6-photos.leclercdrive.fr/image.ashx?id=2559871&use=l&cat=p&typeid=i","cat":284504},{"id":104296,"n":"Mon 1er biscuit bio Hipp Bio Dès 6 mois - 180g","p":2.6,"u":"14,44 €/KG","img":"https://fd6-photos.leclercdrive.fr/image.ashx?id=2788823&use=l&cat=p&typeid=i","cat":312227},{"id":104324,"n":"Pâtes de Fruits GERBLE   -  6 sachets 162g","p":3.12,"u":"19,26 €/KG","img":"https://fd6-photos.leclercdrive.fr/image.ashx?id=2664082&use=l&cat=p&typeid=i","cat":318652},{"id":104362,"n":"Sauce Soja sucrée Tanoshi 200ml","p":3.06,"u":"15,30 €/L","img":"https://fd6-photos.leclercdrive.fr/image.ashx?id=2939439&use=l&cat=p&typeid=i","cat":288992},{"id":104365,"n":"Nouilles Ramen Tanoshi Poulet Teriyaki - 360g","p":2.23,"u":"6,19 €/KG","img":"https://fd6-photos.leclercdrive.fr/image.ashx?id=2912062&use=l&cat=p&typeid=i","cat":288992},{"id":104394,"n":"Bière Moulins d'Ascq bio Blonde Printemps -4.5%vol -75cl","p":4.3,"u":"5,73 €/L","img":"https://fd6-photos.leclercdrive.fr/image.ashx?id=2828241&use=l&cat=p&typeid=i","cat":334872},{"id":104417,"n":"Wraps quinoa et chia Mission 370g","p":3.1,"u":"8,38 €/KG","img":"https://fd6-photos.leclercdrive.fr/image.ashx?id=2890514&use=l&cat=p&typeid=i","cat":288993},{"id":104418,"n":"Wraps blé nature grillé X6 - 370g","p":3.27,"u":"8,84 €/KG","img":"https://fd6-photos.leclercdrive.fr/image.ashx?id=2890511&use=l&cat=p&typeid=i","cat":288993},{"id":104468,"n":"Fromage apéritif Apéricube Long drink 48 cubes","p":4.17,"u":"16,68 €/KG","img":"https://fd6-photos.leclercdrive.fr/image.ashx?id=2882674&use=l&cat=p&typeid=i","cat":314027},{"id":104470,"n":"Fromage apéritif Apéricube Tonic 48 cubes","p":4.17,"u":"16,68 €/KG","img":"https://fd6-photos.leclercdrive.fr/image.ashx?id=2882677&use=l&cat=p&typeid=i","cat":314027},{"id":104471,"n":"Fromage apéritif Apericube  Cocktail 48 cubes","p":4.17,"u":"16,68 €/KG","img":"https://fd6-photos.leclercdrive.fr/image.ashx?id=2882680&use=l&cat=p&typeid=i","cat":314027},{"id":104556,"n":"Steaks hachés 15% MG 8x100g","p":11.19,"u":"13,99 €/KG","img":"https://fd6-photos.leclercdrive.fr/image.ashx?id=2734786&use=l&cat=p&typeid=i","cat":319778},{"id":104606,"n":"Truite fumée Landvika 2 minis tranches - 60g","p":2.61,"u":"43,50 €/KG","img":"https://fd6-photos.leclercdrive.fr/image.ashx?id=2917855&use=l&cat=p&typeid=i","cat":285188},{"id":104609,"n":"Thon entier Petit Navire Au naturel - MSC - 2x56g","p":2.78,"u":"24,82 €/KG","img":"https://fd6-photos.leclercdrive.fr/image.ashx?id=2909977&use=l&cat=p&typeid=i","cat":303867},{"id":104888,"n":"Miettes de Thon Eco + Huile - 104g","p":0.83,"u":"7,98 €/KG","img":"https://fd6-photos.leclercdrive.fr/image.ashx?id=2824241&use=l&cat=p&typeid=i","cat":303867},{"id":104889,"n":"Sardines Connetable Nature - 95g","p":2.11,"u":"22,21 €/KG","img":"https://fd6-photos.leclercdrive.fr/image.ashx?id=2664115&use=l&cat=p&typeid=i","cat":305146},{"id":105040,"n":"Chorizo volaille Halal 170g","p":3.17,"u":"18,65 €/KG","img":"https://fd6-photos.leclercdrive.fr/image.ashx?id=2476539&use=l&cat=p&typeid=i","cat":316013},{"id":105072,"n":"Bonbon Dracula Trolli Le sachet de 200g","p":1.61,"u":"8,05 €/KG","img":"https://fd6-photos.leclercdrive.fr/image.ashx?id=2684719&use=l&cat=p&typeid=i","cat":304250},{"id":105093,"n":"Crème UHT Elle&Vire Fluide Entière - 30% MG - 2x25cl","p":3.23,"u":"6,46 €/L","img":"https://fd6-photos.leclercdrive.fr/image.ashx?id=2763475&use=l&cat=p&typeid=i","cat":284381},{"id":105117,"n":"Aguacana cachaça 37.5%vol - 70cl","p":14.27,"u":"20,39 €/L","img":"https://fd6-photos.leclercdrive.fr/image.ashx?id=2961801&use=l&cat=p&typeid=i","cat":284550},{"id":105119,"n":"AOP Champagne Brut Piper Heidsieck - 75cl","p":26.95,"pp":24.95,"u":"33,27 €/L","img":"https://fd6-photos.leclercdrive.fr/image.ashx?id=2431548&use=l&cat=p&typeid=i","cat":284542},{"id":105123,"n":"Vermouth Noilly Prat Original 18° - 70cl","p":12.12,"u":"16,16 €/L","img":"https://fd6-photos.leclercdrive.fr/image.ashx?id=2858174&use=l&cat=p&typeid=i","cat":284913},{"id":105126,"n":"Vodka premium Eristoff Original 37,5° - 1.5L","p":25.95,"pp":21.95,"u":"14,63 €/L","img":"https://fd6-photos.leclercdrive.fr/image.ashx?id=2848127&use=l&cat=p&typeid=i","cat":284550},{"id":105128,"n":"Oeufs C'est Qui Le Patron Plein Air - x6","p":1.99,"u":"0,33 €/P","img":"https://fd6-photos.leclercdrive.fr/image.ashx?id=2529909&use=l&cat=p&typeid=i","cat":284378},{"id":105136,"n":"Jambon supérieur Tradilège S/nitrite Découenne - x6 - 210g","p":2.79,"u":"13,29 €/KG","img":"https://fd6-photos.leclercdrive.fr/image.ashx?id=2991524&use=l&cat=p&typeid=i","cat":316009},{"id":105137,"n":"Jambon supérieur Tradilège Sans nitrite x4 - 140g","p":1.85,"u":"13,21 €/KG","img":"https://fd6-photos.leclercdrive.fr/image.ashx?id=2994381&use=l&cat=p&typeid=i","cat":316009},{"id":105140,"n":"Jambon supérieur Tradilège Découenne S/nitrite - x2 - 70g","p":1.3,"u":"18,57 €/KG","img":"https://fd6-photos.leclercdrive.fr/image.ashx?id=2253075&use=l&cat=p&typeid=i","cat":316009},{"id":105158,"n":"Tequila Blanco Tiscaz Tatoo+cône - 35%vol - 70cl","p":16.37,"u":"23,39 €/L","img":"https://fd6-photos.leclercdrive.fr/image.ashx?id=2019468&use=l&cat=p&typeid=i","cat":284550},{"id":105168,"n":"Captain Morgan Original Spiced Boisson à base de rhum - 1L","p":17.6,"u":"17,60 €/L","img":"https://fd6-photos.leclercdrive.fr/image.ashx?id=2586285&use=l&cat=p&typeid=i","cat":284551},{"id":105178,"n":"Tortillas chorizo  Table du Monde - 500g","p":2.89,"u":"5,78 €/KG","img":"https://fd6-photos.leclercdrive.fr/image.ashx?id=1675409&use=l&cat=p&typeid=i","cat":333673},{"id":105181,"n":"Bière blonde bio Bio Village  5.5%vol -75cl","p":2.72,"u":"3,63 €/L","img":"https://fd6-photos.leclercdrive.fr/image.ashx?id=2579147&use=l&cat=p&typeid=i","cat":334873},{"id":105182,"n":"Crème desserts Délisse Saveur Praline - 4x100g","p":1.99,"u":"4,98 €/KG","img":"https://fd6-photos.leclercdrive.fr/image.ashx?id=2590925&use=l&cat=p&typeid=i","cat":285041},{"id":105185,"n":"Compote Charles & Alice Pommes Myrtilles - 4x97g","p":1.92,"u":"4,95 €/KG","img":"https://fd6-photos.leclercdrive.fr/image.ashx?id=2900899&use=l&cat=p&typeid=i","cat":284416},{"id":105186,"n":"Compote Charles & Alice Pommes Cerises - 4x97g","p":1.91,"u":"4,92 €/KG","img":"https://fd6-photos.leclercdrive.fr/image.ashx?id=2757686&use=l&cat=p&typeid=i","cat":284416},{"id":105187,"n":"Tomates farcies Bigard 4x150g","p":5.98,"u":"9,97 €/KG","img":"https://fd6-photos.leclercdrive.fr/image.ashx?id=2208330&use=l&cat=p&typeid=i","cat":333666},{"id":105196,"n":"Dessert fruitier Fraise Andros En morceaux - 4x100g","p":2.66,"u":"6,65 €/KG","img":"https://fd6-photos.leclercdrive.fr/image.ashx?id=2845467&use=l&cat=p&typeid=i","cat":284416},{"id":105197,"n":"Douceur satinée Délisse Citron - 4x125g","p":1.8,"u":"14,40 €/KG","img":"https://fd6-photos.leclercdrive.fr/image.ashx?id=2486467&use=l&cat=p&typeid=i","cat":314999},{"id":105214,"n":"Boulettes Garden Gourmet légumes 200g","p":2.68,"u":"13,40 €/KG","img":"https://fd6-photos.leclercdrive.fr/image.ashx?id=2986903&use=l&cat=p&typeid=i","cat":316036},{"id":105218,"n":"Poêlée de pâtes Coté Table Poulet/Champignon - 900g","p":3.91,"u":"4,34 €/KG","img":"https://fd6-photos.leclercdrive.fr/image.ashx?id=2626979&use=l&cat=p&typeid=i","cat":284254},{"id":105222,"n":"Batonnets Smicy Citron - x10","p":2.35,"u":"0,24 €/P","img":"https://fd6-photos.leclercdrive.fr/image.ashx?id=2614515&use=l&cat=p&typeid=i","cat":285250},{"id":105223,"n":"Glaces cônes Eco+ Vanille - x8 - 556g","p":1.95,"u":"3,51 €/KG","img":"https://fd6-photos.leclercdrive.fr/image.ashx?id=2742682&use=l&cat=p&typeid=i","cat":284264},{"id":105224,"n":"Gnocchi à poêler Lustucru Extra Mozzarella Tomate - 280g","p":2.93,"u":"10,46 €/KG","img":"https://fd6-photos.leclercdrive.fr/image.ashx?id=2999994&use=l&cat=p&typeid=i","cat":333682},{"id":105319,"n":"Crème de Camembert Président 150g","p":3.12,"u":"20,80 €/KG","img":"https://fd6-photos.leclercdrive.fr/image.ashx?id=2962443&use=l&cat=p&typeid=i","cat":314029},{"id":105399,"n":"Lait demi-écrémé GrandLait Ferme sélectionnée - 1L","p":1.3,"u":"1,30 €/L","img":"https://fd6-photos.leclercdrive.fr/image.ashx?id=2916177&use=l&cat=p&typeid=i","cat":285609},{"id":105647,"n":"Lait brebis demi-écrémé Lactel UHT Bouteille - 1l","p":3.71,"u":"3,71 €/L","img":"https://fd6-photos.leclercdrive.fr/image.ashx?id=2876626&use=l&cat=p&typeid=i","cat":295251},{"id":105742,"n":"Poivre création moulin Ducros 34g","p":3.32,"u":"97,65 €/KG","img":"https://fd6-photos.leclercdrive.fr/image.ashx?id=2354407&use=l&cat=p&typeid=i","cat":284457},{"id":105762,"n":"Aérosol Fulgator Spécial volants - 500ml","p":4.48,"u":"8,96 €/L","img":"https://fd6-photos.leclercdrive.fr/image.ashx?id=2660850&use=l&cat=p&typeid=i","cat":298368},{"id":105867,"n":"AOC Bourgogne Chardonnay Blanc Bouchard Ainé & Fils - 75cl","p":6.61,"u":"8,81 €/L","img":"https://fd6-photos.leclercdrive.fr/image.ashx?id=2917825&use=l&cat=p&typeid=i","cat":289557},{"id":106006,"n":"Pur jus de pomme Jafaden 2L","p":2.29,"u":"1,15 €/L","img":"https://fd6-photos.leclercdrive.fr/image.ashx?id=2956774&use=l&cat=p&typeid=i","cat":284522},{"id":106079,"n":"Petit Cahier Easybook Oxford Jaune - 96 pages - 17x22cm","p":1.81,"img":"https://fd6-photos.leclercdrive.fr/image.ashx?id=1697206&use=l&cat=p&typeid=i","cat":284697},{"id":106146,"n":"Bière sans alcool Tourtel Twist Mangue Passion 0,0° - 6x27,5cl","p":4.87,"u":"2,95 €/L","img":"https://fd6-photos.leclercdrive.fr/image.ashx?id=2730727&use=l&cat=p&typeid=i","cat":334877},{"id":106204,"n":"IGP Méditerranée Rosé Studio by Miraval - 75cl","p":10.14,"u":"13,52 €/L","img":"https://fd6-photos.leclercdrive.fr/image.ashx?id=1691895&use=l&cat=p&typeid=i","cat":289558},{"id":106269,"n":"Edulcorant Pure Via Boite de 65 morceaux - 130g","p":5.33,"u":"41,00 €/KG","img":"https://fd6-photos.leclercdrive.fr/image.ashx?id=2417291&use=l&cat=p&typeid=i","cat":324846},{"id":106271,"n":"Sucre Doypack Pure Via Poudre cristalisée - 250g","p":5.69,"u":"22,76 €/KG","img":"https://fd6-photos.leclercdrive.fr/image.ashx?id=2805381&use=l&cat=p&typeid=i","cat":324846},{"id":106471,"n":"Plat bébé soir Blédichef 15mois Poireau pomme de terre - 250g","p":1.94,"u":"7,76 €/KG","img":"https://fd6-photos.leclercdrive.fr/image.ashx?id=2143681&use=l&cat=p&typeid=i","cat":312239},{"id":106473,"n":"Repas bébé Blédichef 15 mois Patate légumes poulet - 250g","p":2.09,"u":"8,36 €/KG","img":"https://fd6-photos.leclercdrive.fr/image.ashx?id=2877703&use=l&cat=p&typeid=i","cat":312238},{"id":106474,"n":"Repas bébé Blédichef 15 mois Pdt champignon poulet - 250g","p":1.79,"u":"7,16 €/KG","img":"https://fd6-photos.leclercdrive.fr/image.ashx?id=2479685&use=l&cat=p&typeid=i","cat":312238},{"id":106475,"n":"Repas bébé Blédichef 15 mois Légumes cabillaud - 250g","p":2.04,"u":"8,16 €/KG","img":"https://fd6-photos.leclercdrive.fr/image.ashx?id=1681186&use=l&cat=p&typeid=i","cat":312238},{"id":106477,"n":"Repas bébé Blédichef 18 mois  Blanquette de volaille - 250g","p":1.83,"u":"7,32 €/KG","img":"https://fd6-photos.leclercdrive.fr/image.ashx?id=2558861&use=l&cat=p&typeid=i","cat":312238},{"id":106478,"n":"Repas bébé Blédichef 18 mois  Fondue de légumes lieu - 250g","p":1.86,"u":"7,44 €/KG","img":"https://fd6-photos.leclercdrive.fr/image.ashx?id=2877706&use=l&cat=p&typeid=i","cat":312238},{"id":106481,"n":"Repas bébé Blédichef 24 mois  Riz légumes poulet curry - 250g","p":1.97,"u":"7,88 €/KG","img":"https://fd6-photos.leclercdrive.fr/image.ashx?id=2951590&use=l&cat=p&typeid=i","cat":312238},{"id":106601,"n":"Lait frais Grandlait Bouteille - 1L","p":1.53,"u":"1,53 €/L","img":"https://fd6-photos.leclercdrive.fr/image.ashx?id=2916183&use=l&cat=p&typeid=i","cat":285609},{"id":106614,"n":"Rosette Justin Bridou  19 Tranches - 170g","p":2.78,"u":"16,35 €/KG","img":"https://fd6-photos.leclercdrive.fr/image.ashx?id=2948932&use=l&cat=p&typeid=i","cat":316007},{"id":106639,"n":"Culotte écologiq Mots d'Enfants T5 : 12/18kg - x20","p":9.3,"u":"0,47 €/P","img":"https://fd6-photos.leclercdrive.fr/image.ashx?id=2907243&use=l&cat=p&typeid=i","cat":290633},{"id":106641,"n":"Culotte écologiq Mots d'Enfants T6 : +16kg - x18","p":8.5,"u":"0,47 €/P","img":"https://fd6-photos.leclercdrive.fr/image.ashx?id=2907246&use=l&cat=p&typeid=i","cat":290633},{"id":106715,"n":"Bacon  Gourmet de l'Artois Fumé au bois de hêtre - 90g","p":1.76,"u":"19,56 €/KG","img":"https://fd6-photos.leclercdrive.fr/image.ashx?id=2629118&use=l&cat=p&typeid=i","cat":316007},{"id":106719,"n":"Chorizo Gourmet de l'Artois En tranche - 90g","p":1.85,"u":"20,56 €/KG","img":"https://fd6-photos.leclercdrive.fr/image.ashx?id=2734909&use=l&cat=p&typeid=i","cat":316007},{"id":106743,"n":"Disques à démaquiller Bocoton Bio - x80","p":1.61,"u":"0,02 €/P","img":"https://fd6-photos.leclercdrive.fr/image.ashx?id=2480713&use=l&cat=p&typeid=i","cat":284636},{"id":106750,"n":"Eau micellaire So Bio Etic Aloe purifiante bio - 500ml","p":7.44,"u":"14,88 €/L","img":"https://fd6-photos.leclercdrive.fr/image.ashx?id=2577009&use=l&cat=p&typeid=i","cat":284603},{"id":106768,"n":"Shampooing bio So Bio Etic Coco & Acide Hyaluronique-250ml","p":3.98,"u":"15,92 €/L","img":"https://fd6-photos.leclercdrive.fr/image.ashx?id=2788727&use=l&cat=p&typeid=i","cat":284606},{"id":106886,"n":"Petit suisse nature Gervais 9,5% MG - 6x60g","p":1.83,"u":"5,08 €/KG","img":"https://fd6-photos.leclercdrive.fr/image.ashx?id=2230384&use=l&cat=p&typeid=i","cat":284409},{"id":106892,"n":"Yaourt à boire Danonino fraise - 4x70g","p":2.23,"u":"7,96 €/KG","img":"https://fd6-photos.leclercdrive.fr/image.ashx?id=2785226&use=l&cat=p&typeid=i","cat":284415},{"id":107140,"n":"Sablés Michel et Augustin Beaufort poivre blanc - 100g","p":2.84,"u":"28,40 €/KG","img":"https://fd6-photos.leclercdrive.fr/image.ashx?id=2108981&use=l&cat=p&typeid=i","cat":297000},{"id":107211,"n":"Jus innocent myrtille cassis 900ml","p":2.89,"u":"3,21 €/L","img":"https://fd6-photos.leclercdrive.fr/image.ashx?id=2891235&use=l&cat=p&typeid=i","cat":285435},{"id":107212,"n":"Jus innocent pomme fruits rouges 900ml","p":2.93,"u":"3,26 €/L","img":"https://fd6-photos.leclercdrive.fr/image.ashx?id=2184735&use=l&cat=p&typeid=i","cat":285435},{"id":107384,"n":"Bacon Justin Bridou  16 Tranches - 160g","p":2.75,"u":"17,19 €/KG","img":"https://fd6-photos.leclercdrive.fr/image.ashx?id=2924110&use=l&cat=p&typeid=i","cat":316007},{"id":107467,"n":"Cahier grands carreaux Eco+ Jaune - 24x32cm - 96p","p":0.83,"img":"https://fd6-photos.leclercdrive.fr/image.ashx?id=2943271&use=l&cat=p&typeid=i","cat":284697},{"id":107471,"n":"Cahier grands carreaux Eco+ Bleu - 24x32cm - 96p","p":0.83,"img":"https://fd6-photos.leclercdrive.fr/image.ashx?id=2943274&use=l&cat=p&typeid=i","cat":284697},{"id":107472,"n":"Cahier grands carreaux Eco+ Rouge - 24x32cm - 96p","p":0.83,"img":"https://fd6-photos.leclercdrive.fr/image.ashx?id=2943277&use=l&cat=p&typeid=i","cat":284697},{"id":107473,"n":"Cahier grands carreaux Eco+ Gris - 24x32cm - 96p","p":0.83,"img":"https://fd6-photos.leclercdrive.fr/image.ashx?id=2943280&use=l&cat=p&typeid=i","cat":284697},{"id":107763,"n":"Escalope Le Gaulois Cordon bleu Extra - 200g","p":2.12,"u":"10,60 €/KG","img":"https://fd6-photos.leclercdrive.fr/image.ashx?id=2367442&use=l&cat=p&typeid=i","cat":333683},{"id":107833,"n":"Vin Union Européenne rosé BIB 5L","p":9.25,"u":"1,85 €/L","img":"https://fd6-photos.leclercdrive.fr/image.ashx?id=2116813&use=l&cat=p&typeid=i","cat":289560},{"id":107847,"n":"Bac gourmand Eskiss Vanille speculoos - 500g","p":3.29,"u":"6,58 €/KG","img":"https://fd6-photos.leclercdrive.fr/image.ashx?id=2982652&use=l&cat=p&typeid=i","cat":284263},{"id":107855,"n":"Vin rouge Espagne Table Oscar Inno Vins - 5L","p":10.15,"u":"2,03 €/L","img":"https://fd6-photos.leclercdrive.fr/image.ashx?id=2116810&use=l&cat=p&typeid=i","cat":289556},{"id":107856,"n":"Vin Blanc Espagne Table Oscar Inno Vins - 5L","p":8.95,"u":"1,79 €/L","img":"https://fd6-photos.leclercdrive.fr/image.ashx?id=2116816&use=l&cat=p&typeid=i","cat":289557},{"id":107863,"n":"Dentifrice soin bio Dentavie Blancheur bicarbonate - 75ml","p":3.61,"u":"48,13 €/L","img":"https://fd6-photos.leclercdrive.fr/image.ashx?id=2494776&use=l&cat=p&typeid=i","cat":284612},{"id":107864,"n":"Bac gourmand Eskiss Café - 500g","p":2.99,"u":"5,98 €/KG","img":"https://fd6-photos.leclercdrive.fr/image.ashx?id=2982655&use=l&cat=p&typeid=i","cat":284263},{"id":107884,"n":"Tablette lave-vaisselle UniVert Classiques ecolo - x40 - 400g","p":5.64,"u":"14,10 €/KG","img":"https://fd6-photos.leclercdrive.fr/image.ashx?id=2163892&use=l&cat=p&typeid=i","cat":284656},{"id":107949,"n":"Cahier Esquisse 96 pages Gris - 24x32cm","p":0.8,"img":"https://fd6-photos.leclercdrive.fr/image.ashx?id=1690068&use=l&cat=p&typeid=i","cat":284697},{"id":107950,"n":"Cahier Esquisse 96 pages Vert - 24x32cm","p":0.8,"img":"https://fd6-photos.leclercdrive.fr/image.ashx?id=1690071&use=l&cat=p&typeid=i","cat":284697},{"id":107960,"n":"Taille-crayon métal Esquisse Fruit","p":0.75,"img":"https://fd6-photos.leclercdrive.fr/image.ashx?id=1690074&use=l&cat=p&typeid=i","cat":334133},{"id":107961,"n":"Taille-crayon métal Esquisse Géométrie","p":0.75,"img":"https://fd6-photos.leclercdrive.fr/image.ashx?id=1690077&use=l&cat=p&typeid=i","cat":334133},{"id":107989,"n":"Saucisson de Vic IGP L'Origine du Goût - 300g","p":6.85,"u":"22,83 €/KG","img":"https://fd6-photos.leclercdrive.fr/image.ashx?id=2833047&use=l&cat=p&typeid=i","cat":316006},{"id":108004,"n":"Classeur à levier Esquisse Rouge - Dos 80mm","p":2.8,"img":"https://fd6-photos.leclercdrive.fr/image.ashx?id=1691063&use=l&cat=p&typeid=i","cat":284745},{"id":108146,"n":"Boisson aux fruits Oasis Tropical - 2L","p":2.44,"u":"1,22 €/L","img":"https://fd6-photos.leclercdrive.fr/image.ashx?id=2996569&use=l&cat=p&typeid=i","cat":295018},{"id":108185,"n":"Cahier Esquisse 96p Bleu - 21x29.7cm","p":0.75,"img":"https://fd6-photos.leclercdrive.fr/image.ashx?id=1690137&use=l&cat=p&typeid=i","cat":284697},{"id":108186,"n":"Cahier Esquisse 96p Orange - 21x29.7cm","p":0.75,"img":"https://fd6-photos.leclercdrive.fr/image.ashx?id=1690140&use=l&cat=p&typeid=i","cat":284697},{"id":108422,"n":"Matière grasse Primevere 63%MG - oméga 3 - 240g","p":2.79,"u":"11,63 €/KG","img":"https://fd6-photos.leclercdrive.fr/image.ashx?id=2979060&use=l&cat=p&typeid=i","cat":315229},{"id":108449,"n":"Déodorant spray Monsavon Fleur Lotus-200ml","p":2.3,"u":"11,50 €/L","img":"https://fd6-photos.leclercdrive.fr/image.ashx?id=2643914&use=l&cat=p&typeid=i","cat":284595},{"id":108668,"n":"Bière blonde La Goudale 7.2% vol. - 50cl","p":1.51,"u":"3,02 €/L","img":"https://fd6-photos.leclercdrive.fr/image.ashx?id=2513658&use=l&cat=p&typeid=i","cat":334852},{"id":108695,"n":"Beurre de cacahuètes Menguy's Creamy - 454g","p":4.43,"u":"9,76 €/KG","img":"https://fd6-photos.leclercdrive.fr/image.ashx?id=2844082&use=l&cat=p&typeid=i","cat":284481},{"id":108707,"n":"Filtres à café Uni vert Bruns n°4 - x80","p":1.33,"u":"0,02 €/P","img":"https://fd6-photos.leclercdrive.fr/image.ashx?id=2634878&use=l&cat=p&typeid=i","cat":284751},{"id":108711,"n":"Gel Douche Fa Crème Cacao coco flacon - 250ml","p":1.49,"u":"5,96 €/L","img":"https://fd6-photos.leclercdrive.fr/image.ashx?id=2995097&use=l&cat=p&typeid=i","cat":284594},{"id":108717,"n":"Vinaigrette légère Amora Moutarde - 380ml","p":2.3,"u":"6,05 €/L","img":"https://fd6-photos.leclercdrive.fr/image.ashx?id=2654170&use=l&cat=p&typeid=i","cat":284456},{"id":108725,"n":"Thé glacé Bio Village Bio Menthe - 1L","p":1.4,"u":"1,40 €/L","img":"https://fd6-photos.leclercdrive.fr/image.ashx?id=2664362&use=l&cat=p&typeid=i","cat":295019},{"id":108799,"n":"Pain Burger Harrys Nature - 300g","p":1.65,"u":"5,50 €/KG","img":"https://fd6-photos.leclercdrive.fr/image.ashx?id=2569476&use=l&cat=p&typeid=i","cat":325067},{"id":108837,"n":"Lait entier Lactel Vitamine D - Bouteille - 6x50cl","p":6.84,"u":"2,28 €/L","img":"https://fd6-photos.leclercdrive.fr/image.ashx?id=2887866&use=l&cat=p&typeid=i","cat":285610},{"id":108844,"n":"Plat bébé soir Blédichef 12mois Spaghetti crème légumes -2x230g","p":3.56,"u":"7,74 €/KG","img":"https://fd6-photos.leclercdrive.fr/image.ashx?id=2643494&use=l&cat=p&typeid=i","cat":312239},{"id":108936,"n":"AOP Comté Entremont Rapé - 130g","p":2.61,"u":"20,08 €/KG","img":"https://fd6-photos.leclercdrive.fr/image.ashx?id=2983165&use=l&cat=p&typeid=i","cat":314035},{"id":108980,"n":"Parmesan râpé Ambrosi 100g","p":2.64,"u":"26,40 €/KG","img":"https://fd6-photos.leclercdrive.fr/image.ashx?id=1695537&use=l&cat=p&typeid=i","cat":314035},{"id":108997,"n":"Crème dessert Danette vanille chocolat -16x115g","p":4.82,"u":"2,62 €/KG","img":"https://fd6-photos.leclercdrive.fr/image.ashx?id=2949850&use=l&cat=p&typeid=i","cat":285041},{"id":108998,"n":"liégeois chocolat danette - 12x100g","p":4.67,"u":"3,89 €/KG","img":"https://fd6-photos.leclercdrive.fr/image.ashx?id=2907842&use=l&cat=p&typeid=i","cat":285042},{"id":109111,"n":"Calculette Texas Instrument TI-83 premium - Noir/Blanc","p":84.67,"u":"Dont 0,07 € d'éco-part.","img":"https://fd6-photos.leclercdrive.fr/image.ashx?id=2593974&use=l&cat=p&typeid=i","cat":334133},{"id":109267,"n":"Panaché Force 4 0,4° - 10x25cl","p":4.19,"u":"1,68 €/L","img":"https://fd6-photos.leclercdrive.fr/image.ashx?id=2473321&use=l&cat=p&typeid=i","cat":334877},{"id":109274,"n":"Yaourt Enfant Petits Filous Aromatisé à la Fraise - 6x100g","p":2.84,"u":"4,73 €/KG","img":"https://fd6-photos.leclercdrive.fr/image.ashx?id=2748434&use=l&cat=p&typeid=i","cat":284415},{"id":109309,"n":"Bol semoule 8 mois Bio Village Bio Patate douce lait - 2x200g","p":2.49,"u":"6,23 €/KG","img":"https://fd6-photos.leclercdrive.fr/image.ashx?id=2704807&use=l&cat=p&typeid=i","cat":312239},{"id":109310,"n":"Bol Bio Village 6 mois bio Petits pois Riz Maïs - 2x200g","p":2.24,"u":"5,60 €/KG","img":"https://fd6-photos.leclercdrive.fr/image.ashx?id=2704819&use=l&cat=p&typeid=i","cat":312239},{"id":109317,"n":"Bol Bio village 6 mois Bio Ratatouille Quinoa - 2x200g","p":2.45,"u":"6,13 €/KG","img":"https://fd6-photos.leclercdrive.fr/image.ashx?id=2704822&use=l&cat=p&typeid=i","cat":312239},{"id":109322,"n":"Bol legume vert riz Bio Village Saumon bio - 6 mois - 2x200g","p":2.55,"u":"6,38 €/KG","img":"https://fd6-photos.leclercdrive.fr/image.ashx?id=2704792&use=l&cat=p&typeid=i","cat":312235},{"id":109348,"n":"Panaché Falsbourg <0.5% vol. Canettes - 6x33cl","p":3.19,"u":"1,61 €/L","img":"https://fd6-photos.leclercdrive.fr/image.ashx?id=2637958&use=l&cat=p&typeid=i","cat":334853},{"id":109418,"n":"Rillettes de Thon MSC Ronde des Mers - 125g","p":1.69,"u":"13,52 €/KG","img":"https://fd6-photos.leclercdrive.fr/image.ashx?id=2436696&use=l&cat=p&typeid=i","cat":303867},{"id":109437,"n":"Repas bébé Blédichef 12 mois  Couscous - 2x230g","p":3.74,"u":"8,13 €/KG","img":"https://fd6-photos.leclercdrive.fr/image.ashx?id=2479706&use=l&cat=p&typeid=i","cat":312237},{"id":109441,"n":"Thon entier MSC Pêche Océan Naturel - 140g","p":2.15,"u":"15,36 €/KG","img":"https://fd6-photos.leclercdrive.fr/image.ashx?id=2942211&use=l&cat=p&typeid=i","cat":303867},{"id":109444,"n":"Bol brocolis Bio Village Pomme de terre bio 4mois 2x120g","p":1.34,"u":"5,58 €/KG","img":"https://fd6-photos.leclercdrive.fr/image.ashx?id=2704756&use=l&cat=p&typeid=i","cat":312234},{"id":109447,"n":"Bol carottes Bio Village Bio - 4 mois - 2x120g","p":1.25,"u":"5,21 €/KG","img":"https://fd6-photos.leclercdrive.fr/image.ashx?id=2704768&use=l&cat=p&typeid=i","cat":312239},{"id":109449,"n":"Jus innocent ananas 900ml","p":3.27,"u":"3,63 €/L","img":"https://fd6-photos.leclercdrive.fr/image.ashx?id=2184732&use=l&cat=p&typeid=i","cat":285435},{"id":109451,"n":"Boisson lactée Danao Multivitaminé - 900ml","p":2.78,"u":"3,09 €/L","img":"https://fd6-photos.leclercdrive.fr/image.ashx?id=2637216&use=l&cat=p&typeid=i","cat":285435},{"id":109452,"n":"Bol potiron courge bio Bio Village - 4 mois - 2x120g","p":1.45,"u":"6,04 €/KG","img":"https://fd6-photos.leclercdrive.fr/image.ashx?id=2704816&use=l&cat=p&typeid=i","cat":312234},{"id":109455,"n":"Boisson lactée Danao Orange Banane Fraise - 900ml","p":2.84,"u":"3,16 €/L","img":"https://fd6-photos.leclercdrive.fr/image.ashx?id=2609908&use=l&cat=p&typeid=i","cat":285435},{"id":109456,"n":"AOP Alsace Sylvaner sec Wolfberger 75 cl","p":6.14,"u":"8,19 €/L","img":"https://fd6-photos.leclercdrive.fr/image.ashx?id=2692329&use=l&cat=p&typeid=i","cat":289557},{"id":109457,"n":"Boisson lactée Danao Pêche Abricot - 900ml","p":2.65,"u":"2,94 €/L","img":"https://fd6-photos.leclercdrive.fr/image.ashx?id=2606367&use=l&cat=p&typeid=i","cat":285435},{"id":109474,"n":"Yaourt à boire Yop Dessert Lacté Chocolat - 825g","p":2.21,"u":"2,68 €/KG","img":"https://fd6-photos.leclercdrive.fr/image.ashx?id=2941613&use=l&cat=p&typeid=i","cat":284415},{"id":109509,"n":"crème dessert café danette - 4x125g","p":1.62,"u":"3,24 €/KG","img":"https://fd6-photos.leclercdrive.fr/image.ashx?id=2961867&use=l&cat=p&typeid=i","cat":285041},{"id":109512,"n":"Petits suisses aux fruits Danonino - 6x100g","p":3.18,"u":"5,30 €/KG","img":"https://fd6-photos.leclercdrive.fr/image.ashx?id=2785244&use=l&cat=p&typeid=i","cat":284414},{"id":109548,"n":"Olives vertes bio Bio Village - 160g","p":2.79,"u":"17,44 €/KG","img":"https://fd6-photos.leclercdrive.fr/image.ashx?id=2552448&use=l&cat=p&typeid=i","cat":284450},{"id":109565,"n":"Thon entier MSC Pêche Océan Naturel - 93g","p":1.99,"u":"21,40 €/KG","img":"https://fd6-photos.leclercdrive.fr/image.ashx?id=2942217&use=l&cat=p&typeid=i","cat":303867},{"id":109567,"n":"AdBlue Diframa avec flexible 5L","p":7.59,"u":"1,52 €/L","img":"https://fd6-photos.leclercdrive.fr/image.ashx?id=1867723&use=l&cat=p&typeid=i","cat":298253},{"id":109577,"n":"Recharge Électrique Glade Fleur de Vanille 20ml","p":4.49,"img":"https://fd6-photos.leclercdrive.fr/image.ashx?id=2600776&use=l&cat=p&typeid=i","cat":311629},{"id":109607,"n":"Skyr Danone nature 0%mg - 480g","p":3.42,"u":"7,13 €/KG","img":"https://fd6-photos.leclercdrive.fr/image.ashx?id=2810615&use=l&cat=p&typeid=i","cat":284409},{"id":109609,"n":"Petit suisse nature Gervais 3,9% MG - 12x60g","p":2.71,"u":"3,76 €/KG","img":"https://fd6-photos.leclercdrive.fr/image.ashx?id=2256757&use=l&cat=p&typeid=i","cat":284409},{"id":109627,"n":"Crème dessert Danette vanille lit de chocolat -4x125g","p":1.74,"u":"3,48 €/KG","img":"https://fd6-photos.leclercdrive.fr/image.ashx?id=2939187&use=l&cat=p&typeid=i","cat":285041},{"id":109666,"n":"Café en grains L'OR Sélection 100% Arabica N° 6 1kg","p":18.83,"u":"18,83 €/KG","img":"https://fd6-photos.leclercdrive.fr/image.ashx?id=3000483&use=l&cat=p&typeid=i","cat":293237},{"id":109742,"n":"Jus pour bébé NATURNES BIO Poire Abricot 6M+ - 20cl","p":0.97,"u":"4,85 €/L","img":"https://fd6-photos.leclercdrive.fr/image.ashx?id=2532258&use=l&cat=p&typeid=i","cat":312388},{"id":109749,"n":"Liquide de rinçage Uni Vert Lave-vaisselle Ecologique-750ml","p":1.99,"u":"2,65 €/L","img":"https://fd6-photos.leclercdrive.fr/image.ashx?id=2184134&use=l&cat=p&typeid=i","cat":284657},{"id":109753,"n":"Sauce crudité Amora Nature - 380ml","p":2.02,"u":"5,32 €/KG","img":"https://fd6-photos.leclercdrive.fr/image.ashx?id=2644995&use=l&cat=p&typeid=i","cat":284456},{"id":109856,"n":"AOP Vin d'Alsace Pinot blanc vin blanc Rebmann - 75 cl","p":4.99,"u":"6,65 €/L","img":"https://fd6-photos.leclercdrive.fr/image.ashx?id=2702333&use=l&cat=p&typeid=i","cat":289557},{"id":109857,"n":"AOC Luberon Rouge Rives & Terrasses - 75cl","p":3.49,"u":"4,65 €/L","img":"https://fd6-photos.leclercdrive.fr/image.ashx?id=2756888&use=l&cat=p&typeid=i","cat":289556},{"id":109873,"n":"Pur jus de pomme Jafaden Douceur - 1L","p":1.5,"u":"1,50 €/L","img":"https://fd6-photos.leclercdrive.fr/image.ashx?id=2863178&use=l&cat=p&typeid=i","cat":284522},{"id":109892,"n":"Soda Coca-Cola Cherry Bouteille - 1,25L","p":1.75,"u":"1,40 €/L","img":"https://fd6-photos.leclercdrive.fr/image.ashx?id=2678161&use=l&cat=p&typeid=i","cat":284530},{"id":109893,"n":"Soda Coca-Cola Vanille Bouteille - 1,25L","p":2.04,"u":"1,63 €/L","img":"https://fd6-photos.leclercdrive.fr/image.ashx?id=2678164&use=l&cat=p&typeid=i","cat":284530},{"id":109940,"n":"Classeur Esquisse Bleu - pour fiches bristol","p":2.5,"img":"https://fd6-photos.leclercdrive.fr/image.ashx?id=1434530&use=l&cat=p&typeid=i","cat":284745},{"id":110000,"n":"Cornichons fins AMORA Bocal - 540g","p":4.08,"u":"7,56 €/KG","img":"https://fd6-photos.leclercdrive.fr/image.ashx?id=2672710&use=l&cat=p&typeid=i","cat":284458},{"id":110005,"n":"Repas bébé Blédichef 12 mois  Riz légumes poulet - 2x230g","p":3.8,"u":"8,26 €/KG","img":"https://fd6-photos.leclercdrive.fr/image.ashx?id=2361843&use=l&cat=p&typeid=i","cat":312237},{"id":110007,"n":"Tam Tam l'Original Saint-Michel - 275g","p":2.17,"u":"7,89 €/KG","img":"https://fd6-photos.leclercdrive.fr/image.ashx?id=2936239&use=l&cat=p&typeid=i","cat":284495},{"id":110009,"n":"Boisson végétale Bio Village Epeautre bio - 1l","p":1.9,"u":"1,90 €/L","img":"https://fd6-photos.leclercdrive.fr/image.ashx?id=2384935&use=l&cat=p&typeid=i","cat":316067},{"id":110022,"n":"Chien Medium/maxi Adulte One  Contrôle de poids - dinde 2.5kg","p":9.13,"u":"3,65 €/KG","img":"https://fd6-photos.leclercdrive.fr/image.ashx?id=2434494&use=l&cat=p&typeid=i","cat":284672},{"id":110039,"n":"Boisson amande Nat & Vie Sans sucre - 1L","p":1.36,"u":"1,36 €/L","img":"https://fd6-photos.leclercdrive.fr/image.ashx?id=2882340&use=l&cat=p&typeid=i","cat":316067},{"id":110048,"n":"Tendres effilés Chats Felix Encore plus de sauce 12x85g","p":5.01,"u":"4,91 €/KG","img":"https://fd6-photos.leclercdrive.fr/image.ashx?id=2957662&use=l&cat=p&typeid=i","cat":285286},{"id":110052,"n":"Sucre Perles Daddy 350g","p":2.16,"u":"6,17 €/KG","img":"https://fd6-photos.leclercdrive.fr/image.ashx?id=2826960&use=l&cat=p&typeid=i","cat":284502},{"id":110058,"n":"Crêpe fourrée Whaou Chocolat - x24 - 768g","p":4.05,"u":"5,27 €/KG","img":"https://fd6-photos.leclercdrive.fr/image.ashx?id=2955818&use=l&cat=p&typeid=i","cat":284494},{"id":110066,"n":"Mini Pizza Jambon Fromage Turini x9 - 270g","p":2.34,"u":"8,67 €/KG","img":"https://fd6-photos.leclercdrive.fr/image.ashx?id=1702044&use=l&cat=p&typeid=i","cat":319822},{"id":110071,"n":"Mini Pizzas Fromage Turini  x9 - 270g","p":2.15,"u":"7,96 €/KG","img":"https://fd6-photos.leclercdrive.fr/image.ashx?id=1702062&use=l&cat=p&typeid=i","cat":319822},{"id":110087,"n":"Joker Le Fruit Jus multifruits exotiques - 1L","p":2.15,"u":"2,15 €/L","img":"https://fd6-photos.leclercdrive.fr/image.ashx?id=2826864&use=l&cat=p&typeid=i","cat":284917},{"id":110101,"n":"Huile d'olive vierge extra 1.5L","p":12.9,"u":"8,60 €/L","img":"https://fd6-photos.leclercdrive.fr/image.ashx?id=2898035&use=l&cat=p&typeid=i","cat":284453},{"id":110103,"n":"Huile d'olive vierge extra 25cl","p":2.89,"u":"11,56 €/L","img":"https://fd6-photos.leclercdrive.fr/image.ashx?id=2892349&use=l&cat=p&typeid=i","cat":284453},{"id":110113,"n":"Cahier Esquisse  - 96 pages Rouge - 21x29.7cm","p":1.1,"img":"https://fd6-photos.leclercdrive.fr/image.ashx?id=981958&use=l&cat=p&typeid=i","cat":284697},{"id":110121,"n":"Whisky Aberlour 10 ans Forest Single Malt Scotch 40% vol 70cl","p":27.2,"u":"38,86 €/L","img":"https://fd6-photos.leclercdrive.fr/image.ashx?id=3014871&use=l&cat=p&typeid=i","cat":284547},{"id":110123,"n":"Pavé Gourmand Garden Gourmet Fromage Soja et Blé 180g","p":4.19,"u":"23,28 €/KG","img":"https://fd6-photos.leclercdrive.fr/image.ashx?id=3011887&use=l&cat=p&typeid=i","cat":316036},{"id":110130,"n":"Dessert lacté Bio Village Bio - Abricot 6-9 mois 4x100g","p":2.04,"u":"5,10 €/KG","img":"https://fd6-photos.leclercdrive.fr/image.ashx?id=2709752&use=l&cat=p&typeid=i","cat":312392},{"id":110133,"n":"Dessert lacté bio Bio Village Fraise brassé - 6-9 mois 4x100g","p":2.1,"u":"5,25 €/KG","img":"https://fd6-photos.leclercdrive.fr/image.ashx?id=2709755&use=l&cat=p&typeid=i","cat":312392},{"id":110139,"n":"Dessert lacté bio Bio Village Brassé nature sucré - 4x100g","p":2.09,"u":"5,23 €/KG","img":"https://fd6-photos.leclercdrive.fr/image.ashx?id=2709761&use=l&cat=p&typeid=i","cat":312392},{"id":110146,"n":"Matière grasse Rustica Tournesol -60%MG -1/2 sel -500G","p":1.75,"u":"3,50 €/KG","img":"https://fd6-photos.leclercdrive.fr/image.ashx?id=2881247&use=l&cat=p&typeid=i","cat":315229},{"id":110154,"n":"Hachis parmentier Marie 300g","p":3.87,"u":"12,90 €/KG","img":"https://fd6-photos.leclercdrive.fr/image.ashx?id=2833315&use=l&cat=p&typeid=i","cat":333665},{"id":110159,"n":"Bol légumes saumon Bio Village Bio - 12 mois - 2x200g","p":2.69,"u":"6,73 €/KG","img":"https://fd6-photos.leclercdrive.fr/image.ashx?id=2704783&use=l&cat=p&typeid=i","cat":312237},{"id":110163,"n":"AOP Crémant d'Alsace brut  Ernest Wein - 75 cl","p":5.95,"u":"7,93 €/L","img":"https://fd6-photos.leclercdrive.fr/image.ashx?id=1880215&use=l&cat=p&typeid=i","cat":284545},{"id":110178,"n":"Radis ronds  Panier du Primeur - 250g","p":0.99,"u":"3,96 €/KG","img":"https://fd6-photos.leclercdrive.fr/image.ashx?id=3015114&use=l&cat=p&typeid=i","cat":284352},{"id":110179,"n":"Bol risotto Tomate Bio Village Aubergine bio - 2x200g","p":2.55,"u":"6,38 €/KG","img":"https://fd6-photos.leclercdrive.fr/image.ashx?id=2704825&use=l&cat=p&typeid=i","cat":312237},{"id":110182,"n":"Bol Spaghetti Bio Village 8mois Bio Bolognaise - 2x200g","p":2.59,"u":"6,48 €/KG","img":"https://fd6-photos.leclercdrive.fr/image.ashx?id=2704828&use=l&cat=p&typeid=i","cat":312236},{"id":110423,"n":"Cahier Esquisse  Bleu - 24x32cm - 96p","p":1.39,"img":"https://fd6-photos.leclercdrive.fr/image.ashx?id=1703713&use=l&cat=p&typeid=i","cat":284697},{"id":110434,"n":"Cahier Esquisse  Bleu clair - 24x32cm - 96p","p":1.39,"img":"https://fd6-photos.leclercdrive.fr/image.ashx?id=1703716&use=l&cat=p&typeid=i","cat":284697},{"id":110465,"n":"Classeur 4 anneaux Esquisse Blanc - 21x29.7cm","p":2.49,"img":"https://fd6-photos.leclercdrive.fr/image.ashx?id=1703803&use=l&cat=p&typeid=i","cat":284745},{"id":110509,"n":"boisson végétale lait d'amande non grillée sans sucre alpro-1l","p":2.0,"u":"2,00 €/L","img":"https://fd6-photos.leclercdrive.fr/image.ashx?id=2980085&use=l&cat=p&typeid=i","cat":316067},{"id":110556,"n":"Jus innocent plus  infatigableu 750ml","p":2.91,"u":"3,88 €/L","img":"https://fd6-photos.leclercdrive.fr/image.ashx?id=2862874&use=l&cat=p&typeid=i","cat":285435},{"id":110557,"n":"Jus innocent plus  matière green 750ml","p":2.96,"u":"3,95 €/L","img":"https://fd6-photos.leclercdrive.fr/image.ashx?id=2887200&use=l&cat=p&typeid=i","cat":285435},{"id":110568,"n":"Gel Lubrifiant Intime Durex Naturel Confort Base Eau 100ml","p":8.38,"u":"83,80 €/L","img":"https://fd6-photos.leclercdrive.fr/image.ashx?id=2960687&use=l&cat=p&typeid=i","cat":285160},{"id":110575,"n":"Dentifrice Bionaïa Coco Aloe Vera bio - 75ml","p":1.99,"u":"26,53 €/L","img":"https://fd6-photos.leclercdrive.fr/image.ashx?id=2529549&use=l&cat=p&typeid=i","cat":284612},{"id":110577,"n":"Serviette incontinence Chorys Normal - x16","p":2.5,"u":"0,16 €/P","img":"https://fd6-photos.leclercdrive.fr/image.ashx?id=2393899&use=l&cat=p&typeid=i","cat":284628},{"id":110589,"n":"Serviette incontinence Chorys Super+ - x14","p":2.2,"u":"0,16 €/P","img":"https://fd6-photos.leclercdrive.fr/image.ashx?id=2162003&use=l&cat=p&typeid=i","cat":284628},{"id":110590,"n":"Recharge Électrique Glade Bois de Santal & Jasmin 20ml","p":4.45,"img":"https://fd6-photos.leclercdrive.fr/image.ashx?id=2600773&use=l&cat=p&typeid=i","cat":311629},{"id":110595,"n":"Gel Lave-Vaisselle Sun Tout-en-1 Expert Plus 52 Lavage","p":7.9,"u":"8,78 €/L","img":"https://fd6-photos.leclercdrive.fr/image.ashx?id=2835580&use=l&cat=p&typeid=i","cat":284656},{"id":110596,"n":"Poudre Lave Vaisselle Sun Classique 90 Lavages","p":9.35,"u":"3,28 €/KG","img":"https://fd6-photos.leclercdrive.fr/image.ashx?id=2866172&use=l&cat=p&typeid=i","cat":284656},{"id":110621,"n":"AOP Bordeaux Vin blanc. Dourthe La grande cuvée - 75cl","p":6.96,"u":"9,28 €/L","img":"https://fd6-photos.leclercdrive.fr/image.ashx?id=2926374&use=l&cat=p&typeid=i","cat":289557},{"id":110628,"n":"Burrata Galbani 150g","p":3.48,"u":"23,20 €/KG","img":"https://fd6-photos.leclercdrive.fr/image.ashx?id=2837592&use=l&cat=p&typeid=i","cat":314026},{"id":110643,"n":"Yaourt à la Grecque Délisse Caramel beurre salé - 4x150g","p":2.59,"u":"4,32 €/KG","img":"https://fd6-photos.leclercdrive.fr/image.ashx?id=2699753&use=l&cat=p&typeid=i","cat":314999},{"id":110678,"n":"Bouillon cube Bio Village Volaille Bio - x8 - 80g","p":1.43,"u":"17,88 €/KG","img":"https://fd6-photos.leclercdrive.fr/image.ashx?id=2140950&use=l&cat=p&typeid=i","cat":288379},{"id":110681,"n":"Mayonaise Bio Bio Village Dijon - 238g","p":2.35,"u":"9,87 €/KG","img":"https://fd6-photos.leclercdrive.fr/image.ashx?id=2664869&use=l&cat=p&typeid=i","cat":298295},{"id":110696,"n":"Yaourt à boire Yop Aromatisé Tropical - 825g","p":2.04,"u":"2,47 €/KG","img":"https://fd6-photos.leclercdrive.fr/image.ashx?id=2855582&use=l&cat=p&typeid=i","cat":284415},{"id":110707,"n":"Beurre gastronomique Les Croisé Doux - 82% MG - 250g","p":2.49,"u":"9,96 €/KG","img":"https://fd6-photos.leclercdrive.fr/image.ashx?id=2833005&use=l&cat=p&typeid=i","cat":284379},{"id":110708,"n":"Beurre Les Croisés Demi-sel - 80% MG - 250g","p":2.49,"u":"9,96 €/KG","img":"https://fd6-photos.leclercdrive.fr/image.ashx?id=2778084&use=l&cat=p&typeid=i","cat":284379},{"id":110712,"n":"Boisson lacté Délisse Vanille - 6x20cl","p":2.19,"u":"1,83 €/L","img":"https://fd6-photos.leclercdrive.fr/image.ashx?id=2171916&use=l&cat=p&typeid=i","cat":295246},{"id":110827,"n":"Jus pour bébé Naturnes Bio Pomme mangue 6M+ 20cl","p":0.92,"u":"4,60 €/L","img":"https://fd6-photos.leclercdrive.fr/image.ashx?id=2406235&use=l&cat=p&typeid=i","cat":312388},{"id":110849,"n":"Dentifrice Bionaïa Charbon bio - 75ml","p":1.99,"u":"26,53 €/L","img":"https://fd6-photos.leclercdrive.fr/image.ashx?id=2529546&use=l&cat=p&typeid=i","cat":284612},{"id":110854,"n":"Fido Purina Bacon twist - 120g","p":1.97,"u":"16,42 €/KG","img":"https://fd6-photos.leclercdrive.fr/image.ashx?id=2447163&use=l&cat=p&typeid=i","cat":294527},{"id":110856,"n":"Pack bières blondes 8.6 8.6%vol - 4x50cl","p":5.24,"u":"2,62 €/L","img":"https://fd6-photos.leclercdrive.fr/image.ashx?id=2841601&use=l&cat=p&typeid=i","cat":334853},{"id":110857,"n":"Boisson effervescente base vin Désalcoolisé Diane D’Arria 75cl","p":2.79,"u":"3,72 €/L","img":"https://fd6-photos.leclercdrive.fr/image.ashx?id=2149728&use=l&cat=p&typeid=i","cat":289460},{"id":110858,"n":"Jus pour bébé Naturnes 6 mois Poire Banane Bio - 200ml","p":0.96,"u":"4,80 €/L","img":"https://fd6-photos.leclercdrive.fr/image.ashx?id=2406238&use=l&cat=p&typeid=i","cat":312388},{"id":110859,"n":"Bières blonde original 8.6 8.6%vol - 50cl","p":1.33,"u":"2,66 €/L","img":"https://fd6-photos.leclercdrive.fr/image.ashx?id=2112516&use=l&cat=p&typeid=i","cat":334853},{"id":110865,"n":"Le kebab lamelles France Kebab Sans conservateurs 400g","p":5.05,"u":"12,63 €/KG","img":"https://fd6-photos.leclercdrive.fr/image.ashx?id=2288422&use=l&cat=p&typeid=i","cat":null},{"id":110866,"n":"Cheesecake Gü Caramel salé - 2x90g","p":3.25,"u":"17,66 €/KG","img":"https://fd6-photos.leclercdrive.fr/image.ashx?id=3012664&use=l&cat=p&typeid=i","cat":284419},{"id":110940,"n":"Champagne blanc brut Jeanmaire Elysée-  75cl","p":15.5,"u":"20,67 €/L","img":"https://fd6-photos.leclercdrive.fr/image.ashx?id=1726568&use=l&cat=p&typeid=i","cat":284542},{"id":111207,"n":"Jenlain ambrée 75cl","p":2.96,"u":"3,95 €/L","img":"https://fd6-photos.leclercdrive.fr/image.ashx?id=2732848&use=l&cat=p&typeid=i","cat":334852},{"id":111211,"n":"Pain de mie La Boulangère Seigle graines - 500g","p":1.92,"u":"3,84 €/KG","img":"https://fd6-photos.leclercdrive.fr/image.ashx?id=2912425&use=l&cat=p&typeid=i","cat":284477},{"id":111362,"n":"Poitrine Fumée Eco+ 4 tranches","p":2.85,"u":"0,71 €/TRC","img":"https://fd6-photos.leclercdrive.fr/image.ashx?id=2709559&use=l&cat=p&typeid=i","cat":316011},{"id":111363,"n":"Allumettes Eco+ Nature - 2x100g","p":1.22,"u":"6,10 €/KG","img":"https://fd6-photos.leclercdrive.fr/image.ashx?id=2688255&use=l&cat=p&typeid=i","cat":316011},{"id":111365,"n":"Lardons Eco+ Fumés - 180g","p":1.32,"u":"7,33 €/KG","img":"https://fd6-photos.leclercdrive.fr/image.ashx?id=2805066&use=l&cat=p&typeid=i","cat":316011},{"id":111368,"n":"Lardons nature Eco+ 180g","p":1.22,"u":"6,78 €/KG","img":"https://fd6-photos.leclercdrive.fr/image.ashx?id=2809888&use=l&cat=p&typeid=i","cat":316011},{"id":111369,"n":"Allumettes Eco+ Fumées - 2x100g","p":1.21,"u":"6,05 €/KG","img":"https://fd6-photos.leclercdrive.fr/image.ashx?id=2688258&use=l&cat=p&typeid=i","cat":316011},{"id":111385,"n":"Croquette chat stérilisé Ultima Boeuf - 1.5kg","p":7.35,"u":"4,90 €/KG","img":"https://fd6-photos.leclercdrive.fr/image.ashx?id=2921903&use=l&cat=p&typeid=i","cat":284680},{"id":111414,"n":"Repas bébé Blédichef 12 mois  Spaghetti bolognaise - 230g","p":1.78,"u":"7,74 €/KG","img":"https://fd6-photos.leclercdrive.fr/image.ashx?id=2643491&use=l&cat=p&typeid=i","cat":312237},{"id":111415,"n":"Repas bébé Blédichef 12 mois Purée épinards saumon - 230g","p":1.83,"u":"7,32 €/KG","img":"https://fd6-photos.leclercdrive.fr/image.ashx?id=1710731&use=l&cat=p&typeid=i","cat":312237},{"id":111418,"n":"Repas bébé Blédichef 15 mois Risotto courgette saumon - 250g","p":1.97,"u":"7,88 €/KG","img":"https://fd6-photos.leclercdrive.fr/image.ashx?id=2643488&use=l&cat=p&typeid=i","cat":312238},{"id":111419,"n":"Repas bébé Blédichef 24 mois  Macaroni carotte boeuf - 250g","p":2.0,"u":"8,00 €/KG","img":"https://fd6-photos.leclercdrive.fr/image.ashx?id=2951593&use=l&cat=p&typeid=i","cat":312238},{"id":111422,"n":"Compotes Pom'Potes Gourdes  Pomm P. Frais P. Framb - 32x90g","p":12.93,"u":"4,49 €/KG","img":"https://fd6-photos.leclercdrive.fr/image.ashx?id=2870182&use=l&cat=p&typeid=i","cat":284508},{"id":111424,"n":"Repas bébé Blédichef 12 mois  Hachis parmentier - 230g","p":1.69,"u":"7,35 €/KG","img":"https://fd6-photos.leclercdrive.fr/image.ashx?id=2478571&use=l&cat=p&typeid=i","cat":312237},{"id":111425,"n":"Chips lentilles Vico Fines herbes - 85g","p":1.66,"u":"19,53 €/KG","img":"https://fd6-photos.leclercdrive.fr/image.ashx?id=3000096&use=l&cat=p&typeid=i","cat":284447},{"id":111426,"n":"Chips lentille Vico Tomate mozzarella - 85g","p":1.99,"u":"23,41 €/KG","img":"https://fd6-photos.leclercdrive.fr/image.ashx?id=2989255&use=l&cat=p&typeid=i","cat":284447},{"id":111432,"n":"Plat bébé soir Blédichef 15mois Pomme de terre chou fleur -250g","p":1.97,"u":"7,88 €/KG","img":"https://fd6-photos.leclercdrive.fr/image.ashx?id=2479018&use=l&cat=p&typeid=i","cat":312239},{"id":111433,"n":"Repas bébé Blédichef 18 mois  Paëlla - 250g","p":1.97,"u":"7,88 €/KG","img":"https://fd6-photos.leclercdrive.fr/image.ashx?id=2951587&use=l&cat=p&typeid=i","cat":312238},{"id":111435,"n":"Repas bébé Blédichef 18 mois  Ratatouille poulet - 250g","p":2.01,"u":"8,04 €/KG","img":"https://fd6-photos.leclercdrive.fr/image.ashx?id=2951596&use=l&cat=p&typeid=i","cat":312238},{"id":111467,"n":"Fricandelles de volaille 20x70g","p":4.69,"u":"3,35 €/KG","img":"https://fd6-photos.leclercdrive.fr/image.ashx?id=2569980&use=l&cat=p&typeid=i","cat":319780},{"id":111587,"n":"Café dosettes Tassimo L'Or XL Classique x16","p":4.76,"u":"35,00 €/KG","img":"https://fd6-photos.leclercdrive.fr/image.ashx?id=2100308&use=l&cat=p&typeid=i","cat":293240},{"id":111590,"n":"Capsules café L'Or Espresso Lungo Mattinata N°5 x10","p":3.66,"u":"70,38 €/KG","img":"https://fd6-photos.leclercdrive.fr/image.ashx?id=3002309&use=l&cat=p&typeid=i","cat":284749},{"id":111700,"n":"Citronnade Bio Village Bio - 1L","p":1.24,"u":"1,24 €/L","img":"https://fd6-photos.leclercdrive.fr/image.ashx?id=2655719&use=l&cat=p&typeid=i","cat":295018},{"id":111749,"n":"Dés de fromage aux noix Petit Marché - 120g","p":2.69,"u":"22,42 €/KG","img":"https://fd6-photos.leclercdrive.fr/image.ashx?id=2511558&use=l&cat=p&typeid=i","cat":314027},{"id":111785,"n":"Soda Pepsi Cola cerise sans sucres - 1.5L","p":1.7,"u":"1,13 €/L","img":"https://fd6-photos.leclercdrive.fr/image.ashx?id=2734924&use=l&cat=p&typeid=i","cat":284530},{"id":111828,"n":"Compote Charles & Alice Pommes Framboises - 4x100g","p":1.73,"u":"4,33 €/KG","img":"https://fd6-photos.leclercdrive.fr/image.ashx?id=2757341&use=l&cat=p&typeid=i","cat":284416},{"id":111829,"n":"Compote Charles & Alice Pommes Fraises - 4x100g","p":1.76,"u":"4,40 €/KG","img":"https://fd6-photos.leclercdrive.fr/image.ashx?id=2757338&use=l&cat=p&typeid=i","cat":284416},{"id":111894,"n":"Coloration Perfect Mousse  Schwarzkopf - 668 noisette","p":7.21,"img":"https://fd6-photos.leclercdrive.fr/image.ashx?id=2856709&use=l&cat=p&typeid=i","cat":288899},{"id":111895,"n":"Coloration Perfect Mousse Schwarzkopf - 500 châtain","p":7.0,"img":"https://fd6-photos.leclercdrive.fr/image.ashx?id=2970882&use=l&cat=p&typeid=i","cat":288899},{"id":111896,"n":"Coloration Perfect Mousse Schwarzkopf - 200 noir","p":6.9,"img":"https://fd6-photos.leclercdrive.fr/image.ashx?id=2970885&use=l&cat=p&typeid=i","cat":288899},{"id":111898,"n":"Coloration permanente Garnier Châtain foncé pur 3.0 Olia","p":8.9,"u":"74,17 €/L","img":"https://fd6-photos.leclercdrive.fr/image.ashx?id=2323619&use=l&cat=p&typeid=i","cat":288899},{"id":111899,"n":"Coloration Perfect Mousse Schwarzkopf - 465 châtain choco","p":7.23,"img":"https://fd6-photos.leclercdrive.fr/image.ashx?id=2921555&use=l&cat=p&typeid=i","cat":288899},{"id":111901,"n":"Coloration Permanente Olia 4.15 Marron Glacé","p":8.57,"img":"https://fd6-photos.leclercdrive.fr/image.ashx?id=2471322&use=l&cat=p&typeid=i","cat":288899},{"id":111902,"n":"Coloration Permanente Olia 5.0 Chatain Clair","p":8.95,"img":"https://fd6-photos.leclercdrive.fr/image.ashx?id=2471325&use=l&cat=p&typeid=i","cat":288899},{"id":111903,"n":"Coloration Permanente Olia 5.3 Chatain Clair Doré","p":9.18,"img":"https://fd6-photos.leclercdrive.fr/image.ashx?id=2520494&use=l&cat=p&typeid=i","cat":288899},{"id":111906,"n":"Déodorant compressé Ushuaïa Grenade - 100ml","p":4.03,"u":"40,30 €/L","img":"https://fd6-photos.leclercdrive.fr/image.ashx?id=2474608&use=l&cat=p&typeid=i","cat":284595},{"id":111907,"n":"Déodorant compressé Ushuaïa Fleur d'Oranger - 100ml","p":3.18,"u":"31,80 €/L","img":"https://fd6-photos.leclercdrive.fr/image.ashx?id=2474614&use=l&cat=p&typeid=i","cat":284595},{"id":111908,"n":"Huile d'amande douce Primoplast 100ml","p":3.25,"u":"32,50 €/L","img":"https://fd6-photos.leclercdrive.fr/image.ashx?id=2856573&use=l&cat=p&typeid=i","cat":284630},{"id":111910,"n":"Gommage tube Manava 150ml","p":1.99,"u":"13,27 €/L","img":"https://fd6-photos.leclercdrive.fr/image.ashx?id=2515691&use=l&cat=p&typeid=i","cat":284594},{"id":111911,"n":"Crème anti-rides Bionaïa Bio - 50ml","p":5.59,"u":"111,80 €/L","img":"https://fd6-photos.leclercdrive.fr/image.ashx?id=2436702&use=l&cat=p&typeid=i","cat":325345},{"id":111938,"n":"Bière blonde Affligem  Sans alcool - 6x25cl","p":5.1,"u":"3,40 €/L","img":"https://fd6-photos.leclercdrive.fr/image.ashx?id=2979695&use=l&cat=p&typeid=i","cat":334877},{"id":111972,"n":"Serviettes Discreet Tena Lady Extra Plus - x16","p":6.39,"u":"0,40 €/P","img":"https://fd6-photos.leclercdrive.fr/image.ashx?id=2597250&use=l&cat=p&typeid=i","cat":284628},{"id":111986,"n":"Repas bébé Blédichef 12 mois  Ratatouille duo poissons - 230g","p":2.1,"u":"9,13 €/KG","img":"https://fd6-photos.leclercdrive.fr/image.ashx?id=2852366&use=l&cat=p&typeid=i","cat":312237},{"id":111987,"n":"Repas bébé Blédichef 18 mois  Pâtes boeuf bourguignon - 250g","p":2.03,"u":"8,12 €/KG","img":"https://fd6-photos.leclercdrive.fr/image.ashx?id=2643746&use=l&cat=p&typeid=i","cat":312238},{"id":111988,"n":"Plat bébé soir Blédichef 18mois Pâtes carotte - 250g","p":1.78,"u":"7,12 €/KG","img":"https://fd6-photos.leclercdrive.fr/image.ashx?id=2479024&use=l&cat=p&typeid=i","cat":312239},{"id":111989,"n":"Plat bébé soir Blédichef 12mois Semoule carotte - 230g","p":1.71,"u":"7,43 €/KG","img":"https://fd6-photos.leclercdrive.fr/image.ashx?id=2852363&use=l&cat=p&typeid=i","cat":312239},{"id":111990,"n":"Plat bébé soir Blédichef 18mois Pâtes épinards carotte - 250g","p":1.96,"u":"7,84 €/KG","img":"https://fd6-photos.leclercdrive.fr/image.ashx?id=2479027&use=l&cat=p&typeid=i","cat":312239},{"id":111991,"n":"Repas bébé Blédichef 18 mois  Légumes volaille basquaise-250g","p":1.88,"u":"7,52 €/KG","img":"https://fd6-photos.leclercdrive.fr/image.ashx?id=2852369&use=l&cat=p&typeid=i","cat":312238},{"id":112026,"n":"Fromage Saint Félicien Dauphine NRT - 180g","p":2.65,"u":"14,72 €/KG","img":"https://fd6-photos.leclercdrive.fr/image.ashx?id=2600617&use=l&cat=p&typeid=i","cat":329558},{"id":112070,"n":"Galettes bio St Michel Au bon beurre - 130g","p":1.26,"u":"9,69 €/KG","img":"https://fd6-photos.leclercdrive.fr/image.ashx?id=2936236&use=l&cat=p&typeid=i","cat":284487},{"id":112125,"n":"Crème nutritive nuit So'bio Précieux Argan bio  - 50ml","p":11.48,"u":"229,60 €/L","img":"https://fd6-photos.leclercdrive.fr/image.ashx?id=2990715&use=l&cat=p&typeid=i","cat":325345},{"id":112126,"n":"Crème rose jour So'Bio Etic Précieux Argan bio - 50ml","p":12.28,"u":"245,60 €/L","img":"https://fd6-photos.leclercdrive.fr/image.ashx?id=2792687&use=l&cat=p&typeid=i","cat":325345},{"id":112150,"n":"Graisse à Frire Vegétaline 100% végétale - 1kg","p":6.57,"u":"6,57 €/KG","img":"https://fd6-photos.leclercdrive.fr/image.ashx?id=1928297&use=l&cat=p&typeid=i","cat":315229},{"id":112153,"n":"Planta Fin Cuisson 79%MG - 500ml","p":2.5,"u":"5,00 €/L","img":"https://fd6-photos.leclercdrive.fr/image.ashx?id=2793083&use=l&cat=p&typeid=i","cat":315229},{"id":112163,"n":"Bière blonde 8.6 I.P.L  Blonde - 50cl","p":1.74,"u":"3,48 €/L","img":"https://fd6-photos.leclercdrive.fr/image.ashx?id=2677618&use=l&cat=p&typeid=i","cat":334853},{"id":112210,"n":"Bière blonde Affligem 6x25cl","p":5.26,"u":"3,51 €/L","img":"https://fd6-photos.leclercdrive.fr/image.ashx?id=2530323&use=l&cat=p&typeid=i","cat":334852},{"id":112286,"n":"Terreau Beaux Jours Universel - 40L","p":4.79,"u":"0,12 €/L","img":"https://fd6-photos.leclercdrive.fr/image.ashx?id=1723042&use=l&cat=p&typeid=i","cat":335919},{"id":112291,"n":"Yaourt protéiné Hipro Myrtille 0%mg - 2x160g","p":2.38,"u":"7,44 €/KG","img":"https://fd6-photos.leclercdrive.fr/image.ashx?id=2800285&use=l&cat=p&typeid=i","cat":315000},{"id":112292,"n":"Yaourt protéiné Hipro Citron 0%mg - 2x160g","p":2.36,"u":"7,38 €/KG","img":"https://fd6-photos.leclercdrive.fr/image.ashx?id=2945415&use=l&cat=p&typeid=i","cat":315000},{"id":112293,"n":"Yaourt à boire protéiné Hipro Vanille cookie 0%mg - 300g","p":2.29,"u":"7,63 €/KG","img":"https://fd6-photos.leclercdrive.fr/image.ashx?id=2329753&use=l&cat=p&typeid=i","cat":315000},{"id":112294,"n":"Yaourt à boire protéiné Hipro Fraise framboise 0%mg - 300g","p":2.03,"u":"6,77 €/KG","img":"https://fd6-photos.leclercdrive.fr/image.ashx?id=2806060&use=l&cat=p&typeid=i","cat":315000},{"id":112330,"n":"Sauce soja sucre Kikkoman Carafe - 150ml","p":4.31,"u":"28,73 €/L","img":"https://fd6-photos.leclercdrive.fr/image.ashx?id=2536293&use=l&cat=p&typeid=i","cat":288992},{"id":112335,"n":"Sauce soja carafe Kikkoman 150ml","p":4.16,"u":"27,73 €/L","img":"https://fd6-photos.leclercdrive.fr/image.ashx?id=2536290&use=l&cat=p&typeid=i","cat":288992},{"id":112471,"n":"Mousse Danette  Chocolat - 4x60g","p":1.7,"u":"7,08 €/KG","img":"https://fd6-photos.leclercdrive.fr/image.ashx?id=2964923&use=l&cat=p&typeid=i","cat":284417},{"id":112550,"n":"Feuille de chêne 125g","p":1.46,"u":"11,68 €/KG","img":"https://fd6-photos.leclercdrive.fr/image.ashx?id=2693315&use=l&cat=p&typeid=i","cat":284353},{"id":112557,"n":"Gnocchi à poêler Lustucru Fromage - 2x300g+ 300g offerts","p":3.19,"u":"3,54 €/KG","img":"https://fd6-photos.leclercdrive.fr/image.ashx?id=2192398&use=l&cat=p&typeid=i","cat":333682},{"id":112583,"n":"Biscuits Milka Chocolat au lait - 150g","p":1.91,"u":"12,73 €/KG","img":"https://fd6-photos.leclercdrive.fr/image.ashx?id=2347326&use=l&cat=p&typeid=i","cat":284488},{"id":112621,"n":"Riz au lait La Laitière Vanille - 4x115g","p":1.58,"u":"3,43 €/KG","img":"https://fd6-photos.leclercdrive.fr/image.ashx?id=2661151&use=l&cat=p&typeid=i","cat":284418},{"id":112623,"n":"Riz au lait La Laitière Vanille - 8x115g","p":3.1,"u":"3,37 €/KG","img":"https://fd6-photos.leclercdrive.fr/image.ashx?id=2610783&use=l&cat=p&typeid=i","cat":284418},{"id":112624,"n":"Semoule au lait La Laitière Vanille - 4x115g","p":1.64,"u":"3,57 €/KG","img":"https://fd6-photos.leclercdrive.fr/image.ashx?id=2654578&use=l&cat=p&typeid=i","cat":284418},{"id":112662,"n":"Vin mousseux Charles Volner Soirée blanche - 75cl","p":4.9,"pp":3.23,"u":"4,31 €/L","img":"https://fd6-photos.leclercdrive.fr/image.ashx?id=1727814&use=l&cat=p&typeid=i","cat":284544},{"id":112666,"n":"Meringues Valdelice Fantaisie P'tit bout - 250g","p":2.18,"u":"8,72 €/KG","img":"https://fd6-photos.leclercdrive.fr/image.ashx?id=2865854&use=l&cat=p&typeid=i","cat":327605},{"id":112695,"n":"Gianduiotti chocolat Novi 160g","p":4.5,"u":"28,13 €/KG","img":"https://fd6-photos.leclercdrive.fr/image.ashx?id=2615155&use=l&cat=p&typeid=i","cat":327595},{"id":112699,"n":"yaourt bifidus activia muesli framboise chia - 170g","p":1.96,"u":"11,53 €/KG","img":"https://fd6-photos.leclercdrive.fr/image.ashx?id=2965888&use=l&cat=p&typeid=i","cat":315000},{"id":112761,"n":"Kid Smile McCain 850g","p":2.65,"u":"3,12 €/KG","img":"https://fd6-photos.leclercdrive.fr/image.ashx?id=2745802&use=l&cat=p&typeid=i","cat":319792},{"id":112764,"n":"Potatoes aux herbes McCain Country Potatoes - 780g","p":2.73,"u":"3,50 €/KG","img":"https://fd6-photos.leclercdrive.fr/image.ashx?id=2973342&use=l&cat=p&typeid=i","cat":319791},{"id":112806,"n":"Soupe Liquide Liebig  10 Légumes & Crème fraiche - 1L","p":2.69,"u":"2,69 €/L","img":"https://fd6-photos.leclercdrive.fr/image.ashx?id=2941484&use=l&cat=p&typeid=i","cat":284462},{"id":112807,"n":"Soupe liquide Liebig  Légumes et vermicelles - 2x30cl","p":2.04,"u":"3,40 €/L","img":"https://fd6-photos.leclercdrive.fr/image.ashx?id=2164075&use=l&cat=p&typeid=i","cat":284462},{"id":112808,"n":"Soupe liquide Liebig légumes Et vermicelles - Brique 1L","p":2.19,"u":"2,19 €/L","img":"https://fd6-photos.leclercdrive.fr/image.ashx?id=2892142&use=l&cat=p&typeid=i","cat":284462},{"id":112811,"n":"Gel Lave-Vaisselle Sun Tout-en-1 Citron 52 Lavages","p":7.9,"u":"8,78 €/L","img":"https://fd6-photos.leclercdrive.fr/image.ashx?id=2356268&use=l&cat=p&typeid=i","cat":284656},{"id":112842,"n":"Boisson lactée Danao Pomme Fruits exotiques - 900ml","p":2.58,"u":"2,87 €/L","img":"https://fd6-photos.leclercdrive.fr/image.ashx?id=2126409&use=l&cat=p&typeid=i","cat":295246},{"id":112845,"n":"Boisson lactée Danao Mangue - 900ml","p":2.9,"u":"3,22 €/L","img":"https://fd6-photos.leclercdrive.fr/image.ashx?id=2284682&use=l&cat=p&typeid=i","cat":295246},{"id":113057,"n":"IGP Pays d'Oc Merlot vin rouge Vieux Carion - BIB 5L","p":11.99,"u":"2,40 €/L","img":"https://fd6-photos.leclercdrive.fr/image.ashx?id=2756885&use=l&cat=p&typeid=i","cat":289560},{"id":113108,"n":"Tartine Grilletine de Pasquier Froment - x18 - 242g","p":1.69,"u":"6,98 €/KG","img":"https://fd6-photos.leclercdrive.fr/image.ashx?id=2333060&use=l&cat=p&typeid=i","cat":284479},{"id":113110,"n":"Tartine Grilletine de Pasquier Blé complet - x18 - 242g","p":1.64,"u":"6,78 €/KG","img":"https://fd6-photos.leclercdrive.fr/image.ashx?id=2333063&use=l&cat=p&typeid=i","cat":284479},{"id":113130,"n":"Citrons verts Panier du Primeur 500g","p":1.99,"u":"3,98 €/KG","img":"https://fd6-photos.leclercdrive.fr/image.ashx?id=2373018&use=l&cat=p&typeid=i","cat":284356},{"id":113163,"n":"Framboises Panier du Primeur 125g","p":2.49,"u":"19,92 €/KG","img":"https://fd6-photos.leclercdrive.fr/image.ashx?id=2843800&use=l&cat=p&typeid=i","cat":284356},{"id":113287,"n":"Bière Ambree Jenlain 6x25cl","p":5.59,"u":"3,73 €/L","img":"https://fd6-photos.leclercdrive.fr/image.ashx?id=2504677&use=l&cat=p&typeid=i","cat":334852},{"id":113292,"n":"Boisson énergisante Monster Energy Punch Pipeline - 50CL","p":1.61,"u":"3,22 €/L","img":"https://fd6-photos.leclercdrive.fr/image.ashx?id=2207436&use=l&cat=p&typeid=i","cat":284533},{"id":113503,"n":"AOP Saint-Emilion Grand Cru Côtes Rocheuses - 75cl","p":12.95,"pp":10.36,"u":"13,81 €/L","img":"https://fd6-photos.leclercdrive.fr/image.ashx?id=2921115&use=l&cat=p&typeid=i","cat":289556},{"id":113558,"n":"Compotes Pom'Potes Gourdes  5 Fruits Exotiques - 4x90g","p":2.39,"u":"6,64 €/KG","img":"https://fd6-photos.leclercdrive.fr/image.ashx?id=2990424&use=l&cat=p&typeid=i","cat":284508},{"id":113580,"n":"Filtre à café Melita 1x6 Original brun - x40","p":1.67,"u":"13,92 €/KG","img":"https://fd6-photos.leclercdrive.fr/image.ashx?id=2882047&use=l&cat=p&typeid=i","cat":284751},{"id":113654,"n":"Xtrem Box Sodebo Radiatori Bœuf Poivre - 400g","p":3.74,"u":"9,35 €/KG","img":"https://fd6-photos.leclercdrive.fr/image.ashx?id=2643998&use=l&cat=p&typeid=i","cat":334983},{"id":113657,"n":"Boisson Sunny Delight Doux California - 50cl","p":1.17,"u":"2,34 €/L","img":"https://fd6-photos.leclercdrive.fr/image.ashx?id=2311834&use=l&cat=p&typeid=i","cat":295018},{"id":113658,"n":"Boisson Sunny Delight Acidulé Florida - 50cl","p":1.17,"u":"2,34 €/L","img":"https://fd6-photos.leclercdrive.fr/image.ashx?id=2311831&use=l&cat=p&typeid=i","cat":295018},{"id":113663,"n":"Culottes Taille L Tena Plus Night - x12","p":13.62,"u":"1,14 €/P","img":"https://fd6-photos.leclercdrive.fr/image.ashx?id=1868299&use=l&cat=p&typeid=i","cat":284628},{"id":113680,"n":"Brioche tressée Nature Harrys Sucre perlé sans additif - 500g","p":2.83,"u":"5,66 €/KG","img":"https://fd6-photos.leclercdrive.fr/image.ashx?id=2503013&use=l&cat=p&typeid=i","cat":284478},{"id":113724,"n":"Bûche crème glacée L'Angelys Vanille Café - 500g","p":8.83,"u":"17,66 €/KG","img":"https://fd6-photos.leclercdrive.fr/image.ashx?id=2917501&use=l&cat=p&typeid=i","cat":284266},{"id":113754,"n":"Crème fraîche Yoplait Légère -12% matière grasse 450g","p":1.44,"u":"3,20 €/KG","img":"https://fd6-photos.leclercdrive.fr/image.ashx?id=2811032&use=l&cat=p&typeid=i","cat":284381},{"id":113756,"n":"Fromage blanc Calin Nature - 3,2%MG - 1kg","p":2.81,"u":"2,81 €/KG","img":"https://fd6-photos.leclercdrive.fr/image.ashx?id=2973727&use=l&cat=p&typeid=i","cat":284409},{"id":113773,"n":"Tagliatelle Gayelord Hauser Sans rinçage, Konjac - 160g","p":2.07,"u":"12,94 €/KG","img":"https://fd6-photos.leclercdrive.fr/image.ashx?id=2827086&use=l&cat=p&typeid=i","cat":318652},{"id":113774,"n":"Assiette riz Bio Village Bio Légumes vert  12 mois 230g","p":1.45,"u":"6,30 €/KG","img":"https://fd6-photos.leclercdrive.fr/image.ashx?id=2900205&use=l&cat=p&typeid=i","cat":312237},{"id":113775,"n":"Assiette bio Bio Village Panais carotte riz 12 mois 230g","p":1.45,"u":"6,30 €/KG","img":"https://fd6-photos.leclercdrive.fr/image.ashx?id=2900208&use=l&cat=p&typeid=i","cat":312237},{"id":113779,"n":"Assiette bio Bio Village Haricot vert dinde 12 mois 230g","p":1.45,"u":"6,30 €/KG","img":"https://fd6-photos.leclercdrive.fr/image.ashx?id=2900217&use=l&cat=p&typeid=i","cat":312237},{"id":113783,"n":"Assiette bio Bio Village Hachis parmentier 12 mois 230g","p":1.45,"u":"6,30 €/KG","img":"https://fd6-photos.leclercdrive.fr/image.ashx?id=2900220&use=l&cat=p&typeid=i","cat":312237},{"id":113786,"n":"Assiette Tajine Bio Village Bio  15 mois 250g","p":1.85,"u":"7,40 €/KG","img":"https://fd6-photos.leclercdrive.fr/image.ashx?id=2878756&use=l&cat=p&typeid=i","cat":312238},{"id":113787,"n":"Assiette pâtes bio Bio Village Légumes saumon 18 mois 260g","p":1.95,"u":"7,50 €/KG","img":"https://fd6-photos.leclercdrive.fr/image.ashx?id=2900232&use=l&cat=p&typeid=i","cat":312238},{"id":113789,"n":"Assiette bio Bio Village Pot au feu - 18 mois - 260g","p":1.89,"u":"7,27 €/KG","img":"https://fd6-photos.leclercdrive.fr/image.ashx?id=2900235&use=l&cat=p&typeid=i","cat":312238},{"id":113790,"n":"Assiette 12 mois Bio Village Spaghetti bolognaise bio - 230g","p":1.59,"u":"6,91 €/KG","img":"https://fd6-photos.leclercdrive.fr/image.ashx?id=2900238&use=l&cat=p&typeid=i","cat":312237},{"id":113792,"n":"Assiette bio 15mois Bio Village Legumes volaille basquaise 250g","p":1.79,"u":"7,16 €/KG","img":"https://fd6-photos.leclercdrive.fr/image.ashx?id=2900244&use=l&cat=p&typeid=i","cat":312238},{"id":113793,"n":"Assiette bio Bio Village Carotte boeuf pdt 15mois 250g","p":1.85,"u":"7,40 €/KG","img":"https://fd6-photos.leclercdrive.fr/image.ashx?id=2900241&use=l&cat=p&typeid=i","cat":312238},{"id":113794,"n":"Assiette bio Bio Village Tomate aubergine 18 mois 260g","p":1.85,"u":"7,12 €/KG","img":"https://fd6-photos.leclercdrive.fr/image.ashx?id=2900247&use=l&cat=p&typeid=i","cat":312238},{"id":113803,"n":"IGP Terres du midi vin rosé  Prieur Barsanne 12% vol - 75cl","p":2.99,"u":"3,99 €/L","img":"https://fd6-photos.leclercdrive.fr/image.ashx?id=2905925&use=l&cat=p&typeid=i","cat":289558},{"id":113808,"n":"Crème dessert La Laitière Pot de crème vanille - 4x100g","p":2.23,"u":"5,58 €/KG","img":"https://fd6-photos.leclercdrive.fr/image.ashx?id=2875969&use=l&cat=p&typeid=i","cat":285041},{"id":113811,"n":"Crème dessert La Laitière Pot de crème chocolat - 4x100g","p":2.2,"u":"5,50 €/KG","img":"https://fd6-photos.leclercdrive.fr/image.ashx?id=2875966&use=l&cat=p&typeid=i","cat":285041},{"id":113813,"n":"Crème dessert La Laitière Pot de crème café - 4x100g","p":2.39,"u":"5,98 €/KG","img":"https://fd6-photos.leclercdrive.fr/image.ashx?id=2875963&use=l&cat=p&typeid=i","cat":285041},{"id":113838,"n":"AOC vin blanc Gewurztraminer Alsace Bio Rebmann - 75cl","p":7.75,"u":"10,33 €/L","img":"https://fd6-photos.leclercdrive.fr/image.ashx?id=2771142&use=l&cat=p&typeid=i","cat":289557},{"id":113853,"n":"Vin d'Espagne blanc Sauvignon Bio Adrien Champaud - BIB 3L","p":8.99,"u":"3,00 €/L","img":"https://fd6-photos.leclercdrive.fr/image.ashx?id=2960571&use=l&cat=p&typeid=i","cat":289560},{"id":113854,"n":"Panaché Millbrau <0.5%vol - 10x25cl","p":2.45,"u":"0,98 €/L","img":"https://fd6-photos.leclercdrive.fr/image.ashx?id=2059071&use=l&cat=p&typeid=i","cat":334877},{"id":113855,"n":"Boisson thé Fresh Tea Pêche abricot - 1.5L","p":1.82,"u":"1,21 €/L","img":"https://fd6-photos.leclercdrive.fr/image.ashx?id=3014371&use=l&cat=p&typeid=i","cat":295019},{"id":113858,"n":"Yaourt à la grecque YAOS Nature - 8x125g","p":3.32,"u":"3,32 €/KG","img":"https://fd6-photos.leclercdrive.fr/image.ashx?id=2418462&use=l&cat=p&typeid=i","cat":314999},{"id":113969,"n":"Thon Albacore Le Savoureux Entier à l'Huile d'Olive - 80g","p":1.79,"u":"22,38 €/KG","img":"https://fd6-photos.leclercdrive.fr/image.ashx?id=2167919&use=l&cat=p&typeid=i","cat":303867},{"id":113973,"n":"Biscuits Baiocchi Mulino Bianco Chocolat noisette - 260g","p":2.65,"u":"10,19 €/KG","img":"https://fd6-photos.leclercdrive.fr/image.ashx?id=2787968&use=l&cat=p&typeid=i","cat":284488},{"id":113980,"n":"Café dosettes Tassimo Grand-mère - Expresso x16","p":4.23,"u":"40,67 €/KG","img":"https://fd6-photos.leclercdrive.fr/image.ashx?id=1749617&use=l&cat=p&typeid=i","cat":293240},{"id":113998,"n":"Girasoli Lustucru Selection  Ricotta Epinard - 250g","p":3.0,"u":"12,00 €/KG","img":"https://fd6-photos.leclercdrive.fr/image.ashx?id=2974351&use=l&cat=p&typeid=i","cat":333682},{"id":114017,"n":"Bière blonde Heineken 5%vol - 12x33cl","p":8.88,"u":"2,24 €/L","img":"https://fd6-photos.leclercdrive.fr/image.ashx?id=3008125&use=l&cat=p&typeid=i","cat":334853},{"id":114018,"n":"Bière blonde Heineken 5%vol - Boite 4x50cl","p":4.5,"u":"2,25 €/L","img":"https://fd6-photos.leclercdrive.fr/image.ashx?id=3008122&use=l&cat=p&typeid=i","cat":334853},{"id":114020,"n":"Bière aromatisée  Desperados 5.9%vol - Boite 50cl","p":1.75,"u":"3,50 €/L","img":"https://fd6-photos.leclercdrive.fr/image.ashx?id=2977303&use=l&cat=p&typeid=i","cat":334853},{"id":114023,"n":"Thon au naturel Petit Navire Démarche Responsable - 280g","p":4.51,"u":"16,11 €/KG","img":"https://fd6-photos.leclercdrive.fr/image.ashx?id=2909974&use=l&cat=p&typeid=i","cat":303867},{"id":114040,"n":"Bûchettes crunch Nestlé x4 - 326g","p":5.2,"u":"15,95 €/KG","img":"https://fd6-photos.leclercdrive.fr/image.ashx?id=2584533&use=l&cat=p&typeid=i","cat":284266},{"id":114047,"n":"Plat bébé soir Blédichef 12mois Macaroni courgette - 2x230g","p":3.42,"u":"7,43 €/KG","img":"https://fd6-photos.leclercdrive.fr/image.ashx?id=2560690&use=l&cat=p&typeid=i","cat":312239},{"id":114091,"n":"Lait corps satinant Inell 250ml","p":2.5,"u":"10,00 €/L","img":"https://fd6-photos.leclercdrive.fr/image.ashx?id=2691697&use=l&cat=p&typeid=i","cat":325349},{"id":114092,"n":"Brosse à dents bambou Dentamyl Médium - 1 pièce","p":1.95,"img":"https://fd6-photos.leclercdrive.fr/image.ashx?id=2783495&use=l&cat=p&typeid=i","cat":284614},{"id":114093,"n":"Brosse à dents bambou Dentamyl Souple - 1 pièce","p":1.95,"img":"https://fd6-photos.leclercdrive.fr/image.ashx?id=2790997&use=l&cat=p&typeid=i","cat":284614},{"id":114094,"n":"Shampooing douche Petit Manava Pêche abricot - 500ml","p":2.19,"u":"4,38 €/L","img":"https://fd6-photos.leclercdrive.fr/image.ashx?id=2410636&use=l&cat=p&typeid=i","cat":284606},{"id":114095,"n":"Mouchoirs blancs 3 plis Caresse Boîte - x150","p":1.65,"u":"0,01 €/P","img":"https://fd6-photos.leclercdrive.fr/image.ashx?id=2779298&use=l&cat=p&typeid=i","cat":284638},{"id":114096,"n":"Culotte Chorys Taille XL - x10","p":10.31,"u":"1,03 €/P","img":"https://fd6-photos.leclercdrive.fr/image.ashx?id=2623016&use=l&cat=p&typeid=i","cat":284628},{"id":114101,"n":"Culottes Mots d'enfants T4 : 8/15kg - x42","p":10.17,"u":"0,24 €/P","img":"https://fd6-photos.leclercdrive.fr/image.ashx?id=2907234&use=l&cat=p&typeid=i","cat":290633},{"id":114102,"n":"Change culottes Mots d'enfants T5 : 12/18kg - x40","p":9.75,"u":"0,24 €/P","img":"https://fd6-photos.leclercdrive.fr/image.ashx?id=2907237&use=l&cat=p&typeid=i","cat":290633},{"id":114103,"n":"Change culottes Mots d'enfants T6 : +16kg - x36","p":10.15,"u":"0,28 €/P","img":"https://fd6-photos.leclercdrive.fr/image.ashx?id=2907240&use=l&cat=p&typeid=i","cat":290633},{"id":114172,"n":"Bonbons de Noël Milka Lait - 86g","p":3.42,"u":"39,77 €/KG","img":"https://fd6-photos.leclercdrive.fr/image.ashx?id=2937995&use=l&cat=p&typeid=i","cat":327592},{"id":114175,"n":"Bonbons de Noël Milka Oréo - 86g","p":3.42,"u":"39,77 €/KG","img":"https://fd6-photos.leclercdrive.fr/image.ashx?id=2834005&use=l&cat=p&typeid=i","cat":327592},{"id":114190,"n":"Chocolat Mon Chéri cerise Etui Noël - 262g","p":9.01,"u":"34,39 €/KG","img":"https://fd6-photos.leclercdrive.fr/image.ashx?id=2940501&use=l&cat=p&typeid=i","cat":327601},{"id":114242,"n":"Taboulé Oriental Pierre Martinet - 510g","p":2.2,"u":"4,31 €/KG","img":"https://fd6-photos.leclercdrive.fr/image.ashx?id=2684491&use=l&cat=p&typeid=i","cat":333657},{"id":114272,"n":"Fromage Saint Agur 190g + 30% offerts","p":4.09,"u":"16,56 €/KG","img":"https://fd6-photos.leclercdrive.fr/image.ashx?id=2157007&use=l&cat=p&typeid=i","cat":314032},{"id":114323,"n":"AOP Saint-Chinian Vin rouge  Mas des Mas - 75cl","p":5.95,"pp":4.46,"u":"5,95 €/L","img":"https://fd6-photos.leclercdrive.fr/image.ashx?id=2946601&use=l&cat=p&typeid=i","cat":289556},{"id":114400,"n":"Thon entier MSC Pêche Océan A l'huile - 104g","p":1.73,"u":"16,63 €/KG","img":"https://fd6-photos.leclercdrive.fr/image.ashx?id=2942208&use=l&cat=p&typeid=i","cat":303867},{"id":114406,"n":"Taboulé Pierre Martinet Oriental à l'huile d'olive 310g","p":1.42,"u":"4,58 €/KG","img":"https://fd6-photos.leclercdrive.fr/image.ashx?id=2432241&use=l&cat=p&typeid=i","cat":333657},{"id":114411,"n":"Dès de cheddar  Les Croisés 150g","p":2.19,"u":"14,60 €/KG","img":"https://fd6-photos.leclercdrive.fr/image.ashx?id=2422553&use=l&cat=p&typeid=i","cat":314027},{"id":114433,"n":"Cocktail Old Nick Punch des îles 16%vol - 70cl","p":5.73,"u":"8,19 €/L","img":"https://fd6-photos.leclercdrive.fr/image.ashx?id=2926203&use=l&cat=p&typeid=i","cat":284551},{"id":114522,"n":"Bière blonde Leffe Triple 8,5% - 12x25cl","p":10.65,"u":"3,55 €/L","img":"https://fd6-photos.leclercdrive.fr/image.ashx?id=2548294&use=l&cat=p&typeid=i","cat":334852},{"id":114570,"n":"Traîneau chocolat oeuf Kinder Bleu - 75g","p":3.71,"u":"49,47 €/KG","img":"https://fd6-photos.leclercdrive.fr/image.ashx?id=2417549&use=l&cat=p&typeid=i","cat":327592},{"id":114652,"n":"Mouchoirs blanc 2 plis Caresse Boîte mouchoirs papier - x180","p":1.69,"u":"0,01 €/P","img":"https://fd6-photos.leclercdrive.fr/image.ashx?id=2752640&use=l&cat=p&typeid=i","cat":284638},{"id":114784,"n":"Comté fromage bloc Les Croisés 350g","p":4.75,"u":"13,57 €/KG","img":"https://fd6-photos.leclercdrive.fr/image.ashx?id=2856636&use=l&cat=p&typeid=i","cat":314034},{"id":114805,"n":"Coeur Coulant Bonne Maman Chocolat - 2x80g","p":2.93,"u":"18,31 €/KG","img":"https://fd6-photos.leclercdrive.fr/image.ashx?id=2912326&use=l&cat=p&typeid=i","cat":284419},{"id":114807,"n":"Dessert Fruitier Andros Poire Williams morceaux 4x100g","p":2.88,"u":"7,20 €/KG","img":"https://fd6-photos.leclercdrive.fr/image.ashx?id=2908198&use=l&cat=p&typeid=i","cat":284416},{"id":114810,"n":"Parmigiano Reg AOP Casa Azzurra Râpé -  200g","p":4.8,"u":"24,00 €/KG","img":"https://fd6-photos.leclercdrive.fr/image.ashx?id=2261957&use=l&cat=p&typeid=i","cat":314035},{"id":114865,"n":"Père Noel Smarties Orange - 85g","p":3.19,"u":"37,53 €/KG","img":"https://fd6-photos.leclercdrive.fr/image.ashx?id=1985742&use=l&cat=p&typeid=i","cat":284958},{"id":114890,"n":"Fromage Comté NRT AOP 15 mois 200g","p":4.44,"u":"22,20 €/KG","img":"https://fd6-photos.leclercdrive.fr/image.ashx?id=2272030&use=l&cat=p&typeid=i","cat":314034},{"id":115013,"n":"Liquide vaisselle Uni Vert Ecologique citron - 750ml","p":1.59,"u":"2,12 €/L","img":"https://fd6-photos.leclercdrive.fr/image.ashx?id=2999517&use=l&cat=p&typeid=i","cat":284655},{"id":115016,"n":"Protège slip Chorys Ultra mini discret - x28","p":1.57,"u":"0,06 €/P","img":"https://fd6-photos.leclercdrive.fr/image.ashx?id=2003029&use=l&cat=p&typeid=i","cat":284625},{"id":115017,"n":"Protège slip Chorys Ultra mini long - x24","p":1.7,"u":"0,07 €/P","img":"https://fd6-photos.leclercdrive.fr/image.ashx?id=1962795&use=l&cat=p&typeid=i","cat":284628},{"id":115055,"n":"Brioche La Fournée Dorée Tranchée pépites choco - 500g","p":2.55,"u":"5,10 €/KG","img":"https://fd6-photos.leclercdrive.fr/image.ashx?id=2415353&use=l&cat=p&typeid=i","cat":284478},{"id":115070,"n":"Tarte tatin pommes Bonne Maman 2x120g","p":2.37,"u":"9,88 €/KG","img":"https://fd6-photos.leclercdrive.fr/image.ashx?id=2879092&use=l&cat=p&typeid=i","cat":284419},{"id":115072,"n":"Girasoli Lustucru Selection  Cèpes Ricotta - 250g","p":2.88,"u":"11,52 €/KG","img":"https://fd6-photos.leclercdrive.fr/image.ashx?id=2974599&use=l&cat=p&typeid=i","cat":333682},{"id":115093,"n":"Mozzarella vache Casa Azzurra Râpée - 150g","p":2.34,"u":"15,60 €/KG","img":"https://fd6-photos.leclercdrive.fr/image.ashx?id=1757239&use=l&cat=p&typeid=i","cat":314035},{"id":115114,"n":"Polka Haribo Sachet bonbons - 300g","p":1.4,"u":"4,67 €/KG","img":"https://fd6-photos.leclercdrive.fr/image.ashx?id=2982414&use=l&cat=p&typeid=i","cat":304250},{"id":115115,"n":"Les Schtroumpfs Haribo Sachet bonbons - 300g","p":1.43,"u":"4,77 €/KG","img":"https://fd6-photos.leclercdrive.fr/image.ashx?id=2788475&use=l&cat=p&typeid=i","cat":304250},{"id":115116,"n":"Chamallows Haribo Guimauves   - 300g","p":1.46,"u":"4,87 €/KG","img":"https://fd6-photos.leclercdrive.fr/image.ashx?id=2984937&use=l&cat=p&typeid=i","cat":304250},{"id":115123,"n":"Terrine chien Bio Boeuf - 300g","p":1.62,"u":"5,40 €/KG","img":"https://fd6-photos.leclercdrive.fr/image.ashx?id=2333805&use=l&cat=p&typeid=i","cat":284673},{"id":115124,"n":"Terrine chien Bio Poulet légume - 300g","p":1.62,"u":"5,40 €/KG","img":"https://fd6-photos.leclercdrive.fr/image.ashx?id=2333808&use=l&cat=p&typeid=i","cat":284673},{"id":115125,"n":"Terrines pour chat Plénima Au saumon bio - 100g","p":0.62,"u":"6,20 €/KG","img":"https://fd6-photos.leclercdrive.fr/image.ashx?id=2333811&use=l&cat=p&typeid=i","cat":285601},{"id":115126,"n":"Terrines pour chats Plénima Boeuf bio  - 100g","p":0.65,"u":"6,50 €/KG","img":"https://fd6-photos.leclercdrive.fr/image.ashx?id=2619752&use=l&cat=p&typeid=i","cat":285601},{"id":115127,"n":"Pain burger Epi d'Or Brioché x4 - 300g","p":1.39,"u":"4,63 €/KG","img":"https://fd6-photos.leclercdrive.fr/image.ashx?id=1958880&use=l&cat=p&typeid=i","cat":325067},{"id":115129,"n":"Pain de mie Epi d'Or Grandes tranches complet 550g","p":1.32,"u":"2,40 €/KG","img":"https://fd6-photos.leclercdrive.fr/image.ashx?id=2860778&use=l&cat=p&typeid=i","cat":284477},{"id":115130,"n":"Pain de mie Epi d'Or Sans croute - 500g","p":1.56,"u":"3,12 €/KG","img":"https://fd6-photos.leclercdrive.fr/image.ashx?id=3012872&use=l&cat=p&typeid=i","cat":284477},{"id":115152,"n":"Eau florale Bio Naïa Rose bio - 200ml","p":3.95,"u":"19,75 €/L","img":"https://fd6-photos.leclercdrive.fr/image.ashx?id=2610253&use=l&cat=p&typeid=i","cat":325345},{"id":115155,"n":"Gommage visage Bio Naïa Bio - 75ml","p":2.49,"u":"33,20 €/L","img":"https://fd6-photos.leclercdrive.fr/image.ashx?id=2436690&use=l&cat=p&typeid=i","cat":325346},{"id":115156,"n":"Stick lèvres Bio Naïa Bio - 1 pièce","p":1.85,"img":"https://fd6-photos.leclercdrive.fr/image.ashx?id=2518837&use=l&cat=p&typeid=i","cat":285485},{"id":115158,"n":"Gelée bio Bio Naïa A l'aloe vera bio - 200ml","p":3.99,"u":"19,95 €/L","img":"https://fd6-photos.leclercdrive.fr/image.ashx?id=2436699&use=l&cat=p&typeid=i","cat":325350},{"id":115163,"n":"Infusion Twinings Ayurveda gingembre miel et citron x20","p":2.92,"u":"91,25 €/KG","img":"https://fd6-photos.leclercdrive.fr/image.ashx?id=2893036&use=l&cat=p&typeid=i","cat":293234},{"id":115189,"n":"Toasts ronds Figues Jacquet - 250g","p":1.6,"u":"6,40 €/KG","img":"https://fd6-photos.leclercdrive.fr/image.ashx?id=2741337&use=l&cat=p&typeid=i","cat":285454},{"id":115251,"n":"Déodorant compressé Ushuaïa Vanille - 100ml","p":3.06,"u":"30,60 €/L","img":"https://fd6-photos.leclercdrive.fr/image.ashx?id=2555715&use=l&cat=p&typeid=i","cat":284595},{"id":115273,"n":"Bière blonde Leffe 6,6% - 20x33cl","p":19.85,"u":"3,01 €/L","img":"https://fd6-photos.leclercdrive.fr/image.ashx?id=2356241&use=l&cat=p&typeid=i","cat":334852},{"id":115276,"n":"Crèmes main Inell Anti-taches - 75ml","p":2.99,"u":"39,87 €/L","img":"https://fd6-photos.leclercdrive.fr/image.ashx?id=2498949&use=l&cat=p&typeid=i","cat":325354},{"id":115278,"n":"Gressins traditionnels Artesani 300g","p":2.2,"u":"7,33 €/KG","img":"https://fd6-photos.leclercdrive.fr/image.ashx?id=2475852&use=l&cat=p&typeid=i","cat":289010},{"id":115308,"n":"choco snack Milka 4x32g","p":2.03,"u":"15,86 €/KG","img":"https://fd6-photos.leclercdrive.fr/image.ashx?id=2189217&use=l&cat=p&typeid=i","cat":284420},{"id":115320,"n":"Capsules café Plantation Equilibré n°6 - x10 - 52g","p":2.19,"u":"42,12 €/KG","img":"https://fd6-photos.leclercdrive.fr/image.ashx?id=2891785&use=l&cat=p&typeid=i","cat":284749},{"id":115321,"n":"Capsules café Plantation Intense n°10 - x10 - 52g","p":2.19,"u":"42,12 €/KG","img":"https://fd6-photos.leclercdrive.fr/image.ashx?id=2418104&use=l&cat=p&typeid=i","cat":284749},{"id":115323,"n":"Capsules café Plantation Subtil n°5 - x10 - 52g","p":2.25,"u":"43,27 €/KG","img":"https://fd6-photos.leclercdrive.fr/image.ashx?id=2418107&use=l&cat=p&typeid=i","cat":284749},{"id":115324,"n":"Capsules café Plantation Décaféiné n°5 -  x10 - 52g","p":2.39,"u":"45,96 €/KG","img":"https://fd6-photos.leclercdrive.fr/image.ashx?id=2918472&use=l&cat=p&typeid=i","cat":284749},{"id":115326,"n":"Capsules café Plantation Lungo Délicat n°4 - x10 - 52g","p":2.35,"u":"45,19 €/KG","img":"https://fd6-photos.leclercdrive.fr/image.ashx?id=2418113&use=l&cat=p&typeid=i","cat":284749},{"id":115328,"n":"Capsules café Plantation  Ristretto n°12 - x10 - 52g","p":2.24,"u":"43,08 €/KG","img":"https://fd6-photos.leclercdrive.fr/image.ashx?id=2418116&use=l&cat=p&typeid=i","cat":284749},{"id":115332,"n":"Capsules café Plantation Brésil n°7 - x10 - 52g","p":2.39,"u":"45,96 €/KG","img":"https://fd6-photos.leclercdrive.fr/image.ashx?id=2418122&use=l&cat=p&typeid=i","cat":284749},{"id":115345,"n":"Capsules café Plantation Café vanille n°6 - x10 - 52g","p":2.39,"u":"45,96 €/KG","img":"https://fd6-photos.leclercdrive.fr/image.ashx?id=2918475&use=l&cat=p&typeid=i","cat":284749},{"id":115348,"n":"Capsules café Plantation Noisette n°7 - x10 - 52g","p":2.39,"u":"45,96 €/KG","img":"https://fd6-photos.leclercdrive.fr/image.ashx?id=2418134&use=l&cat=p&typeid=i","cat":284749},{"id":115349,"n":"Capsules café Plantation Intense n°10 - x30 - 156g","p":5.19,"u":"33,27 €/KG","img":"https://fd6-photos.leclercdrive.fr/image.ashx?id=2865095&use=l&cat=p&typeid=i","cat":284749},{"id":115350,"n":"Capsules café Plantation Equilibré N°6 - x30 - 156g","p":5.19,"u":"33,27 €/KG","img":"https://fd6-photos.leclercdrive.fr/image.ashx?id=2852249&use=l&cat=p&typeid=i","cat":284749},{"id":115351,"n":"Capsules café Plantation Espresso Forte n°8 - x10 - 52g","p":2.35,"u":"45,19 €/KG","img":"https://fd6-photos.leclercdrive.fr/image.ashx?id=2418143&use=l&cat=p&typeid=i","cat":284749},{"id":115357,"n":"Tablette De Chocolat A Patisser Pralinoise Praline - 180g","p":3.02,"u":"16,78 €/KG","img":"https://fd6-photos.leclercdrive.fr/image.ashx?id=2890265&use=l&cat=p&typeid=i","cat":285562},{"id":115359,"n":"Pancakes Nature Epi d'Or x18 - 360g","p":1.69,"u":"4,69 €/KG","img":"https://fd6-photos.leclercdrive.fr/image.ashx?id=2860763&use=l&cat=p&typeid=i","cat":284495},{"id":115363,"n":"Lait bébé en poudre Blédilait 1er âge 0-6 mois 900g","p":15.99,"u":"17,77 €/KG","img":"https://fd6-photos.leclercdrive.fr/image.ashx?id=2855052&use=l&cat=p&typeid=i","cat":284726},{"id":115364,"n":"Lait bébé en poudre Blédilait 2e âge 6-12 mois 900g","p":13.91,"u":"15,46 €/KG","img":"https://fd6-photos.leclercdrive.fr/image.ashx?id=2616853&use=l&cat=p&typeid=i","cat":284727},{"id":115409,"n":"Confit de canard Monfort Cuisses - 400g","p":7.12,"u":"17,80 €/KG","img":"https://fd6-photos.leclercdrive.fr/image.ashx?id=2324585&use=l&cat=p&typeid=i","cat":284339},{"id":115457,"n":"Frites de Patate Douce McCain 500g","p":4.4,"u":"8,80 €/KG","img":"https://fd6-photos.leclercdrive.fr/image.ashx?id=2840632&use=l&cat=p&typeid=i","cat":319791},{"id":115458,"n":"Pizza Mozzarella Turini Basilic - 450g","p":3.35,"u":"7,44 €/KG","img":"https://fd6-photos.leclercdrive.fr/image.ashx?id=2709746&use=l&cat=p&typeid=i","cat":333679},{"id":115463,"n":"Litière chats Tranquille Carbonite - 7.1kg","p":6.05,"u":"0,85 €/KG","img":"https://fd6-photos.leclercdrive.fr/image.ashx?id=2421871&use=l&cat=p&typeid=i","cat":284683},{"id":115488,"n":"Bière blonde 1664 5,5° - 12x25cl","p":7.48,"u":"2,49 €/L","img":"https://fd6-photos.leclercdrive.fr/image.ashx?id=2215566&use=l&cat=p&typeid=i","cat":334873},{"id":115492,"n":"Bière blonde 1664 5,5° - 6x25cl","p":4.04,"u":"2,69 €/L","img":"https://fd6-photos.leclercdrive.fr/image.ashx?id=2215572&use=l&cat=p&typeid=i","cat":334873},{"id":115502,"n":"Persil et Ail Rustica 75g","p":1.99,"u":"26,53 €/KG","img":"https://fd6-photos.leclercdrive.fr/image.ashx?id=2365493&use=l&cat=p&typeid=i","cat":319804},{"id":115527,"n":"Gel de toilette intime Bionaïa Bio - 200ml","p":2.02,"u":"10,10 €/L","img":"https://fd6-photos.leclercdrive.fr/image.ashx?id=2442130&use=l&cat=p&typeid=i","cat":284627},{"id":115528,"n":"Alcool 90° Primoplast 100ml","p":2.19,"u":"21,90 €/L","img":"https://fd6-photos.leclercdrive.fr/image.ashx?id=2856570&use=l&cat=p&typeid=i","cat":284630},{"id":115690,"n":"Sauce aigre douce pimentée Tables du Monde - 300g","p":1.59,"u":"5,30 €/KG","img":"https://fd6-photos.leclercdrive.fr/image.ashx?id=2920214&use=l&cat=p&typeid=i","cat":288992},{"id":115770,"n":"Lait bébé en poudre Gallia Calisma  2e âge 6-12 mois 700g","p":13.22,"u":"18,89 €/KG","img":"https://fd6-photos.leclercdrive.fr/image.ashx?id=2983051&use=l&cat=p&typeid=i","cat":284727},{"id":115771,"n":"Lait bébé en poudre Gallia Calisma 2e âge 6-12mois 2x600g","p":20.95,"u":"17,46 €/KG","img":"https://fd6-photos.leclercdrive.fr/image.ashx?id=2935750&use=l&cat=p&typeid=i","cat":284727},{"id":115773,"n":"Lait bébé en poudre Gallia Calisma 1er âge 0-6 mois 2x600g","p":23.94,"u":"19,95 €/KG","img":"https://fd6-photos.leclercdrive.fr/image.ashx?id=2953755&use=l&cat=p&typeid=i","cat":284726},{"id":115780,"n":"AOC Châteauneuf-du-Pape vin rouge Rives & Terrasses - 75cl","p":16.99,"u":"22,65 €/L","img":"https://fd6-photos.leclercdrive.fr/image.ashx?id=2802302&use=l&cat=p&typeid=i","cat":289556},{"id":115781,"n":"AOC Gigondas vin rouge Rives & Terrasses - 75cl","p":12.49,"u":"16,65 €/L","img":"https://fd6-photos.leclercdrive.fr/image.ashx?id=2750168&use=l&cat=p&typeid=i","cat":289556},{"id":115787,"n":"AOC Coteaux d'Aix-en-Provence vin rosé Terres Ocrées - 75cl","p":4.49,"u":"5,99 €/L","img":"https://fd6-photos.leclercdrive.fr/image.ashx?id=2176596&use=l&cat=p&typeid=i","cat":289558},{"id":115850,"n":"Compote Charles & Alice Pommes Passion - 4x97g","p":1.91,"u":"4,92 €/KG","img":"https://fd6-photos.leclercdrive.fr/image.ashx?id=2757692&use=l&cat=p&typeid=i","cat":284416},{"id":115906,"n":"Yaourt aromatisé Perle de Lait sur Lit de Framboise - 4x125g","p":2.28,"u":"4,96 €/P","img":"https://fd6-photos.leclercdrive.fr/image.ashx?id=2989207&use=l&cat=p&typeid=i","cat":314999},{"id":115907,"n":"Yaourt aromatisé Perle de Lait sur Lit de Caramel - 4x125g","p":2.34,"u":"4,68 €/KG","img":"https://fd6-photos.leclercdrive.fr/image.ashx?id=2989216&use=l&cat=p&typeid=i","cat":314999},{"id":115910,"n":"Yaourt brassé Perle de Lait Vanille - 8x125g","p":3.36,"u":"3,36 €/KG","img":"https://fd6-photos.leclercdrive.fr/image.ashx?id=2990568&use=l&cat=p&typeid=i","cat":314999},{"id":115988,"n":"Papier toilette Lotus Confort rose - 18+6","p":5.99,"u":"0,25 €/P","img":"https://fd6-photos.leclercdrive.fr/image.ashx?id=3014635&use=l&cat=p&typeid=i","cat":284634},{"id":115991,"n":"Squidgies Haribo Sachet bonbons - 200g","p":1.69,"u":"8,45 €/KG","img":"https://fd6-photos.leclercdrive.fr/image.ashx?id=2984934&use=l&cat=p&typeid=i","cat":304250},{"id":116002,"n":"Porto Cruz Blanc - 18%vol - 75cl","p":7.83,"u":"10,44 €/L","img":"https://fd6-photos.leclercdrive.fr/image.ashx?id=2535822&use=l&cat=p&typeid=i","cat":284913},{"id":116096,"n":"Shampooing douche Petit Manava Fraise cerise - 250ml","p":1.35,"u":"5,40 €/L","img":"https://fd6-photos.leclercdrive.fr/image.ashx?id=1763207&use=l&cat=p&typeid=i","cat":284606},{"id":116114,"n":"Shampooing douche Petit Manava Pêche banane - 250ml","p":1.35,"u":"5,40 €/L","img":"https://fd6-photos.leclercdrive.fr/image.ashx?id=2440458&use=l&cat=p&typeid=i","cat":284606},{"id":116160,"n":"Masque détox bio Bionaïa 100ml","p":2.95,"u":"29,50 €/L","img":"https://fd6-photos.leclercdrive.fr/image.ashx?id=2482899&use=l&cat=p&typeid=i","cat":325346},{"id":116166,"n":"Adoucissant concentré Hyperdou Rosée du matin x60 - 1.5L","p":3.95,"u":"2,63 €/L","img":"https://fd6-photos.leclercdrive.fr/image.ashx?id=2602916&use=l&cat=p&typeid=i","cat":284650},{"id":116167,"n":"Adoucissant concentré Hyperdou Rêve merveille x60 - 1.5L","p":3.95,"u":"2,63 €/L","img":"https://fd6-photos.leclercdrive.fr/image.ashx?id=2602925&use=l&cat=p&typeid=i","cat":284650},{"id":116170,"n":"Adoucissant concentré Hyperdou Fraîcheur x75 - 1.95L","p":3.65,"u":"1,87 €/L","img":"https://fd6-photos.leclercdrive.fr/image.ashx?id=2602949&use=l&cat=p&typeid=i","cat":284650},{"id":116171,"n":"Adoucissant concentré Hyperdou Pur Caresse x75 - 1.95L","p":3.65,"u":"1,87 €/L","img":"https://fd6-photos.leclercdrive.fr/image.ashx?id=2614512&use=l&cat=p&typeid=i","cat":284650},{"id":116172,"n":"Lingettes bio Bionaïa Démaquillantes - x25","p":1.04,"u":"0,04 €/P","img":"https://fd6-photos.leclercdrive.fr/image.ashx?id=2515500&use=l&cat=p&typeid=i","cat":284603},{"id":116193,"n":"AOC Monbazillac Vin blanc Domaine de la croix - 75cl","p":7.95,"pp":5.96,"u":"7,95 €/L","img":"https://fd6-photos.leclercdrive.fr/image.ashx?id=2403506&use=l&cat=p&typeid=i","cat":289557},{"id":116199,"n":"Vin blanc pétillant Roche Mazet Brut Chardonnay - 75cl","p":4.5,"pp":2.97,"u":"3,96 €/L","img":"https://fd6-photos.leclercdrive.fr/image.ashx?id=2475615&use=l&cat=p&typeid=i","cat":284544},{"id":116221,"n":"Crème de jour L'Oréal Paris  Revitalift Anti-âge - 50ml","p":13.87,"u":"277,40 €/L","img":"https://fd6-photos.leclercdrive.fr/image.ashx?id=2926581&use=l&cat=p&typeid=i","cat":325345},{"id":116224,"n":"Porto Tawny Cruz 18%vol - 75cl","p":7.42,"u":"9,89 €/L","img":"https://fd6-photos.leclercdrive.fr/image.ashx?id=2536373&use=l&cat=p&typeid=i","cat":284913},{"id":116240,"n":"Lait bébé liquide Blédilait croissance 1-3 ans 6x1L","p":12.5,"u":"2,08 €/L","img":"https://fd6-photos.leclercdrive.fr/image.ashx?id=2685799&use=l&cat=p&typeid=i","cat":284728},{"id":116321,"n":"Soupe liquide Liebig tomates  Et vermicelles - Brique 1L","p":2.19,"u":"2,19 €/L","img":"https://fd6-photos.leclercdrive.fr/image.ashx?id=2941481&use=l&cat=p&typeid=i","cat":284462},{"id":116339,"n":"Test de grossesse Mercurochrome 1 pièce","p":4.86,"img":"https://fd6-photos.leclercdrive.fr/image.ashx?id=2806958&use=l&cat=p&typeid=i","cat":324482},{"id":116387,"n":"Pâte à tartiner Poulain  Cacao noisette - 400g","p":2.96,"u":"7,40 €/KG","img":"https://fd6-photos.leclercdrive.fr/image.ashx?id=2806354&use=l&cat=p&typeid=i","cat":284481},{"id":116432,"n":"Parmentier de saumon Fleury Michon - 300g","p":2.96,"u":"9,87 €/KG","img":"https://fd6-photos.leclercdrive.fr/image.ashx?id=2662349&use=l&cat=p&typeid=i","cat":333665},{"id":116720,"n":"Tarte citron meringuée  Bonne Maman - 2x90g","p":2.19,"u":"12,17 €/KG","img":"https://fd6-photos.leclercdrive.fr/image.ashx?id=2878777&use=l&cat=p&typeid=i","cat":284419},{"id":116751,"n":"Sojasun mandarine citron vert 4x100g","p":1.78,"u":"4,45 €/KG","img":"https://fd6-photos.leclercdrive.fr/image.ashx?id=2355683&use=l&cat=p&typeid=i","cat":316071},{"id":116958,"n":"Chorizo Espagnol Merle 16 tranches - 80g","p":1.29,"u":"16,13 €/KG","img":"https://fd6-photos.leclercdrive.fr/image.ashx?id=2913259&use=l&cat=p&typeid=i","cat":316007},{"id":116985,"n":"Parmesan Râpé Giovanni Ferrari  22 mois AOP - 60g","p":1.78,"u":"29,67 €/KG","img":"https://fd6-photos.leclercdrive.fr/image.ashx?id=3002297&use=l&cat=p&typeid=i","cat":314035},{"id":117132,"n":"Bouillon kub légumes Maggi -25% sel - 120g","p":1.47,"u":"12,25 €/KG","img":"https://fd6-photos.leclercdrive.fr/image.ashx?id=2758443&use=l&cat=p&typeid=i","cat":288379},{"id":117166,"n":"crème dessert danette speculoos - 4x125g","p":1.69,"u":"3,38 €/KG","img":"https://fd6-photos.leclercdrive.fr/image.ashx?id=2915401&use=l&cat=p&typeid=i","cat":285041},{"id":117225,"n":"Sirop Moulin de Valdonne Grenadine - 70cl","p":3.13,"u":"4,47 €/L","img":"https://fd6-photos.leclercdrive.fr/image.ashx?id=2170610&use=l&cat=p&typeid=i","cat":295020},{"id":117246,"n":"Biscuits Gerblé Bio Citron gingembre - 132g","p":2.09,"u":"15,83 €/KG","img":"https://fd6-photos.leclercdrive.fr/image.ashx?id=2662871&use=l&cat=p&typeid=i","cat":318651},{"id":117248,"n":"Biscuits Gerblé Bio Amande cranberry - 132g","p":2.01,"u":"15,23 €/KG","img":"https://fd6-photos.leclercdrive.fr/image.ashx?id=2662868&use=l&cat=p&typeid=i","cat":318651},{"id":117252,"n":"Mouliné Régal Soupe Légumes d'autrefois - 1L","p":1.65,"u":"1,65 €/L","img":"https://fd6-photos.leclercdrive.fr/image.ashx?id=2607590&use=l&cat=p&typeid=i","cat":284462},{"id":117283,"n":"Petits pois Notre Jardin Sans sel ajouté - 280g","p":0.9,"u":"3,21 €/KG","img":"https://fd6-photos.leclercdrive.fr/image.ashx?id=3002638&use=l&cat=p&typeid=i","cat":312607},{"id":117293,"n":"Petits pois Notre Jardin Carottes Sans sel ajouté - 265g","p":0.99,"u":"3,74 €/KG","img":"https://fd6-photos.leclercdrive.fr/image.ashx?id=3002641&use=l&cat=p&typeid=i","cat":312607},{"id":117330,"n":"Champignon Notre Jardin Emincé Sans sel ajouté - 230g","p":1.18,"u":"5,13 €/KG","img":"https://fd6-photos.leclercdrive.fr/image.ashx?id=1792507&use=l&cat=p&typeid=i","cat":312610},{"id":117400,"n":"Yaourt Grec Delta 10% MG Nature - 1kg","p":5.77,"u":"5,77 €/KG","img":"https://fd6-photos.leclercdrive.fr/image.ashx?id=2532189&use=l&cat=p&typeid=i","cat":314999},{"id":117403,"n":"Poêlée de légumes Bonduelle La Parisienne - 750g","p":3.58,"u":"4,77 €/KG","img":"https://fd6-photos.leclercdrive.fr/image.ashx?id=2907908&use=l&cat=p&typeid=i","cat":319823},{"id":117404,"n":"La Poêlée Rustique Bonduelle 750g","p":3.43,"u":"4,57 €/KG","img":"https://fd6-photos.leclercdrive.fr/image.ashx?id=2910055&use=l&cat=p&typeid=i","cat":319823},{"id":117407,"n":"Poêlée à la paysanne Bonduelle 750g","p":3.5,"u":"4,67 €/KG","img":"https://fd6-photos.leclercdrive.fr/image.ashx?id=2907911&use=l&cat=p&typeid=i","cat":319823},{"id":117408,"n":"Yaourt nature ferme C'est Qui Le Patron - 8x125g","p":2.43,"u":"2,43 €/KG","img":"https://fd6-photos.leclercdrive.fr/image.ashx?id=2672386&use=l&cat=p&typeid=i","cat":284409},{"id":117570,"n":"Galettes de riz Tables du monde Sachet - 100g","p":2.25,"u":"22,50 €/KG","img":"https://fd6-photos.leclercdrive.fr/image.ashx?id=2920223&use=l&cat=p&typeid=i","cat":288992},{"id":117621,"n":"Granulés de bois Din+ 70/45 mm - 15kg","p":5.59,"u":"0,37 €/KG","img":"https://fd6-photos.leclercdrive.fr/image.ashx?id=1847743&use=l&cat=p&typeid=i","cat":300577},{"id":117648,"n":"Boulettes végétales Végé - 200g","p":2.44,"u":"12,20 €/KG","img":"https://fd6-photos.leclercdrive.fr/image.ashx?id=2866253&use=l&cat=p&typeid=i","cat":316036},{"id":117668,"n":"Pizza Dolce Sodebo Margherita Tomate Marinées 400g","p":4.49,"u":"11,23 €/KG","img":"https://fd6-photos.leclercdrive.fr/image.ashx?id=2921642&use=l&cat=p&typeid=i","cat":333679},{"id":117705,"n":"Ras El Hanout Ducros Epices couscous - 38g","p":1.91,"u":"50,26 €/KG","img":"https://fd6-photos.leclercdrive.fr/image.ashx?id=2559490&use=l&cat=p&typeid=i","cat":298297},{"id":117721,"n":"Truite Fumée  Ronde des Mers  4 tranches - 120g","p":4.3,"u":"35,83 €/KG","img":"https://fd6-photos.leclercdrive.fr/image.ashx?id=2084096&use=l&cat=p&typeid=i","cat":285188},{"id":117828,"n":"Lardons fumés au bois CharcuFine du Forez - 140g","p":1.29,"u":"9,21 €/KG","img":"https://fd6-photos.leclercdrive.fr/image.ashx?id=2913268&use=l&cat=p&typeid=i","cat":316011},{"id":117829,"n":"Lardons natures  Charcufine du Forez - 140g","p":1.29,"u":"9,21 €/KG","img":"https://fd6-photos.leclercdrive.fr/image.ashx?id=2913271&use=l&cat=p&typeid=i","cat":316011},{"id":118038,"n":"AOP Alsace Gewurztraminer Nos Vignerons ont du Talent - 75cl","p":8.99,"u":"11,99 €/L","img":"https://fd6-photos.leclercdrive.fr/image.ashx?id=2566203&use=l&cat=p&typeid=i","cat":289557},{"id":118058,"n":"Paleron de boeuf  Bigard Jus à la vigneronne - 400g","p":6.84,"u":"17,10 €/KG","img":"https://fd6-photos.leclercdrive.fr/image.ashx?id=2386665&use=l&cat=p&typeid=i","cat":284328},{"id":118077,"n":"Joue de boeuf fondante Bigard  - 400g","p":6.84,"u":"17,10 €/KG","img":"https://fd6-photos.leclercdrive.fr/image.ashx?id=2208357&use=l&cat=p&typeid=i","cat":284328},{"id":118113,"n":"Sauce soja Bio Village Bio - 150ml","p":1.99,"u":"13,27 €/L","img":"https://fd6-photos.leclercdrive.fr/image.ashx?id=2913772&use=l&cat=p&typeid=i","cat":288992},{"id":118116,"n":"Sauce soja sucrée Bio Village Bio - 150ml","p":1.99,"u":"13,27 €/L","img":"https://fd6-photos.leclercdrive.fr/image.ashx?id=2913775&use=l&cat=p&typeid=i","cat":288992},{"id":118193,"n":"Beurre Bocage Doux - 60%MG - 250g","p":2.13,"u":"8,52 €/KG","img":"https://fd6-photos.leclercdrive.fr/image.ashx?id=2752891&use=l&cat=p&typeid=i","cat":284379},{"id":118194,"n":"Beurre Bocage  Demi-sel - 60%MG - 250g","p":2.1,"u":"8,40 €/KG","img":"https://fd6-photos.leclercdrive.fr/image.ashx?id=2578070&use=l&cat=p&typeid=i","cat":284379},{"id":118202,"n":"Coloration Perfect Mousse n°400 Expresso givré - X1","p":7.06,"img":"https://fd6-photos.leclercdrive.fr/image.ashx?id=1919738&use=l&cat=p&typeid=i","cat":288899},{"id":118205,"n":"Coloration Perfect Mousse n°586 Acajou - 1pièce","p":7.0,"img":"https://fd6-photos.leclercdrive.fr/image.ashx?id=3000665&use=l&cat=p&typeid=i","cat":288899},{"id":118208,"n":"Coloration Perfec Mousse N°210 noir - x1","p":7.0,"img":"https://fd6-photos.leclercdrive.fr/image.ashx?id=1919756&use=l&cat=p&typeid=i","cat":288899},{"id":118209,"n":"Coloration Perfect Mousse N°365 Brownie - X1","p":6.83,"img":"https://fd6-photos.leclercdrive.fr/image.ashx?id=2921558&use=l&cat=p&typeid=i","cat":288899},{"id":118210,"n":"Coquilles Saint-Jacques Tipiak à la Bretonne - 10x90g","p":12.98,"u":"14,42 €/KG","img":"https://fd6-photos.leclercdrive.fr/image.ashx?id=2614092&use=l&cat=p&typeid=i","cat":319775},{"id":118212,"n":"Coquille Saint Jacques Tipiak Fondue de poireaux - 10x90g","p":12.98,"u":"14,42 €/KG","img":"https://fd6-photos.leclercdrive.fr/image.ashx?id=2613444&use=l&cat=p&typeid=i","cat":319775},{"id":118282,"n":"Cordon bleu Marie Coquillettes - 280g","p":3.97,"u":"14,18 €/KG","img":"https://fd6-photos.leclercdrive.fr/image.ashx?id=2317495&use=l&cat=p&typeid=i","cat":333665},{"id":118289,"n":"Canard confit Marie Ecrasé de pomme de terre 300g","p":4.5,"u":"15,00 €/KG","img":"https://fd6-photos.leclercdrive.fr/image.ashx?id=2799886&use=l&cat=p&typeid=i","cat":333665},{"id":118296,"n":"Mousse café ganache Le Petit Basque - 2x80g","p":2.76,"u":"17,25 €/KG","img":"https://fd6-photos.leclercdrive.fr/image.ashx?id=2667781&use=l&cat=p&typeid=i","cat":284417},{"id":118302,"n":"Fromage Raclette Ermitage Label Rouge - 350g","p":4.59,"u":"13,11 €/KG","img":"https://fd6-photos.leclercdrive.fr/image.ashx?id=2407214&use=l&cat=p&typeid=i","cat":314037},{"id":118320,"n":"Raclette Les Croisés  Moutarde - 250g","p":3.69,"u":"14,76 €/KG","img":"https://fd6-photos.leclercdrive.fr/image.ashx?id=2793287&use=l&cat=p&typeid=i","cat":314037},{"id":118408,"n":"Lait bébé en poudre Galliagest 1er âge 0-6 mois 820g","p":19.36,"u":"23,61 €/KG","img":"https://fd6-photos.leclercdrive.fr/image.ashx?id=2983054&use=l&cat=p&typeid=i","cat":284726},{"id":118412,"n":"Lait bébé en poudre Galliagest 2 âge 6-12 mois 820g","p":18.68,"u":"22,78 €/KG","img":"https://fd6-photos.leclercdrive.fr/image.ashx?id=2771666&use=l&cat=p&typeid=i","cat":284727},{"id":118414,"n":"Lait bébé en poudre Blédilait 1er âge 0-6 mois 820g","p":16.48,"u":"20,10 €/KG","img":"https://fd6-photos.leclercdrive.fr/image.ashx?id=2500051&use=l&cat=p&typeid=i","cat":284726},{"id":118426,"n":"Lait bébé en poudre Blédilait 2e âge 6-12 mois 820g","p":14.91,"u":"18,18 €/KG","img":"https://fd6-photos.leclercdrive.fr/image.ashx?id=2500054&use=l&cat=p&typeid=i","cat":284727},{"id":118442,"n":"Bonbons Tic Tac Menthe extra fraîche x100 - 49g","p":1.61,"u":"32,86 €/KG","img":"https://fd6-photos.leclercdrive.fr/image.ashx?id=2737243&use=l&cat=p&typeid=i","cat":304256},{"id":118447,"n":"Soupe deshydratée Knorr Tomate mozzarella - 75cl","p":1.74,"u":"2,32 €/L","img":"https://fd6-photos.leclercdrive.fr/image.ashx?id=2788919&use=l&cat=p&typeid=i","cat":284463},{"id":118485,"n":"Préservatifs Skyn Manix Elite - x10","p":6.86,"u":"0,69 €/P","img":"https://fd6-photos.leclercdrive.fr/image.ashx?id=2861051&use=l&cat=p&typeid=i","cat":284631},{"id":118492,"n":"Gel lubrifiant Manix Pure - 80ml","p":4.88,"u":"61,00 €/L","img":"https://fd6-photos.leclercdrive.fr/image.ashx?id=2886160&use=l&cat=p&typeid=i","cat":285160},{"id":118536,"n":"Boules inox Eco+ x2","p":0.26,"u":"0,13 €/P","img":"https://fd6-photos.leclercdrive.fr/image.ashx?id=2984483&use=l&cat=p&typeid=i","cat":284667},{"id":118574,"n":"Saumon fumé de Norvège Petit Navire 10 tranches - 325g","p":10.7,"u":"32,92 €/KG","img":"https://fd6-photos.leclercdrive.fr/image.ashx?id=2159949&use=l&cat=p&typeid=i","cat":285188},{"id":118590,"n":"Blinis Cocktails Labeyrie  x24 - 200g","p":1.8,"u":"9,00 €/KG","img":"https://fd6-photos.leclercdrive.fr/image.ashx?id=2357904&use=l&cat=p&typeid=i","cat":285191},{"id":118612,"n":"Crêpes fourrées  Whaou Chocolat au lait  - x8 - 256g","p":2.56,"u":"10,00 €/KG","img":"https://fd6-photos.leclercdrive.fr/image.ashx?id=2960171&use=l&cat=p&typeid=i","cat":284494},{"id":118820,"n":"Chocolats Ferrero Collection Assortiments x48 - 518g","p":15.67,"u":"30,25 €/KG","img":"https://fd6-photos.leclercdrive.fr/image.ashx?id=2940510&use=l&cat=p&typeid=i","cat":327595},{"id":118973,"n":"La Fermière Mousse au Chocolat au lait Vietnam - 2x85g","p":3.26,"u":"19,18 €/KG","img":"https://fd6-photos.leclercdrive.fr/image.ashx?id=2187490&use=l&cat=p&typeid=i","cat":284417},{"id":119004,"n":"Limoncello - 25% vol Giffard - 70cl","p":11.42,"u":"16,31 €/L","img":"https://fd6-photos.leclercdrive.fr/image.ashx?id=1858795&use=l&cat=p&typeid=i","cat":286032},{"id":119080,"n":"Sauce pour saumon Labeyrie Aux fines herbes - 145g","p":1.99,"u":"13,72 €/KG","img":"https://fd6-photos.leclercdrive.fr/image.ashx?id=2467811&use=l&cat=p&typeid=i","cat":285191},{"id":119105,"n":"Nouille de riz Suzi Wan 160g","p":2.02,"u":"12,63 €/KG","img":"https://fd6-photos.leclercdrive.fr/image.ashx?id=3002180&use=l&cat=p&typeid=i","cat":288992},{"id":119136,"n":"Fromage de tête au jambon VPF L'Atelier Charcuterie - 170g","p":2.59,"u":"15,24 €/KG","img":"https://fd6-photos.leclercdrive.fr/image.ashx?id=2252244&use=l&cat=p&typeid=i","cat":316008},{"id":119199,"n":"Cornichon  Kuhne Rondelles pour burger - 185g","p":2.17,"u":"11,73 €/KG","img":"https://fd6-photos.leclercdrive.fr/image.ashx?id=2109521&use=l&cat=p&typeid=i","cat":284458},{"id":119262,"n":"Sauce bolognaise Panzani 100% Pur Bœuf - 400G","p":2.4,"u":"6,00 €/KG","img":"https://fd6-photos.leclercdrive.fr/image.ashx?id=2984754&use=l&cat=p&typeid=i","cat":287599},{"id":119264,"n":"Sauce Bolognaise Panzani 100% Pur Bœuf - 650G","p":3.48,"u":"5,35 €/KG","img":"https://fd6-photos.leclercdrive.fr/image.ashx?id=2977933&use=l&cat=p&typeid=i","cat":287599},{"id":119267,"n":"Café moulu Plantation Noir intense - 3x250g","p":10.19,"u":"13,59 €/KG","img":"https://fd6-photos.leclercdrive.fr/image.ashx?id=2607587&use=l&cat=p&typeid=i","cat":284750},{"id":119271,"n":"Haricots rouge Notre Jardin 3x125g","p":1.91,"u":"5,09 €/KG","img":"https://fd6-photos.leclercdrive.fr/image.ashx?id=2988111&use=l&cat=p&typeid=i","cat":312606},{"id":119273,"n":"Carottes Notre Jardin 3x130g","p":2.25,"u":"5,77 €/KG","img":"https://fd6-photos.leclercdrive.fr/image.ashx?id=3002629&use=l&cat=p&typeid=i","cat":312607},{"id":119275,"n":"Haricots blancs Notre Jardin 3x125g","p":1.99,"u":"5,31 €/KG","img":"https://fd6-photos.leclercdrive.fr/image.ashx?id=3002632&use=l&cat=p&typeid=i","cat":312606},{"id":119287,"n":"Protège lingerie bio Tadam Dermo-sensitif normal - x24","p":2.61,"img":"https://fd6-photos.leclercdrive.fr/image.ashx?id=2754764&use=l&cat=p&typeid=i","cat":284625},{"id":119332,"n":"Tampon digital Uni Vert Ecolo super - x16","p":1.9,"u":"0,12 €/P","img":"https://fd6-photos.leclercdrive.fr/image.ashx?id=2939085&use=l&cat=p&typeid=i","cat":284626},{"id":119337,"n":"Crème légère jour So Bio Etic Anti-âge argan bio - 50ml","p":9.15,"u":"183,00 €/L","img":"https://fd6-photos.leclercdrive.fr/image.ashx?id=2788730&use=l&cat=p&typeid=i","cat":325345},{"id":119446,"n":"Pain aux figues  400GR","p":1.8,"u":"4,50 €/KG","img":"https://fd6-photos.leclercdrive.fr/image.ashx?id=2062732&use=l&cat=p&typeid=i","cat":284359},{"id":119510,"n":"Blancs de poireaux filière Panier du Primeur - 500g","p":2.49,"u":"4,98 €/KG","img":"https://fd6-photos.leclercdrive.fr/image.ashx?id=2930894&use=l&cat=p&typeid=i","cat":284352},{"id":119571,"n":"Douceur de Brebis vanille 4x100g - Le Petit Basque","p":2.77,"u":"6,93 €/KG","img":"https://fd6-photos.leclercdrive.fr/image.ashx?id=2248093&use=l&cat=p&typeid=i","cat":314998},{"id":119634,"n":"Gourmet Gold Régal de sauce  x12 - 85g","p":7.07,"u":"6,93 €/KG","img":"https://fd6-photos.leclercdrive.fr/image.ashx?id=2902364&use=l&cat=p&typeid=i","cat":285286},{"id":119709,"n":"Fromage Persillée Saint Agur  125g","p":2.39,"u":"19,12 €/KG","img":"https://fd6-photos.leclercdrive.fr/image.ashx?id=2981515&use=l&cat=p&typeid=i","cat":314032},{"id":119728,"n":"Blanc poulet fumé 6 Tranches - 180g","p":2.24,"u":"12,44 €/KG","img":"https://fd6-photos.leclercdrive.fr/image.ashx?id=2663380&use=l&cat=p&typeid=i","cat":316010},{"id":119767,"n":"Eau micellaire bio Bionaïa 400ml","p":3.73,"u":"9,33 €/L","img":"https://fd6-photos.leclercdrive.fr/image.ashx?id=2376055&use=l&cat=p&typeid=i","cat":284603},{"id":119797,"n":"Comté fromage bloc Les Croisés 200g","p":2.85,"u":"14,25 €/KG","img":"https://fd6-photos.leclercdrive.fr/image.ashx?id=2856585&use=l&cat=p&typeid=i","cat":314034},{"id":119800,"n":"Yaourt Enfant Petits Filous Aromatisé à la Vanille - 6x100g","p":2.84,"u":"4,73 €/KG","img":"https://fd6-photos.leclercdrive.fr/image.ashx?id=2748431&use=l&cat=p&typeid=i","cat":284415},{"id":119872,"n":"Huile de tournesol Fruit d'Or 2 L","p":6.49,"u":"3,25 €/L","img":"https://fd6-photos.leclercdrive.fr/image.ashx?id=2482231&use=l&cat=p&typeid=i","cat":284453},{"id":119893,"n":"Skyr Nature Délisse 450g","p":1.89,"u":"4,20 €/KG","img":"https://fd6-photos.leclercdrive.fr/image.ashx?id=2992549&use=l&cat=p&typeid=i","cat":315000},{"id":119940,"n":"Mini candy play Copains Copines 180g","p":1.49,"u":"8,28 €/KG","img":"https://fd6-photos.leclercdrive.fr/image.ashx?id=2589861&use=l&cat=p&typeid=i","cat":304250},{"id":119941,"n":"Fromage à Tartiner Tartare Ail et Fines Herbes 10P - 160g","p":2.09,"u":"13,06 €/KG","img":"https://fd6-photos.leclercdrive.fr/image.ashx?id=2867410&use=l&cat=p&typeid=i","cat":314029},{"id":119943,"n":"Soupe 10 légumes Liebig A la crème - x2 - 60cl","p":2.31,"u":"3,85 €/L","img":"https://fd6-photos.leclercdrive.fr/image.ashx?id=2892139&use=l&cat=p&typeid=i","cat":284462},{"id":120140,"n":"Kinder Surprise Père Noël - 36g","p":2.15,"u":"59,72 €/KG","img":"https://fd6-photos.leclercdrive.fr/image.ashx?id=1984789&use=l&cat=p&typeid=i","cat":327592},{"id":120211,"n":"Nissin soba Cup Yakitori Poulet 89g","p":2.69,"u":"30,22 €/KG","img":"https://fd6-photos.leclercdrive.fr/image.ashx?id=2433509&use=l&cat=p&typeid=i","cat":288992},{"id":120212,"n":"Nouilles soba Cup Nissin Classique - 90g","p":1.99,"u":"22,11 €/KG","img":"https://fd6-photos.leclercdrive.fr/image.ashx?id=2433512&use=l&cat=p&typeid=i","cat":288992},{"id":120214,"n":"Nissin Soba Cup Teriyaki  90g","p":1.99,"u":"22,11 €/KG","img":"https://fd6-photos.leclercdrive.fr/image.ashx?id=2160111&use=l&cat=p&typeid=i","cat":288992},{"id":120224,"n":"Cristaux de soude Clair 500g","p":1.93,"u":"3,86 €/KG","img":"https://fd6-photos.leclercdrive.fr/image.ashx?id=2822144&use=l&cat=p&typeid=i","cat":325365},{"id":120225,"n":"Percarbonate de sodium Clair 500g","p":2.99,"u":"5,98 €/KG","img":"https://fd6-photos.leclercdrive.fr/image.ashx?id=2822141&use=l&cat=p&typeid=i","cat":325365},{"id":120261,"n":"Lessive liquide Epsil Anti-transfert - 40 lavages 2L","p":5.99,"u":"3,00 €/L","img":"https://fd6-photos.leclercdrive.fr/image.ashx?id=2838936&use=l&cat=p&typeid=i","cat":284640},{"id":120266,"n":"Galettes de riz Tanoshi Vietnam x10 - 100g","p":2.84,"u":"2,84 €/KG","img":"https://fd6-photos.leclercdrive.fr/image.ashx?id=2999982&use=l&cat=p&typeid=i","cat":288992},{"id":120283,"n":"Pata Pate de curry Patak's Tandoori - 170g","p":2.94,"u":"17,29 €/KG","img":"https://fd6-photos.leclercdrive.fr/image.ashx?id=2650759&use=l&cat=p&typeid=i","cat":289012},{"id":120331,"n":"Eau gazeuse minérale Salvetat Pauvre en sodium - 6x1,15L","p":3.03,"u":"0,44 €/L","img":"https://fd6-photos.leclercdrive.fr/image.ashx?id=2578693&use=l&cat=p&typeid=i","cat":284536},{"id":120348,"n":"Purée 4 mois Bio Village Pomme pruneaux bio - 4x100g","p":1.69,"u":"4,23 €/KG","img":"https://fd6-photos.leclercdrive.fr/image.ashx?id=2704837&use=l&cat=p&typeid=i","cat":312387},{"id":120349,"n":"Purée 4 mois Bio Village Pomme Abricot bio - 4x100g","p":1.89,"u":"4,73 €/KG","img":"https://fd6-photos.leclercdrive.fr/image.ashx?id=2704690&use=l&cat=p&typeid=i","cat":312387},{"id":120350,"n":"Purée 4 mois Bio Village Pomme coing bio - 4x100g","p":1.79,"u":"4,48 €/KG","img":"https://fd6-photos.leclercdrive.fr/image.ashx?id=2704840&use=l&cat=p&typeid=i","cat":312387},{"id":120351,"n":"Purée 4 mois Bio Village Pomme myrtilles bio - 4x100g","p":1.99,"u":"4,98 €/KG","img":"https://fd6-photos.leclercdrive.fr/image.ashx?id=2704843&use=l&cat=p&typeid=i","cat":312387},{"id":120421,"n":"Crème de coco Real Thai 200ml","p":1.81,"u":"9,05 €/L","img":"https://fd6-photos.leclercdrive.fr/image.ashx?id=2857944&use=l&cat=p&typeid=i","cat":288992},{"id":120422,"n":"Lait de coco uht Real Thai 200ml","p":1.76,"u":"8,80 €/L","img":"https://fd6-photos.leclercdrive.fr/image.ashx?id=2872249&use=l&cat=p&typeid=i","cat":288992},{"id":120426,"n":"Protège slip écolo Uni vert Normal - x30","p":2.12,"u":"0,07 €/P","img":"https://fd6-photos.leclercdrive.fr/image.ashx?id=2799787&use=l&cat=p&typeid=i","cat":284625},{"id":120428,"n":"Serviette ecolo Uni Vert Normal - x14","p":1.79,"u":"0,13 €/P","img":"https://fd6-photos.leclercdrive.fr/image.ashx?id=2831589&use=l&cat=p&typeid=i","cat":284624},{"id":120429,"n":"Serviette écolo Uni vert Super+ - x12","p":1.55,"u":"0,13 €/P","img":"https://fd6-photos.leclercdrive.fr/image.ashx?id=2820445&use=l&cat=p&typeid=i","cat":284624},{"id":120430,"n":"Serviette écolo Uni Vert Nuit + - x10","p":1.79,"u":"0,18 €/P","img":"https://fd6-photos.leclercdrive.fr/image.ashx?id=2806780&use=l&cat=p&typeid=i","cat":284624},{"id":120482,"n":"Planta fin cuisine facile 750ml - Format familial","p":3.69,"u":"4,92 €/L","img":"https://fd6-photos.leclercdrive.fr/image.ashx?id=2440091&use=l&cat=p&typeid=i","cat":284453},{"id":120488,"n":"Riz parfumé Comptoir du Grain Basmati -1kg","p":2.48,"u":"2,48 €/KG","img":"https://fd6-photos.leclercdrive.fr/image.ashx?id=2923399&use=l&cat=p&typeid=i","cat":284428},{"id":120489,"n":"Pain de mie extra-moelleux Epi d'or - 500g","p":1.49,"u":"2,98 €/KG","img":"https://fd6-photos.leclercdrive.fr/image.ashx?id=2301238&use=l&cat=p&typeid=i","cat":284477},{"id":120491,"n":"Pain de mie extra moelleux Epi d'or - 280g","p":0.7,"u":"2,50 €/KG","img":"https://fd6-photos.leclercdrive.fr/image.ashx?id=2861295&use=l&cat=p&typeid=i","cat":284477},{"id":120492,"n":"Céréales fourrées P'tit Déli Chocolat noisette - 450g","p":2.13,"u":"4,73 €/KG","img":"https://fd6-photos.leclercdrive.fr/image.ashx?id=2819636&use=l&cat=p&typeid=i","cat":309513},{"id":120587,"n":"Friandise pour chat Dentalife Saumon - 40g","p":1.56,"u":"39,00 €/KG","img":"https://fd6-photos.leclercdrive.fr/image.ashx?id=2468638&use=l&cat=p&typeid=i","cat":285285},{"id":120660,"n":"Purée 4 mois Bio Village Fruits verger bio - 4x100g","p":1.89,"u":"4,73 €/KG","img":"https://fd6-photos.leclercdrive.fr/image.ashx?id=2704846&use=l&cat=p&typeid=i","cat":312387},{"id":120661,"n":"Purée 4 mois Bio Village Pomme Fraise Banane bio -4x100g","p":1.69,"u":"4,23 €/KG","img":"https://fd6-photos.leclercdrive.fr/image.ashx?id=2704849&use=l&cat=p&typeid=i","cat":312387},{"id":120663,"n":"Purée 6 mois Bio Village Pomme carotte mangue bio-4x100g","p":1.79,"u":"4,48 €/KG","img":"https://fd6-photos.leclercdrive.fr/image.ashx?id=2704852&use=l&cat=p&typeid=i","cat":312388},{"id":120665,"n":"Purée 6 mois Bio Village Pomme Biscuit bio - 4x100g","p":1.79,"u":"4,48 €/KG","img":"https://fd6-photos.leclercdrive.fr/image.ashx?id=2704855&use=l&cat=p&typeid=i","cat":312388},{"id":120676,"n":"Shampooing Arbre Vert Peaux sensibles - 250ml","p":2.35,"u":"9,40 €/L","img":"https://fd6-photos.leclercdrive.fr/image.ashx?id=2175909&use=l&cat=p&typeid=i","cat":284606},{"id":120679,"n":"Petits pots bébé P'TIT SOUPER Petits pois pâtes 12M+ - 2x200g","p":1.66,"u":"4,15 €/KG","img":"https://fd6-photos.leclercdrive.fr/image.ashx?id=2526517&use=l&cat=p&typeid=i","cat":312239},{"id":120681,"n":"Petits pots bébé P'TIT SOUPER Légumes Pâtes 8M+ - 2x200g","p":2.12,"u":"5,30 €/KG","img":"https://fd6-photos.leclercdrive.fr/image.ashx?id=2526520&use=l&cat=p&typeid=i","cat":312239},{"id":120683,"n":"Petits pots bébé P'TITE RECETTE Bœuf bourguignon 12M+ - 2x200g","p":2.5,"u":"6,25 €/KG","img":"https://fd6-photos.leclercdrive.fr/image.ashx?id=2525714&use=l&cat=p&typeid=i","cat":312237},{"id":120690,"n":"Shampoing Nateïs Cheveux fragiles - 250ml","p":1.27,"u":"5,08 €/L","img":"https://fd6-photos.leclercdrive.fr/image.ashx?id=2626838&use=l&cat=p&typeid=i","cat":284606},{"id":120691,"n":"Après-shampoing Nateïs Cheveux fragiles - 250ml","p":1.35,"u":"5,40 €/L","img":"https://fd6-photos.leclercdrive.fr/image.ashx?id=2626844&use=l&cat=p&typeid=i","cat":284607},{"id":120694,"n":"Jus de pomme bio Bio Village 1L","p":1.29,"u":"1,29 €/L","img":"https://fd6-photos.leclercdrive.fr/image.ashx?id=2958783&use=l&cat=p&typeid=i","cat":284522},{"id":120715,"n":"IGP Pâte Garofalo  Rigatoni - 500g","p":2.16,"u":"4,32 €/KG","img":"https://fd6-photos.leclercdrive.fr/image.ashx?id=3011890&use=l&cat=p&typeid=i","cat":284427},{"id":120720,"n":"Spaghetti Garofalo 500g","p":1.71,"u":"3,42 €/KG","img":"https://fd6-photos.leclercdrive.fr/image.ashx?id=2111496&use=l&cat=p&typeid=i","cat":284427},{"id":120744,"n":"Barre de céréales Nature Valley Sweet & Salty cacahuète x5-150g","p":2.78,"u":"18,53 €/KG","img":"https://fd6-photos.leclercdrive.fr/image.ashx?id=2737711&use=l&cat=p&typeid=i","cat":285869},{"id":120797,"n":"Cubes de filets de poulet Volandrie - 450g","p":5.09,"u":"11,31 €/KG","img":"https://fd6-photos.leclercdrive.fr/image.ashx?id=2647901&use=l&cat=p&typeid=i","cat":284336},{"id":120798,"n":"Filet de poulet jaune Volandrie Extra tendre - 300g","p":3.8,"u":"12,67 €/KG","img":"https://fd6-photos.leclercdrive.fr/image.ashx?id=2714894&use=l&cat=p&typeid=i","cat":284336},{"id":120799,"n":"Filet de poulet jaune Volandrie 300g","p":3.69,"u":"12,30 €/KG","img":"https://fd6-photos.leclercdrive.fr/image.ashx?id=2647910&use=l&cat=p&typeid=i","cat":284336},{"id":120800,"n":"Filet de poulet blanc Volandrie Extra tendre - 300g","p":3.8,"u":"12,67 €/KG","img":"https://fd6-photos.leclercdrive.fr/image.ashx?id=2647904&use=l&cat=p&typeid=i","cat":284336},{"id":120801,"n":"Filets poulet blanc Volandrie 300g","p":3.69,"u":"12,30 €/KG","img":"https://fd6-photos.leclercdrive.fr/image.ashx?id=2647907&use=l&cat=p&typeid=i","cat":284336},{"id":120827,"n":"Bonbon Surfizz XL Lutti 200g","p":1.84,"u":"9,20 €/KG","img":"https://fd6-photos.leclercdrive.fr/image.ashx?id=2964840&use=l&cat=p&typeid=i","cat":304250},{"id":120853,"n":"Bonbons Lutti Scoubifizz Piquants Fruits - 180g","p":1.76,"u":"9,78 €/KG","img":"https://fd6-photos.leclercdrive.fr/image.ashx?id=2964837&use=l&cat=p&typeid=i","cat":304250},{"id":120855,"n":"Bonbons Lutti Filitubs xl Piquants - 180g","p":2.08,"u":"11,56 €/KG","img":"https://fd6-photos.leclercdrive.fr/image.ashx?id=2817440&use=l&cat=p&typeid=i","cat":304250},{"id":120857,"n":"Bonbons Carambar Mini Fête Assortiment - 326g","p":3.12,"u":"9,57 €/KG","img":"https://fd6-photos.leclercdrive.fr/image.ashx?id=2972035&use=l&cat=p&typeid=i","cat":304250},{"id":120864,"n":"Bonbons Lutti Flexifizz Piquants Fraise - 225g","p":1.72,"u":"7,64 €/KG","img":"https://fd6-photos.leclercdrive.fr/image.ashx?id=2806396&use=l&cat=p&typeid=i","cat":304250},{"id":120872,"n":"Pépites chocolat Bio Village Bio - 100g","p":2.21,"u":"22,10 €/KG","img":"https://fd6-photos.leclercdrive.fr/image.ashx?id=2590544&use=l&cat=p&typeid=i","cat":284504},{"id":121096,"n":"Chocolat Peluche mix Kinder Ours - 133g","p":12.49,"u":"93,91 €/KG","img":"https://fd6-photos.leclercdrive.fr/image.ashx?id=1895392&use=l&cat=p&typeid=i","cat":327789},{"id":121097,"n":"Chocolat Peluche mix Kinder Mouton - 133g","p":12.49,"u":"93,91 €/KG","img":"https://fd6-photos.leclercdrive.fr/image.ashx?id=1895389&use=l&cat=p&typeid=i","cat":327789},{"id":121098,"n":"Chocolat Peluche mix Kinder Lapin - 133g","p":12.49,"u":"93,91 €/KG","img":"https://fd6-photos.leclercdrive.fr/image.ashx?id=1895386&use=l&cat=p&typeid=i","cat":327789},{"id":121101,"n":"Chocolat Peluche mix Kinder Flamant - 133g","p":12.49,"u":"93,91 €/KG","img":"https://fd6-photos.leclercdrive.fr/image.ashx?id=1895383&use=l&cat=p&typeid=i","cat":327789},{"id":121241,"n":"Pizza 5 formaggi Turini 380g","p":3.19,"u":"8,39 €/KG","img":"https://fd6-photos.leclercdrive.fr/image.ashx?id=2888950&use=l&cat=p&typeid=i","cat":333679},{"id":121242,"n":"Pizza Turini Prosciutto - 400g","p":2.89,"u":"7,23 €/KG","img":"https://fd6-photos.leclercdrive.fr/image.ashx?id=2888953&use=l&cat=p&typeid=i","cat":333679},{"id":121266,"n":"Chocolat en poudre Poulain Grand Arôme: 32% cacao - 450g","p":3.19,"u":"7,09 €/KG","img":"https://fd6-photos.leclercdrive.fr/image.ashx?id=2867116&use=l&cat=p&typeid=i","cat":293235},{"id":121274,"n":"Compotes Pom'Potes Gourdes  Pomme Fraise - 4x90g","p":2.12,"u":"5,89 €/KG","img":"https://fd6-photos.leclercdrive.fr/image.ashx?id=3010897&use=l&cat=p&typeid=i","cat":284508},{"id":121278,"n":"Chorizo extra fort César Moroni 200g","p":3.1,"u":"15,50 €/KG","img":"https://fd6-photos.leclercdrive.fr/image.ashx?id=2518091&use=l&cat=p&typeid=i","cat":316006},{"id":121315,"n":"Haché Happy Family Charal 20x80g - 1,6kg","p":17.72,"u":"11,08 €/KG","img":"https://fd6-photos.leclercdrive.fr/image.ashx?id=2739776&use=l&cat=p&typeid=i","cat":319778},{"id":121356,"n":"Dentifrice Original Parodontax Complete protect - 75ml","p":5.49,"u":"73,20 €/L","img":"https://fd6-photos.leclercdrive.fr/image.ashx?id=2546749&use=l&cat=p&typeid=i","cat":284612},{"id":121358,"n":"Dentifrice Blancheur Parodontax Complete protect - 75ml","p":5.75,"u":"76,67 €/L","img":"https://fd6-photos.leclercdrive.fr/image.ashx?id=2896393&use=l&cat=p&typeid=i","cat":284612},{"id":121380,"n":"Pain au chocolat  2x65g","p":1.5,"u":"11,54 €/KG","img":"https://fd6-photos.leclercdrive.fr/image.ashx?id=2070926&use=l&cat=p&typeid=i","cat":284984},{"id":121388,"n":"Sacs poubelle 20L Elembal Poignées coulissantes - x20","p":2.05,"u":"0,10 €/P","img":"https://fd6-photos.leclercdrive.fr/image.ashx?id=2958753&use=l&cat=p&typeid=i","cat":285168},{"id":121436,"n":"Crème anti-âge L'Oréal Paris Revitalift SPF 25 - 50ml","p":16.14,"u":"322,80 €/L","img":"https://fd6-photos.leclercdrive.fr/image.ashx?id=2853230&use=l&cat=p&typeid=i","cat":325345},{"id":121438,"n":"Sérum repulpant L'Oréal Paris Revitalift Anti-rides - 30ml","p":14.21,"u":"473,67 €/L","img":"https://fd6-photos.leclercdrive.fr/image.ashx?id=2926584&use=l&cat=p&typeid=i","cat":325345},{"id":121447,"n":"Flanbolo Haribo Sachet bonbons - 200g","p":2.02,"u":"10,10 €/KG","img":"https://fd6-photos.leclercdrive.fr/image.ashx?id=2806117&use=l&cat=p&typeid=i","cat":304250},{"id":121453,"n":"Ricola sans sucre citron vert Thé vert - 50g","p":2.16,"u":"43,20 €/KG","img":"https://fd6-photos.leclercdrive.fr/image.ashx?id=2382189&use=l&cat=p&typeid=i","cat":304256},{"id":121493,"n":"Gel nettoyant Syphon Javel canalisation - 1L","p":2.99,"u":"2,99 €/L","img":"https://fd6-photos.leclercdrive.fr/image.ashx?id=2917659&use=l&cat=p&typeid=i","cat":284908},{"id":121699,"n":"Farine semi-complète Bio Bio Village - 1kg","p":1.45,"u":"1,45 €/KG","img":"https://fd6-photos.leclercdrive.fr/image.ashx?id=2460045&use=l&cat=p&typeid=i","cat":284503},{"id":121708,"n":"Céréales fourrées P'tit Déli Chocolat noisette - 650g","p":3.08,"u":"4,74 €/KG","img":"https://fd6-photos.leclercdrive.fr/image.ashx?id=2840740&use=l&cat=p&typeid=i","cat":309513},{"id":121755,"n":"Dinosaure goût Ketchup 125g","p":1.41,"u":"11,28 €/KG","img":"https://fd6-photos.leclercdrive.fr/image.ashx?id=1879194&use=l&cat=p&typeid=i","cat":284449},{"id":121864,"n":"Thé Earl Grey Yaté x25- 45g","p":0.82,"u":"18,22 €/KG","img":"https://fd6-photos.leclercdrive.fr/image.ashx?id=2684748&use=l&cat=p&typeid=i","cat":293233},{"id":121992,"n":"Secret de mousse La laitière Chocolat Lait et Blanc - 4x59 g","p":1.43,"u":"6,06 €/KG","img":"https://fd6-photos.leclercdrive.fr/image.ashx?id=2729782&use=l&cat=p&typeid=i","cat":284417},{"id":122040,"n":"Douche crème Le Petit Olivier Lait de karité - 750ml","p":4.21,"u":"5,61 €/L","img":"https://fd6-photos.leclercdrive.fr/image.ashx?id=2144851&use=l&cat=p&typeid=i","cat":284594},{"id":122065,"n":"Biscuit pépite Nat&Vie Chocolat au lait - 200g","p":1.16,"u":"5,80 €/KG","img":"https://fd6-photos.leclercdrive.fr/image.ashx?id=1879927&use=l&cat=p&typeid=i","cat":318651},{"id":122092,"n":"Goûter bio Bio Village Fourrage cacao - 185g","p":2.02,"u":"10,92 €/KG","img":"https://fd6-photos.leclercdrive.fr/image.ashx?id=1879942&use=l&cat=p&typeid=i","cat":284488},{"id":122403,"n":"Patate douce bio Bio Village 500g","p":2.49,"u":"4,98 €/KG","img":"https://fd6-photos.leclercdrive.fr/image.ashx?id=2934805&use=l&cat=p&typeid=i","cat":284352},{"id":122419,"n":"Skyr Siggi's  Nature 0% MG - 2x140g","p":2.21,"u":"7,89 €/KG","img":"https://fd6-photos.leclercdrive.fr/image.ashx?id=2372412&use=l&cat=p&typeid=i","cat":315000},{"id":122420,"n":"Skyr Siggi's  Vanille - 2x140g","p":2.11,"u":"7,54 €/KG","img":"https://fd6-photos.leclercdrive.fr/image.ashx?id=2646119&use=l&cat=p&typeid=i","cat":315000},{"id":122435,"n":"Lardons supérieurs Bio Village bio Fumés - 2x60g","p":1.75,"u":"14,58 €/KG","img":"https://fd6-photos.leclercdrive.fr/image.ashx?id=2761983&use=l&cat=p&typeid=i","cat":316011},{"id":122528,"n":"Skyr Siggi's  Framboise - 2x140g","p":2.1,"u":"7,50 €/KG","img":"https://fd6-photos.leclercdrive.fr/image.ashx?id=2692095&use=l&cat=p&typeid=i","cat":315000},{"id":122529,"n":"Skyr Siggi's  Myrtille - 2x140g","p":2.17,"u":"7,75 €/KG","img":"https://fd6-photos.leclercdrive.fr/image.ashx?id=2692098&use=l&cat=p&typeid=i","cat":315000},{"id":122539,"n":"Débouche-évier Homeside 1 pièce","p":1.72,"img":"https://fd6-photos.leclercdrive.fr/image.ashx?id=2081104&use=l&cat=p&typeid=i","cat":284669},{"id":122676,"n":"Dentifrice Email Diamant Le Charbon - 75ml","p":3.9,"u":"52,00 €/L","img":"https://fd6-photos.leclercdrive.fr/image.ashx?id=2975960&use=l&cat=p&typeid=i","cat":284612},{"id":122721,"n":"Jambon cru fumé 4 tranches - 75g","p":1.65,"u":"22,00 €/KG","img":"https://fd6-photos.leclercdrive.fr/image.ashx?id=2939910&use=l&cat=p&typeid=i","cat":316007},{"id":122744,"n":"Roulade pistache 110g","p":1.9,"u":"17,27 €/KG","img":"https://fd6-photos.leclercdrive.fr/image.ashx?id=2204871&use=l&cat=p&typeid=i","cat":316007},{"id":122746,"n":"Salami Danoix 115g","p":1.8,"u":"15,65 €/KG","img":"https://fd6-photos.leclercdrive.fr/image.ashx?id=2734912&use=l&cat=p&typeid=i","cat":316007},{"id":122790,"n":"Chips Tuiles Pringles Hot Spicy - 175g","p":1.8,"u":"10,29 €/KG","img":"https://fd6-photos.leclercdrive.fr/image.ashx?id=2902295&use=l&cat=p&typeid=i","cat":287899},{"id":122792,"n":"Chips Tuiles Pringles Crème et Oignon - 175g","p":1.69,"u":"9,66 €/KG","img":"https://fd6-photos.leclercdrive.fr/image.ashx?id=2902292&use=l&cat=p&typeid=i","cat":287899},{"id":122808,"n":"Jeune pousse Panier du Primeur 125g","p":0.99,"u":"7,92 €/KG","img":"https://fd6-photos.leclercdrive.fr/image.ashx?id=2616060&use=l&cat=p&typeid=i","cat":284353},{"id":122809,"n":"Roquette Panier du Primeur 125g","p":1.29,"u":"10,32 €/KG","img":"https://fd6-photos.leclercdrive.fr/image.ashx?id=2616063&use=l&cat=p&typeid=i","cat":284353},{"id":122825,"n":"Sauce au poivre Rustica 245g","p":1.19,"u":"4,86 €/KG","img":"https://fd6-photos.leclercdrive.fr/image.ashx?id=2558829&use=l&cat=p&typeid=i","cat":318431},{"id":122895,"n":"Chips Tuiles Pringles Original - 175g","p":1.69,"u":"9,66 €/KG","img":"https://fd6-photos.leclercdrive.fr/image.ashx?id=2902298&use=l&cat=p&typeid=i","cat":287899},{"id":122899,"n":"Rasoirs jetables Gillette Blue 3 - x8","p":9.67,"u":"1,21 €/P","img":"https://fd6-photos.leclercdrive.fr/image.ashx?id=2901139&use=l&cat=p&typeid=i","cat":284616},{"id":122905,"n":"Shampooing antipelliculaire Vitanove cheveux normaux -250ml","p":1.68,"u":"6,72 €/L","img":"https://fd6-photos.leclercdrive.fr/image.ashx?id=1909525&use=l&cat=p&typeid=i","cat":284606},{"id":122912,"n":"Shampoing Déjaunisseur Dessange Cheveux Blancs et Gris - 250ml","p":3.13,"u":"12,52 €/L","img":"https://fd6-photos.leclercdrive.fr/image.ashx?id=2308054&use=l&cat=p&typeid=i","cat":284606},{"id":122930,"n":"Tortillas Old El Paso sans gluten x6 - 216g","p":3.05,"u":"14,12 €/KG","img":"https://fd6-photos.leclercdrive.fr/image.ashx?id=2737666&use=l&cat=p&typeid=i","cat":288993},{"id":122931,"n":"Kit Fajita Old El Paso sans gluten doux - 462g","p":5.8,"u":"12,55 €/KG","img":"https://fd6-photos.leclercdrive.fr/image.ashx?id=2759508&use=l&cat=p&typeid=i","cat":288993},{"id":122973,"n":"Jambon de Paris Tradilège Découenné - 2 tranches - 80g","p":1.2,"u":"15,00 €/KG","img":"https://fd6-photos.leclercdrive.fr/image.ashx?id=2994384&use=l&cat=p&typeid=i","cat":316009},{"id":122993,"n":"Quenelles de brochet Forestière Petit Jean - 2+1offert","p":4.1,"u":"3,42 €/KG","img":"https://fd6-photos.leclercdrive.fr/image.ashx?id=2953869&use=l&cat=p&typeid=i","cat":284441},{"id":122995,"n":"Triple secret des Moines Froment - 8°- 75cl","p":3.99,"u":"5,32 €/L","img":"https://fd6-photos.leclercdrive.fr/image.ashx?id=2908003&use=l&cat=p&typeid=i","cat":334872},{"id":123029,"n":"Poisson pané Colin Findus Extra croustillant - x2 250g","p":2.82,"u":"11,28 €/KG","img":"https://fd6-photos.leclercdrive.fr/image.ashx?id=3014548&use=l&cat=p&typeid=i","cat":319788},{"id":123062,"n":"Jambon de Paris Tradilège A l'étouffé - 160g","p":1.7,"u":"10,63 €/KG","img":"https://fd6-photos.leclercdrive.fr/image.ashx?id=2951143&use=l&cat=p&typeid=i","cat":316009},{"id":123063,"n":"Jambon de Paris Tradilège Découenné dégraissé x6 - 240g","p":2.39,"u":"9,96 €/KG","img":"https://fd6-photos.leclercdrive.fr/image.ashx?id=2951146&use=l&cat=p&typeid=i","cat":316009},{"id":123067,"n":"Jambon de Paris Tradilège Découenné dégraissé x10 - 400g","p":3.85,"u":"9,63 €/KG","img":"https://fd6-photos.leclercdrive.fr/image.ashx?id=2930787&use=l&cat=p&typeid=i","cat":316009},{"id":123069,"n":"Jambon de Paris Tradilège -25% de sel - 2 tranches - 70g","p":1.11,"u":"15,86 €/KG","img":"https://fd6-photos.leclercdrive.fr/image.ashx?id=2208606&use=l&cat=p&typeid=i","cat":316009},{"id":123070,"n":"Jambon de Paris Tradilège -25% de sel - 4 tranches - 140g","p":2.07,"u":"14,79 €/KG","img":"https://fd6-photos.leclercdrive.fr/image.ashx?id=2208609&use=l&cat=p&typeid=i","cat":316009},{"id":123071,"n":"Jambon de Paris Tradilège -25% de sel - 6 tranches - 210g","p":2.5,"u":"11,90 €/KG","img":"https://fd6-photos.leclercdrive.fr/image.ashx?id=2208612&use=l&cat=p&typeid=i","cat":316009},{"id":123074,"n":"Jambon supérieur Tradilège Découenné dégraissé x4 - 160g","p":2.21,"u":"13,81 €/KG","img":"https://fd6-photos.leclercdrive.fr/image.ashx?id=1914324&use=l&cat=p&typeid=i","cat":316009},{"id":123076,"n":"Jambon supérieur Tradilège Découenné dégraissé x6 - 240g","p":3.25,"u":"13,54 €/KG","img":"https://fd6-photos.leclercdrive.fr/image.ashx?id=1914327&use=l&cat=p&typeid=i","cat":316009},{"id":123106,"n":"Jambon supérieur Tradilège Avec couenne 6 tranches - 240g","p":3.1,"u":"12,92 €/KG","img":"https://fd6-photos.leclercdrive.fr/image.ashx?id=2970593&use=l&cat=p&typeid=i","cat":316009},{"id":123110,"n":"Jambon supérieur Tradilège Avec couenne -2 tranches - 80g","p":1.39,"u":"17,38 €/KG","img":"https://fd6-photos.leclercdrive.fr/image.ashx?id=2404190&use=l&cat=p&typeid=i","cat":316009},{"id":123121,"n":"Oeufs Marque rèpere De Nos Régions - x20","p":4.29,"u":"0,21 €/P","img":"https://fd6-photos.leclercdrive.fr/image.ashx?id=2969800&use=l&cat=p&typeid=i","cat":284378},{"id":123182,"n":"IGP Méditerranée vin rouge Cellier des Dauphins - BIB 5L","p":17.89,"u":"3,58 €/L","img":"https://fd6-photos.leclercdrive.fr/image.ashx?id=2104933&use=l&cat=p&typeid=i","cat":289560},{"id":123183,"n":"IGP Terres du Midi rosé Listel Cuvée St Louis - 75cl","p":5.04,"u":"6,72 €/L","img":"https://fd6-photos.leclercdrive.fr/image.ashx?id=2630382&use=l&cat=p&typeid=i","cat":289558},{"id":123257,"n":"Capsules café Plantation Lungo forte n°7 - x16 - 105g","p":3.35,"u":"31,90 €/KG","img":"https://fd6-photos.leclercdrive.fr/image.ashx?id=2649744&use=l&cat=p&typeid=i","cat":293239},{"id":123319,"n":"Spaghettini N°3 Barilla Qualité Supérieure - 500g","p":1.04,"u":"2,08 €/KG","img":"https://fd6-photos.leclercdrive.fr/image.ashx?id=2392197&use=l&cat=p&typeid=i","cat":284427},{"id":123340,"n":"IGP Pays d'Oc Vin rosé Lyv 12% vol - 75cl","p":6.93,"u":"9,24 €/L","img":"https://fd6-photos.leclercdrive.fr/image.ashx?id=2418819&use=l&cat=p&typeid=i","cat":289558},{"id":123358,"n":"Cordon bleu Marie 2x280g","p":5.37,"u":"9,59 €/KG","img":"https://fd6-photos.leclercdrive.fr/image.ashx?id=2331807&use=l&cat=p&typeid=i","cat":333665},{"id":123360,"n":"Pétales Tables du Monde A la crevette ASC - 50g","p":0.65,"u":"13,00 €/KG","img":"https://fd6-photos.leclercdrive.fr/image.ashx?id=3013639&use=l&cat=p&typeid=i","cat":288992},{"id":123369,"n":"Crème hydratante visage & corps 75 Ml","p":1.39,"u":"18,53 €/L","img":"https://fd6-photos.leclercdrive.fr/image.ashx?id=1890346&use=l&cat=p&typeid=i","cat":325345},{"id":123371,"n":"Déboucheur Syphon Spécial cheveux - 1L","p":2.26,"u":"2,26 €/L","img":"https://fd6-photos.leclercdrive.fr/image.ashx?id=2202473&use=l&cat=p&typeid=i","cat":284908},{"id":123373,"n":"Soin visage Carré Homme et barbe de 3 jours - 50ml","p":3.29,"u":"65,80 €/L","img":"https://fd6-photos.leclercdrive.fr/image.ashx?id=2489206&use=l&cat=p&typeid=i","cat":284622},{"id":123375,"n":"Gel Toilette Intime Neutre Intima Natural 200ml","p":3.43,"u":"17,15 €/L","img":"https://fd6-photos.leclercdrive.fr/image.ashx?id=2959865&use=l&cat=p&typeid=i","cat":284627},{"id":123384,"n":"Salade croquante Notre Jardin 250g","p":2.08,"u":"8,32 €/KG","img":"https://fd6-photos.leclercdrive.fr/image.ashx?id=2693318&use=l&cat=p&typeid=i","cat":284353},{"id":123386,"n":"Vin d'Union Européenne blanc François D'Aubigné - 6x25 cl","p":3.49,"u":"2,33 €/L","img":"https://fd6-photos.leclercdrive.fr/image.ashx?id=2896850&use=l&cat=p&typeid=i","cat":289557},{"id":123393,"n":"Bière sans alcool Tourtel Twist Agrume 0,0° - 6x27,5cl","p":4.17,"u":"2,53 €/L","img":"https://fd6-photos.leclercdrive.fr/image.ashx?id=2730736&use=l&cat=p&typeid=i","cat":334877},{"id":123397,"n":"Bière sans alcool Tourtel Twist Framboise 0,0° - 6x27,5cl","p":4.17,"u":"2,53 €/L","img":"https://fd6-photos.leclercdrive.fr/image.ashx?id=2886705&use=l&cat=p&typeid=i","cat":334877},{"id":123407,"n":"Bière sans alcool Tourtel Twist Citron 0,0° - 6x27,5cl","p":3.79,"u":"2,30 €/L","img":"https://fd6-photos.leclercdrive.fr/image.ashx?id=2886702&use=l&cat=p&typeid=i","cat":334877},{"id":123416,"n":"Soda Coca-Cola Original Bouteille - Pack 6x1,75L","p":14.24,"u":"1,36 €/L","img":"https://fd6-photos.leclercdrive.fr/image.ashx?id=2878333&use=l&cat=p&typeid=i","cat":284530},{"id":123418,"n":"Bière blonde Leffe sans alcool 0,0% - 6x25cl","p":5.07,"u":"3,38 €/L","img":"https://fd6-photos.leclercdrive.fr/image.ashx?id=2548303&use=l&cat=p&typeid=i","cat":334877},{"id":123422,"n":"Soda Coca-Cola Sans Sucres Bouteille - 1,75L","p":1.86,"u":"1,06 €/L","img":"https://fd6-photos.leclercdrive.fr/image.ashx?id=2971748&use=l&cat=p&typeid=i","cat":284530},{"id":123426,"n":"Sangria François d'Aubigne 7% vol - 1.5 L","p":2.41,"u":"1,61 €/L","img":"https://fd6-photos.leclercdrive.fr/image.ashx?id=2790865&use=l&cat=p&typeid=i","cat":286032},{"id":123434,"n":"Soda Schweppes Indian Tonic Zero - 6x33cl","p":4.01,"u":"2,03 €/L","img":"https://fd6-photos.leclercdrive.fr/image.ashx?id=2852420&use=l&cat=p&typeid=i","cat":284531},{"id":123436,"n":"Boisson fruit shoot Teisseire Tropical - 6x20cl","p":2.69,"u":"2,24 €/L","img":"https://fd6-photos.leclercdrive.fr/image.ashx?id=2858204&use=l&cat=p&typeid=i","cat":295018},{"id":123437,"n":"Boisson Fruit shoot Teisseire Multivamine - 6x20cl","p":2.72,"u":"2,27 €/L","img":"https://fd6-photos.leclercdrive.fr/image.ashx?id=2858201&use=l&cat=p&typeid=i","cat":295018},{"id":123448,"n":"Biscuits cacao Kinder Cards Au lait et au cacao 2x5 - 128g","p":3.55,"u":"13,87 €/KG","img":"https://fd6-photos.leclercdrive.fr/image.ashx?id=2672608&use=l&cat=p&typeid=i","cat":284488},{"id":123486,"n":"Pâtes Coquillage Panzani Créatives - 500G","p":1.37,"u":"2,74 €/KG","img":"https://fd6-photos.leclercdrive.fr/image.ashx?id=2902939&use=l&cat=p&typeid=i","cat":284427},{"id":123491,"n":"Crêpe fourrée Whaou Chocolat - x8 - 256g","p":2.08,"u":"8,13 €/KG","img":"https://fd6-photos.leclercdrive.fr/image.ashx?id=2962863&use=l&cat=p&typeid=i","cat":284494},{"id":123492,"n":"Crêpes Whaou! Chocolat x15 - 480g","p":3.67,"u":"7,65 €/KG","img":"https://fd6-photos.leclercdrive.fr/image.ashx?id=2986449&use=l&cat=p&typeid=i","cat":284494},{"id":123503,"n":"Yaourt fjord fromage blanc Nature - 4x125g","p":2.1,"u":"4,20 €/KG","img":"https://fd6-photos.leclercdrive.fr/image.ashx?id=2956993&use=l&cat=p&typeid=i","cat":284409},{"id":123504,"n":"Yaourt fjord fromage blanc Nature - 8x125g","p":3.33,"u":"3,33 €/KG","img":"https://fd6-photos.leclercdrive.fr/image.ashx?id=2653222&use=l&cat=p&typeid=i","cat":284409},{"id":123523,"n":"Tubes Copains Copines Arc-en-ciel - 200g","p":1.13,"u":"5,65 €/KG","img":"https://fd6-photos.leclercdrive.fr/image.ashx?id=2934739&use=l&cat=p&typeid=i","cat":304250},{"id":123540,"n":"Eau minérale naturelle Volvic 6x50cl","p":2.14,"u":"0,71 €/L","img":"https://fd6-photos.leclercdrive.fr/image.ashx?id=2730247&use=l&cat=p&typeid=i","cat":284535},{"id":123542,"n":"Eau minérale naturelle Evian  6x50cl","p":2.43,"u":"0,81 €/L","img":"https://fd6-photos.leclercdrive.fr/image.ashx?id=2969022&use=l&cat=p&typeid=i","cat":284535},{"id":123545,"n":"Quiche lorraine Marie Pur beurre - 400g","p":3.51,"u":"8,78 €/KG","img":"https://fd6-photos.leclercdrive.fr/image.ashx?id=2318546&use=l&cat=p&typeid=i","cat":333680},{"id":123550,"n":"Yaourt aux fruits brassés Velouté fruix Danone - 16x125g","p":4.29,"u":"2,15 €/KG","img":"https://fd6-photos.leclercdrive.fr/image.ashx?id=2912923&use=l&cat=p&typeid=i","cat":284410},{"id":123551,"n":"Yaourt aux fruits brassés Velouté fruix Danone - 12x125g","p":3.88,"u":"2,59 €/KG","img":"https://fd6-photos.leclercdrive.fr/image.ashx?id=2912929&use=l&cat=p&typeid=i","cat":284410},{"id":123552,"n":"Yaourt fruits rouges brassés Velouté fruix Danone - 8x125g","p":2.68,"u":"2,68 €/KG","img":"https://fd6-photos.leclercdrive.fr/image.ashx?id=2912932&use=l&cat=p&typeid=i","cat":284410},{"id":123553,"n":"Yaourt aux fruits velouté fruix Danone brassé fraise - 4x125g","p":1.84,"u":"3,68 €/KG","img":"https://fd6-photos.leclercdrive.fr/image.ashx?id=2911855&use=l&cat=p&typeid=i","cat":284410},{"id":123554,"n":"Yaourt aux fruits velouté fruix Danone brassé framboise -4x125g","p":1.83,"u":"3,66 €/KG","img":"https://fd6-photos.leclercdrive.fr/image.ashx?id=2911858&use=l&cat=p&typeid=i","cat":284410},{"id":123555,"n":"Yaourt fruits jaunes brassés Velouté fruix Danone - 8x125g","p":2.65,"u":"2,65 €/KG","img":"https://fd6-photos.leclercdrive.fr/image.ashx?id=2912926&use=l&cat=p&typeid=i","cat":284410},{"id":123606,"n":"Lessive liquide blanc Epsil 25 lavages - 1.25L","p":2.54,"u":"2,03 €/L","img":"https://fd6-photos.leclercdrive.fr/image.ashx?id=2838933&use=l&cat=p&typeid=i","cat":284640},{"id":123693,"n":"Pâtes Eco+ Vermicelles - 1kg","p":1.34,"u":"1,34 €/KG","img":"https://fd6-photos.leclercdrive.fr/image.ashx?id=2949400&use=l&cat=p&typeid=i","cat":284427},{"id":123710,"n":"Tomato Ketchup Zéro Heinz sans sucre ni sel - 425g","p":2.7,"u":"6,35 €/KG","img":"https://fd6-photos.leclercdrive.fr/image.ashx?id=2927723&use=l&cat=p&typeid=i","cat":284455},{"id":123717,"n":"Maqueraux Petit Navire Le Grillé - 110g","p":2.37,"u":"21,55 €/KG","img":"https://fd6-photos.leclercdrive.fr/image.ashx?id=2989066&use=l&cat=p&typeid=i","cat":303868},{"id":123924,"n":"Barres choco caram biscuit 348g","p":1.97,"u":"5,66 €/KG","img":"https://fd6-photos.leclercdrive.fr/image.ashx?id=2739721&use=l&cat=p&typeid=i","cat":284498},{"id":123960,"n":"Bière sans alcool Desperados Virgin - Agrumes 3x33cl","p":3.99,"u":"4,03 €/L","img":"https://fd6-photos.leclercdrive.fr/image.ashx?id=2977966&use=l&cat=p&typeid=i","cat":334877},{"id":124035,"n":"Jus de raisin ABC Eco+ 1L","p":0.98,"u":"0,98 €/L","img":"https://fd6-photos.leclercdrive.fr/image.ashx?id=2802275&use=l&cat=p&typeid=i","cat":284915},{"id":124047,"n":"Pilchards hareng Petit Pierre Tomate huile - 367g","p":2.4,"u":"6,54 €/KG","img":"https://fd6-photos.leclercdrive.fr/image.ashx?id=3004408&use=l&cat=p&typeid=i","cat":305147},{"id":124052,"n":"Nouilles de riz Table du monde 250g","p":1.99,"u":"7,96 €/KG","img":"https://fd6-photos.leclercdrive.fr/image.ashx?id=2679780&use=l&cat=p&typeid=i","cat":288992},{"id":124262,"n":"Le Champignon Émincé Épais Bonduelle Sans Sulfite 230g","p":1.96,"u":"8,52 €/KG","img":"https://fd6-photos.leclercdrive.fr/image.ashx?id=2915724&use=l&cat=p&typeid=i","cat":312610},{"id":124271,"n":"Morceaux de thon Eco+ A l'huile de tournesol - 130g","p":1.35,"u":"10,38 €/KG","img":"https://fd6-photos.leclercdrive.fr/image.ashx?id=2678529&use=l&cat=p&typeid=i","cat":303867},{"id":124374,"n":"Eau aromatisée Volvic bio Pamplemousse romarin - 75cl","p":1.58,"u":"2,11 €/L","img":"https://fd6-photos.leclercdrive.fr/image.ashx?id=2462514&use=l&cat=p&typeid=i","cat":284537},{"id":124375,"n":"Eau infusée Bio Volvic Concombre menthe - 75cl","p":1.55,"u":"2,07 €/L","img":"https://fd6-photos.leclercdrive.fr/image.ashx?id=2462517&use=l&cat=p&typeid=i","cat":284537},{"id":124496,"n":"Crème glacée Ben & Jerry's Choco Fudge Brownie - 408g","p":3.77,"u":"9,24 €/KG","img":"https://fd6-photos.leclercdrive.fr/image.ashx?id=2738050&use=l&cat=p&typeid=i","cat":284725},{"id":124499,"n":"Glace en Pot BEN & JERRY'S Vanilla Pecan Blondie - 465ml","p":4.43,"u":"10,70 €/KG","img":"https://fd6-photos.leclercdrive.fr/image.ashx?id=2832548&use=l&cat=p&typeid=i","cat":284725},{"id":124500,"n":"Crème glacée Ben & Jerry's Peanut butter - 425g","p":3.82,"u":"8,99 €/KG","img":"https://fd6-photos.leclercdrive.fr/image.ashx?id=3001524&use=l&cat=p&typeid=i","cat":284725},{"id":124594,"n":"Capsules Nescafé Dolce Gusto Espresso - x16","p":4.46,"u":"50,68 €/KG","img":"https://fd6-photos.leclercdrive.fr/image.ashx?id=2952025&use=l&cat=p&typeid=i","cat":293239},{"id":124595,"n":"Nutella Biscuit pâte à tartiner Cacao Noisettes - 166g","p":1.9,"u":"11,45 €/KG","img":"https://fd6-photos.leclercdrive.fr/image.ashx?id=2922200&use=l&cat=p&typeid=i","cat":284488},{"id":124617,"n":"Chocolat Peluche mix Kinder Kangourou - 133g","p":12.49,"u":"93,91 €/KG","img":"https://fd6-photos.leclercdrive.fr/image.ashx?id=1899696&use=l&cat=p&typeid=i","cat":327789},{"id":124618,"n":"Chocolat Peluche mix Kinder Jaguar  - 133g","p":12.49,"u":"93,91 €/KG","img":"https://fd6-photos.leclercdrive.fr/image.ashx?id=1899699&use=l&cat=p&typeid=i","cat":327789},{"id":124646,"n":"Bouchées à garnir Les 3 Toques x6 - 159g","p":1.46,"u":"9,18 €/KG","img":"https://fd6-photos.leclercdrive.fr/image.ashx?id=2007938&use=l&cat=p&typeid=i","cat":284441},{"id":124656,"n":"Wrap Poulet Côté Snack Caesar - 190g","p":2.49,"u":"13,11 €/KG","img":"https://fd6-photos.leclercdrive.fr/image.ashx?id=2883014&use=l&cat=p&typeid=i","cat":333658},{"id":124670,"n":"Pain de mie complet Jacquet Maxi - Sans sucre ajouté - 550g","p":1.38,"u":"2,51 €/KG","img":"https://fd6-photos.leclercdrive.fr/image.ashx?id=2935708&use=l&cat=p&typeid=i","cat":284477},{"id":124671,"n":"Pain de mie Sans croûte Jacquet Sans sucre ajouté - 475g","p":1.77,"u":"3,73 €/KG","img":"https://fd6-photos.leclercdrive.fr/image.ashx?id=2919754&use=l&cat=p&typeid=i","cat":284477},{"id":124694,"n":"Saucisson Mini Justin Bridou  Bâton de Berger nature - 160g","p":3.23,"u":"20,19 €/KG","img":"https://fd6-photos.leclercdrive.fr/image.ashx?id=2921786&use=l&cat=p&typeid=i","cat":316006},{"id":124714,"n":"Combinés gratte éponges Spontex x3","p":2.78,"u":"0,93 €/P","img":"https://fd6-photos.leclercdrive.fr/image.ashx?id=2968895&use=l&cat=p&typeid=i","cat":284667},{"id":124723,"n":"Champignon Bonduelle Emincé - 3x115g","p":2.74,"u":"7,94 €/KG","img":"https://fd6-photos.leclercdrive.fr/image.ashx?id=2913121&use=l&cat=p&typeid=i","cat":312610},{"id":124743,"n":"Gratte éponge Spontex anti bactérien - x2","p":1.94,"u":"0,97 €/P","img":"https://fd6-photos.leclercdrive.fr/image.ashx?id=2973081&use=l&cat=p&typeid=i","cat":284667},{"id":124744,"n":"Gratte éponge Spontex x3","p":2.81,"u":"0,94 €/P","img":"https://fd6-photos.leclercdrive.fr/image.ashx?id=2973084&use=l&cat=p&typeid=i","cat":284667},{"id":124762,"n":"Biscuit Milka Chocolat pause - 3x260g","p":4.41,"pp":3.09,"u":"3,96 €/KG","img":"https://fd6-photos.leclercdrive.fr/image.ashx?id=2680377&use=l&cat=p&typeid=i","cat":284488},{"id":124764,"n":"Biscuit Moooo Milka Au chocolat - 3x200g","p":4.41,"pp":3.09,"u":"5,15 €/KG","img":"https://fd6-photos.leclercdrive.fr/image.ashx?id=2192578&use=l&cat=p&typeid=i","cat":284488},{"id":124787,"n":"Shampooing sec Batiste Volume - 200ml","p":4.84,"u":"24,20 €/L","img":"https://fd6-photos.leclercdrive.fr/image.ashx?id=2557979&use=l&cat=p&typeid=i","cat":289143},{"id":124791,"n":"Serviette Nana Maxi goodnight - x12","p":2.03,"u":"0,17 €/P","img":"https://fd6-photos.leclercdrive.fr/image.ashx?id=2806402&use=l&cat=p&typeid=i","cat":284624},{"id":124794,"n":"Serviettes Tena Men Level 1 - x12","p":4.58,"u":"0,38 €/P","img":"https://fd6-photos.leclercdrive.fr/image.ashx?id=2428570&use=l&cat=p&typeid=i","cat":291514},{"id":124795,"n":"Protège lingerie Nana Extra long - x24","p":2.0,"u":"0,08 €/P","img":"https://fd6-photos.leclercdrive.fr/image.ashx?id=2968499&use=l&cat=p&typeid=i","cat":284625},{"id":124853,"n":"Essence de terebenthine Mieuxa 1L","p":9.61,"u":"9,61 €/L","img":"https://fd6-photos.leclercdrive.fr/image.ashx?id=2277023&use=l&cat=p&typeid=i","cat":300576},{"id":124854,"n":"Huile de lin Mieuxa 1L","p":6.57,"u":"6,57 €/L","img":"https://fd6-photos.leclercdrive.fr/image.ashx?id=2277026&use=l&cat=p&typeid=i","cat":300576},{"id":124874,"n":"Crème glacée Ben & Jerry's  Caramel Brownie Party - 405g","p":3.91,"u":"9,65 €/KG","img":"https://fd6-photos.leclercdrive.fr/image.ashx?id=2773889&use=l&cat=p&typeid=i","cat":284725},{"id":124896,"n":"KINDER JOY Chocolat au lait - 3x20g","p":3.22,"u":"53,67 €/KG","img":"https://fd6-photos.leclercdrive.fr/image.ashx?id=2971769&use=l&cat=p&typeid=i","cat":284958},{"id":124901,"n":"Pâte à tartiner Nutella 630g","p":4.74,"u":"7,52 €/KG","img":"https://fd6-photos.leclercdrive.fr/image.ashx?id=2968841&use=l&cat=p&typeid=i","cat":284481},{"id":124902,"n":"Eponges végétales Eco+ x2","p":0.46,"u":"0,23 €/P","img":"https://fd6-photos.leclercdrive.fr/image.ashx?id=2770242&use=l&cat=p&typeid=i","cat":284667},{"id":124903,"n":"Laque fixation forte Eco+ 400ml","p":1.11,"u":"2,78 €/L","img":"https://fd6-photos.leclercdrive.fr/image.ashx?id=2270223&use=l&cat=p&typeid=i","cat":284609},{"id":124904,"n":"Liquide allume-feu Eco+ 1L","p":2.92,"u":"2,92 €/L","img":"https://fd6-photos.leclercdrive.fr/image.ashx?id=1901698&use=l&cat=p&typeid=i","cat":300577},{"id":124905,"n":"Sacs poubelle coulissants Eco+ 30 l - x20","p":1.23,"u":"0,06 €/P","img":"https://fd6-photos.leclercdrive.fr/image.ashx?id=2756989&use=l&cat=p&typeid=i","cat":285168},{"id":124906,"n":"Sacs poubelle Eco+ 50L Coulissants - x25","p":2.22,"u":"0,09 €/P","img":"https://fd6-photos.leclercdrive.fr/image.ashx?id=2775700&use=l&cat=p&typeid=i","cat":285168},{"id":124909,"n":"Culotte Enuresie Mots d'Enfants 4-7 ans -17-30 kg - x15","p":9.49,"u":"0,63 €/P","img":"https://fd6-photos.leclercdrive.fr/image.ashx?id=2704496&use=l&cat=p&typeid=i","cat":290633},{"id":124910,"n":"Culotte Enuresie Mots d'enfants 8/15 ans -27/57 kg- x12","p":9.49,"u":"0,79 €/P","img":"https://fd6-photos.leclercdrive.fr/image.ashx?id=2791335&use=l&cat=p&typeid=i","cat":290633},{"id":124912,"n":"Insecticide Insectivor Anti-acariens puce- 400ml","p":4.99,"u":"12,48 €/L","img":"https://fd6-photos.leclercdrive.fr/image.ashx?id=2805051&use=l&cat=p&typeid=i","cat":298368},{"id":124913,"n":"Insecticide Insectivor Volant/rampant - 400ml","p":3.95,"u":"9,88 €/L","img":"https://fd6-photos.leclercdrive.fr/image.ashx?id=2582990&use=l&cat=p&typeid=i","cat":298368},{"id":124923,"n":"Croquettes chat stérilisé  Ultima Nature bœuf – 1,1kg","p":7.24,"u":"6,58 €/KG","img":"https://fd6-photos.leclercdrive.fr/image.ashx?id=2629884&use=l&cat=p&typeid=i","cat":284680},{"id":124924,"n":"Croquettes chat Ultima Nature Sans céréales - Dinde- 1.1kg","p":7.18,"u":"6,53 €/KG","img":"https://fd6-photos.leclercdrive.fr/image.ashx?id=2929218&use=l&cat=p&typeid=i","cat":284680},{"id":124926,"n":"Sacs poubelle container Elembal 120L - x10","p":3.99,"u":"0,40 €/P","img":"https://fd6-photos.leclercdrive.fr/image.ashx?id=2898272&use=l&cat=p&typeid=i","cat":285168},{"id":124927,"n":"Sacs gravats Elembal 50L - X5","p":4.22,"u":"0,02 €/L","img":"https://fd6-photos.leclercdrive.fr/image.ashx?id=2793278&use=l&cat=p&typeid=i","cat":285168},{"id":124929,"n":"Insecticide Insectivor Antivolant végétal - 400ml","p":2.71,"u":"6,78 €/L","img":"https://fd6-photos.leclercdrive.fr/image.ashx?id=2673999&use=l&cat=p&typeid=i","cat":298368},{"id":124930,"n":"Sacs poubelle Elembal Coulissants spécial tri 50L-x10","p":2.19,"u":"0,22 €/P","img":"https://fd6-photos.leclercdrive.fr/image.ashx?id=2958756&use=l&cat=p&typeid=i","cat":285168},{"id":124936,"n":"Serviettes hygiéniques Eco+ Normales Ultra minces - x14","p":0.52,"u":"0,04 €/P","img":"https://fd6-photos.leclercdrive.fr/image.ashx?id=2809686&use=l&cat=p&typeid=i","cat":284624},{"id":124956,"n":"Shampooing cheveux colorés Eco+ 300ml","p":1.08,"u":"3,60 €/L","img":"https://fd6-photos.leclercdrive.fr/image.ashx?id=1901876&use=l&cat=p&typeid=i","cat":284606},{"id":124957,"n":"Serviettes hygiéniques Eco+ Normales - x20","p":0.7,"u":"0,04 €/P","img":"https://fd6-photos.leclercdrive.fr/image.ashx?id=2824742&use=l&cat=p&typeid=i","cat":284624},{"id":124959,"n":"Shampooing sec Nateïs Pomme - 150ml","p":2.16,"u":"14,40 €/L","img":"https://fd6-photos.leclercdrive.fr/image.ashx?id=2843602&use=l&cat=p&typeid=i","cat":289143},{"id":124962,"n":"Sacs poubelle Elembal Salle de bain 5L - x40","p":1.82,"u":"0,05 €/P","img":"https://fd6-photos.leclercdrive.fr/image.ashx?id=2793284&use=l&cat=p&typeid=i","cat":285168},{"id":124986,"n":"Yaourt à boire framboise menthe Michel et Augustin - 500ml","p":2.61,"u":"5,22 €/MT","img":"https://fd6-photos.leclercdrive.fr/image.ashx?id=2195695&use=l&cat=p&typeid=i","cat":284415},{"id":125144,"n":"Fromage Apéritif St Môret Saumon Fumé x20 - 100G","p":2.74,"u":"27,40 €/KG","img":"https://fd6-photos.leclercdrive.fr/image.ashx?id=2734828&use=l&cat=p&typeid=i","cat":314027},{"id":125216,"n":"Cacahuètes Eco+ Grillées à sec - 150g","p":0.46,"u":"3,07 €/KG","img":"https://fd6-photos.leclercdrive.fr/image.ashx?id=2780710&use=l&cat=p&typeid=i","cat":284448},{"id":125217,"n":"Soufflés Eco+ Goût fromage - 100g","p":0.54,"u":"5,40 €/KG","img":"https://fd6-photos.leclercdrive.fr/image.ashx?id=2887392&use=l&cat=p&typeid=i","cat":284449},{"id":125218,"n":"Cacahuètes Eco  Grillées et salées - 250g","p":0.72,"u":"2,88 €/KG","img":"https://fd6-photos.leclercdrive.fr/image.ashx?id=2836801&use=l&cat=p&typeid=i","cat":284448},{"id":125223,"n":"Pistaches grillées à sec Eco+ 200g","p":2.58,"u":"12,90 €/KG","img":"https://fd6-photos.leclercdrive.fr/image.ashx?id=2746784&use=l&cat=p&typeid=i","cat":284448},{"id":125225,"n":"Chips nature Eco+ 6x30g","p":1.23,"u":"6,83 €/KG","img":"https://fd6-photos.leclercdrive.fr/image.ashx?id=2943599&use=l&cat=p&typeid=i","cat":284447},{"id":125227,"n":"Mini cookies P'tit Déli 160g","p":1.49,"u":"9,31 €/KG","img":"https://fd6-photos.leclercdrive.fr/image.ashx?id=2932426&use=l&cat=p&typeid=i","cat":325066},{"id":125235,"n":"Tartelette framboise P'tit Déli 150g","p":1.3,"u":"8,67 €/KG","img":"https://fd6-photos.leclercdrive.fr/image.ashx?id=2683922&use=l&cat=p&typeid=i","cat":284489},{"id":125238,"n":"Cookies P'tit Déli Chocolat noisette - 200g","p":1.69,"u":"8,45 €/KG","img":"https://fd6-photos.leclercdrive.fr/image.ashx?id=1943253&use=l&cat=p&typeid=i","cat":325066},{"id":125328,"n":"Ketchup Rustica Nature - 560g","p":1.25,"u":"2,23 €/KG","img":"https://fd6-photos.leclercdrive.fr/image.ashx?id=2870050&use=l&cat=p&typeid=i","cat":284455},{"id":125383,"n":"Comté fromage râpé Les Croisés 130g","p":1.95,"u":"15,00 €/KG","img":"https://fd6-photos.leclercdrive.fr/image.ashx?id=2897820&use=l&cat=p&typeid=i","cat":314035},{"id":125389,"n":"Dégraissant cuisine Sanytol 500ml","p":2.44,"u":"4,88 €/L","img":"https://fd6-photos.leclercdrive.fr/image.ashx?id=2899356&use=l&cat=p&typeid=i","cat":325357},{"id":125416,"n":"Vinaigre nettoyant ménager surpuissant - 1L","p":1.57,"u":"1,57 €/L","img":"https://fd6-photos.leclercdrive.fr/image.ashx?id=2456759&use=l&cat=p&typeid=i","cat":325365},{"id":125431,"n":"Granola Bio Bjorg Chocolat - 350g","p":4.46,"u":"12,74 €/KG","img":"https://fd6-photos.leclercdrive.fr/image.ashx?id=2906217&use=l&cat=p&typeid=i","cat":309512},{"id":125571,"n":"Yaourt bifidus Activia muesli Chocolat noisette - 170g","p":2.1,"img":"https://fd6-photos.leclercdrive.fr/image.ashx?id=2965891&use=l&cat=p&typeid=i","cat":315000},{"id":125723,"n":"Céréales fourées P'tit Déli Tout chocolat - 650g","p":2.89,"u":"4,45 €/KG","img":"https://fd6-photos.leclercdrive.fr/image.ashx?id=2878603&use=l&cat=p&typeid=i","cat":309513},{"id":125914,"n":"Fromages frais Pat'patrouille Yoplait goûts fruits - 12x50g","p":1.68,"u":"2,80 €/KG","img":"https://fd6-photos.leclercdrive.fr/image.ashx?id=2733685&use=l&cat=p&typeid=i","cat":284414},{"id":125916,"n":"Fromages frais Pat'Patrouille Yoplait goûts fruits - 24x50g","p":3.37,"u":"2,81 €/KG","img":"https://fd6-photos.leclercdrive.fr/image.ashx?id=2733688&use=l&cat=p&typeid=i","cat":284414},{"id":125958,"n":"Chips Bret's Saveur vinaigre - 125g","p":1.21,"u":"9,68 €/KG","img":"https://fd6-photos.leclercdrive.fr/image.ashx?id=1925081&use=l&cat=p&typeid=i","cat":284447},{"id":125966,"n":"Chips Tyrrell's Sel et poivre - 150g","p":2.19,"u":"14,60 €/KG","img":"https://fd6-photos.leclercdrive.fr/image.ashx?id=2884777&use=l&cat=p&typeid=i","cat":284447},{"id":126114,"n":"Arachide coque grillée Maître Prunille - 500g","p":3.88,"u":"7,76 €/KG","img":"https://fd6-photos.leclercdrive.fr/image.ashx?id=2660056&use=l&cat=p&typeid=i","cat":284357},{"id":126139,"n":"Chips  Sel de mer Tyrell's Saveur vinaigre - 150g","p":2.19,"u":"14,60 €/KG","img":"https://fd6-photos.leclercdrive.fr/image.ashx?id=2941865&use=l&cat=p&typeid=i","cat":284447},{"id":126140,"n":"Chips Tyrells Piment doux et poivron - 150g","p":2.19,"u":"14,60 €/KG","img":"https://fd6-photos.leclercdrive.fr/image.ashx?id=2225657&use=l&cat=p&typeid=i","cat":284447},{"id":126178,"n":"Riz long thaï Eco+ 1kg","p":1.61,"u":"1,61 €/KG","img":"https://fd6-photos.leclercdrive.fr/image.ashx?id=2799751&use=l&cat=p&typeid=i","cat":284428},{"id":126181,"n":"Chocolat Daim 140g","p":2.55,"u":"18,21 €/KG","img":"https://fd6-photos.leclercdrive.fr/image.ashx?id=2506918&use=l&cat=p&typeid=i","cat":304250},{"id":126186,"n":"Riz rond Eco+ 1kg","p":1.77,"u":"1,77 €/KG","img":"https://fd6-photos.leclercdrive.fr/image.ashx?id=2704594&use=l&cat=p&typeid=i","cat":284428},{"id":126187,"n":"Biscuits Lotus Biscoff Fourré Crème saveur chocolat 150g","p":1.86,"u":"12,40 €/KG","img":"https://fd6-photos.leclercdrive.fr/image.ashx?id=2859818&use=l&cat=p&typeid=i","cat":284487},{"id":126207,"n":"Galette St Michel 520g","p":3.32,"u":"6,38 €/KG","img":"https://fd6-photos.leclercdrive.fr/image.ashx?id=2936221&use=l&cat=p&typeid=i","cat":284487},{"id":126310,"n":"Crème dépilatoire Pure Veet Corps Peaux normales 200ml","p":4.76,"u":"23,80 €/L","img":"https://fd6-photos.leclercdrive.fr/image.ashx?id=3014437&use=l&cat=p&typeid=i","cat":325351},{"id":126314,"n":"Crème dépilatoire Pure Veet Corps Peaux sensibles 200ml","p":4.51,"u":"22,55 €/L","img":"https://fd6-photos.leclercdrive.fr/image.ashx?id=2965692&use=l&cat=p&typeid=i","cat":325351},{"id":126316,"n":"Cire Chaude au Sucre Pure Veet 100% d'Origine Naturelle 250ml","p":4.54,"u":"18,16 €/L","img":"https://fd6-photos.leclercdrive.fr/image.ashx?id=2990430&use=l&cat=p&typeid=i","cat":325351},{"id":126396,"n":"Bière sans alcool Kronenbourg Pur Malt 0,4° - 12x25cl","p":6.04,"u":"2,01 €/L","img":"https://fd6-photos.leclercdrive.fr/image.ashx?id=2992756&use=l&cat=p&typeid=i","cat":334877},{"id":126421,"n":"Biscuits Figolu LU Figue - 192g","p":1.46,"u":"7,60 €/KG","img":"https://fd6-photos.leclercdrive.fr/image.ashx?id=2967950&use=l&cat=p&typeid=i","cat":284489},{"id":126424,"n":"Biscuits Sprits sablés Delacre Chocolat au lait - 200g","p":1.75,"u":"8,75 €/KG","img":"https://fd6-photos.leclercdrive.fr/image.ashx?id=2855873&use=l&cat=p&typeid=i","cat":284488},{"id":126430,"n":"Dosettes café Senseo Milka x8","p":2.91,"u":"25,98 €/KG","img":"https://fd6-photos.leclercdrive.fr/image.ashx?id=2127012&use=l&cat=p&typeid=i","cat":293238},{"id":126478,"n":"Morceaux Thon PETIT NAVIRE 160g Nature Démarche Responsable","p":1.62,"u":"14,46 €/KG","img":"https://fd6-photos.leclercdrive.fr/image.ashx?id=2549453&use=l&cat=p&typeid=i","cat":303867},{"id":126519,"n":"Bloc WC Bref Color Activ+  Marine toilettes - 50g x1","p":1.91,"u":"382,00 €/KG","img":"https://fd6-photos.leclercdrive.fr/image.ashx?id=2890112&use=l&cat=p&typeid=i","cat":284662},{"id":126540,"n":"Citron jaune Eco+  Filet 500g","p":0.99,"u":"1,98 €/KG","img":"https://fd6-photos.leclercdrive.fr/image.ashx?id=2619807&use=l&cat=p&typeid=i","cat":284356},{"id":126570,"n":"Soda Sprite Original  Bouteille  - 1.25L","p":1.29,"u":"1,03 €/L","img":"https://fd6-photos.leclercdrive.fr/image.ashx?id=2796989&use=l&cat=p&typeid=i","cat":284531},{"id":126571,"n":"Gaufres de Liège Lotus 315g","p":1.92,"u":"6,10 €/KG","img":"https://fd6-photos.leclercdrive.fr/image.ashx?id=2694995&use=l&cat=p&typeid=i","cat":294777},{"id":126578,"n":"Poires Eco+ Barquette 1kg","p":2.49,"u":"2,49 €/KG","img":"https://fd6-photos.leclercdrive.fr/image.ashx?id=2909374&use=l&cat=p&typeid=i","cat":284356},{"id":126581,"n":"Pommes jaunes Eco+ Sachet 2kg","p":2.99,"u":"1,50 €/KG","img":"https://fd6-photos.leclercdrive.fr/image.ashx?id=2441890&use=l&cat=p&typeid=i","cat":284356},{"id":126583,"n":"Kiwi vert Eco+ Barquette 1kg","p":3.99,"u":"3,99 €/KG","img":"https://fd6-photos.leclercdrive.fr/image.ashx?id=2922373&use=l&cat=p&typeid=i","cat":284356},{"id":126586,"n":"Tomate cerise Eco+ Barquette 250g","p":0.99,"u":"3,96 €/KG","img":"https://fd6-photos.leclercdrive.fr/image.ashx?id=2968067&use=l&cat=p&typeid=i","cat":284352},{"id":126601,"n":"Biscuits à thé Delacre Tea Time Boîte Assortiment - 300g","p":4.98,"u":"16,60 €/KG","img":"https://fd6-photos.leclercdrive.fr/image.ashx?id=2867972&use=l&cat=p&typeid=i","cat":284490},{"id":126613,"n":"Kiwis Panier du Primeur Mûrs à point x6","p":3.99,"u":"0,67 €/P","img":"https://fd6-photos.leclercdrive.fr/image.ashx?id=2955050&use=l&cat=p&typeid=i","cat":284356},{"id":126621,"n":"Fromage à tartiner Eco + 26%mg - 150g","p":0.81,"u":"5,40 €/KG","img":"https://fd6-photos.leclercdrive.fr/image.ashx?id=2843033&use=l&cat=p&typeid=i","cat":314029},{"id":126643,"n":"Gaufres de liège Lotus Chocolat - 363g","p":2.99,"u":"8,24 €/KG","img":"https://fd6-photos.leclercdrive.fr/image.ashx?id=2859824&use=l&cat=p&typeid=i","cat":294777},{"id":126646,"n":"Gaufres de liège Lotus Chocolat au lait - 363g","p":3.12,"u":"8,60 €/KG","img":"https://fd6-photos.leclercdrive.fr/image.ashx?id=2859827&use=l&cat=p&typeid=i","cat":294777},{"id":126652,"n":"Pavés fondants camembert Président - 200g","p":3.55,"u":"17,75 €/KG","img":"https://fd6-photos.leclercdrive.fr/image.ashx?id=2856091&use=l&cat=p&typeid=i","cat":314027},{"id":126654,"n":"Fromage de Chèvre Saint Loup  Bûche Affinée - 180g","p":2.39,"u":"13,28 €/KG","img":"https://fd6-photos.leclercdrive.fr/image.ashx?id=2763322&use=l&cat=p&typeid=i","cat":314031},{"id":126655,"n":"Rillettes de thon aux olives  Ronde des Mers - 125g","p":1.68,"u":"13,44 €/KG","img":"https://fd6-photos.leclercdrive.fr/image.ashx?id=2436705&use=l&cat=p&typeid=i","cat":303867},{"id":126658,"n":"Poisson pané Colin Alaska  Findus MSC herbes ail x2 - 225g","p":3.01,"u":"13,38 €/KG","img":"https://fd6-photos.leclercdrive.fr/image.ashx?id=2650699&use=l&cat=p&typeid=i","cat":319788},{"id":126659,"n":"Fromage fondu Eco+ 24 portions - 400g","p":2.45,"u":"6,13 €/KG","img":"https://fd6-photos.leclercdrive.fr/image.ashx?id=2415746&use=l&cat=p&typeid=i","cat":314030},{"id":126765,"n":"Mascara Maybelline New York Big Shot Daring Black nu - x1","p":9.0,"img":"https://fd6-photos.leclercdrive.fr/image.ashx?id=2344165&use=l&cat=p&typeid=i","cat":287029},{"id":126804,"n":"Lotus Biscoff Glace Speculoos  Chocolat lait 284g (4x90ml)","p":4.14,"u":"14,58 €/KG","img":"https://fd6-photos.leclercdrive.fr/image.ashx?id=2683280&use=l&cat=p&typeid=i","cat":284265},{"id":126817,"n":"Filet de poulet extra tendre Le Gaulois - 300g","p":4.82,"u":"16,07 €/KG","img":"https://fd6-photos.leclercdrive.fr/image.ashx?id=2304707&use=l&cat=p&typeid=i","cat":284336},{"id":126918,"n":"Kaki 1p","p":0.79,"img":"https://fd6-photos.leclercdrive.fr/image.ashx?id=1628367&use=l&cat=p&typeid=i","cat":284356},{"id":126940,"n":"Pâté de foie 2x75g - 150g","p":1.89,"u":"12,60 €/KG","img":"https://fd6-photos.leclercdrive.fr/image.ashx?id=2107925&use=l&cat=p&typeid=i","cat":316008},{"id":126960,"n":"Cheeseburgers Côté Croc x6 - 780g","p":6.29,"u":"8,06 €/KG","img":"https://fd6-photos.leclercdrive.fr/image.ashx?id=2077373&use=l&cat=p&typeid=i","cat":319822},{"id":126987,"n":"Avocats Eco+ Filet x3","p":1.99,"u":"0,66 €/P","img":"https://fd6-photos.leclercdrive.fr/image.ashx?id=2373009&use=l&cat=p&typeid=i","cat":284352},{"id":126990,"n":"Carottes Eco+ Sachet de 2kg","p":1.89,"u":"0,95 €/KG","img":"https://fd6-photos.leclercdrive.fr/image.ashx?id=2832619&use=l&cat=p&typeid=i","cat":284352},{"id":126994,"n":"Céleri rave 1p","p":1.99,"img":"https://fd6-photos.leclercdrive.fr/image.ashx?id=1631904&use=l&cat=p&typeid=i","cat":284352},{"id":126996,"n":"Radis rose botte x1","p":1.19,"img":"https://fd6-photos.leclercdrive.fr/image.ashx?id=1100182&use=l&cat=p&typeid=i","cat":284352},{"id":127021,"n":"Chou blanc 1p","p":1.79,"img":"https://fd6-photos.leclercdrive.fr/image.ashx?id=560849&use=l&cat=p&typeid=i","cat":284352},{"id":127026,"n":"Chou frisé 1p","p":1.99,"img":"https://fd6-photos.leclercdrive.fr/image.ashx?id=560851&use=l&cat=p&typeid=i","cat":284352},{"id":127027,"n":"Bouchées Feuilletées 3 Toques x12 - 318g","p":2.29,"u":"7,20 €/KG","img":"https://fd6-photos.leclercdrive.fr/image.ashx?id=1913859&use=l&cat=p&typeid=i","cat":284441},{"id":127215,"n":"Litière chats Tranquille Cristaux fins - 3.7L","p":6.09,"u":"1,65 €/L","img":"https://fd6-photos.leclercdrive.fr/image.ashx?id=1934850&use=l&cat=p&typeid=i","cat":284683},{"id":127396,"n":"Soin de jour Diadermine Lift+ Lissage Immédiat - 50 ml","p":7.85,"u":"157,00 €/L","img":"https://fd6-photos.leclercdrive.fr/image.ashx?id=2551111&use=l&cat=p&typeid=i","cat":325345},{"id":127430,"n":"Céréales fourrées P'tit Déli Chocolat au lait - 450g","p":2.58,"u":"5,73 €/KG","img":"https://fd6-photos.leclercdrive.fr/image.ashx?id=2824713&use=l&cat=p&typeid=i","cat":309513},{"id":127432,"n":"Vol-au-Vent Gourmet beurre - x4 - 160g","p":3.5,"u":"21,88 €/KG","img":"https://fd6-photos.leclercdrive.fr/image.ashx?id=1915524&use=l&cat=p&typeid=i","cat":284441},{"id":127475,"n":"Lait bébé en poudre Blédilait croissance 1-3 ans 900g","p":11.15,"u":"12,39 €/KG","img":"https://fd6-photos.leclercdrive.fr/image.ashx?id=2848587&use=l&cat=p&typeid=i","cat":290219},{"id":127479,"n":"Saucisson de cheval Vasseur 300g","p":2.9,"u":"9,67 €/KG","img":"https://fd6-photos.leclercdrive.fr/image.ashx?id=2059780&use=l&cat=p&typeid=i","cat":316006},{"id":127537,"n":"Nettoyant l'Arbre Vert spray vitre -740ml","p":2.2,"u":"2,97 €/L","img":"https://fd6-photos.leclercdrive.fr/image.ashx?id=2812867&use=l&cat=p&typeid=i","cat":325363},{"id":127556,"n":"Litière chats Tranquille Cristale charbon actif - 4L","p":6.11,"u":"1,53 €/L","img":"https://fd6-photos.leclercdrive.fr/image.ashx?id=2421874&use=l&cat=p&typeid=i","cat":284683},{"id":127616,"n":"Feuilles simples Oxford 21x29,7cm- 300pages","p":2.74,"img":"https://fd6-photos.leclercdrive.fr/image.ashx?id=2992717&use=l&cat=p&typeid=i","cat":284697},{"id":127620,"n":"Feuilles simples Oxford 21x29,7cm - 300pages","p":3.37,"img":"https://fd6-photos.leclercdrive.fr/image.ashx?id=2755255&use=l&cat=p&typeid=i","cat":284697},{"id":127627,"n":"Copies doubles Oxford 300pages 21x29,7cm - Feuilles blanches","p":3.44,"img":"https://fd6-photos.leclercdrive.fr/image.ashx?id=2946886&use=l&cat=p&typeid=i","cat":284697},{"id":128018,"n":"Stylo plume Esquisse Licorne - + 2 effaceurs","p":2.64,"img":"https://fd6-photos.leclercdrive.fr/image.ashx?id=1935984&use=l&cat=p&typeid=i","cat":284696},{"id":128019,"n":"Stylo plume Esquisse Skate - + 2 effaceurs","p":2.64,"img":"https://fd6-photos.leclercdrive.fr/image.ashx?id=1935987&use=l&cat=p&typeid=i","cat":284696},{"id":128020,"n":"Stylo plume Esquisse Géométrie - + 2 effaceurs","p":2.64,"img":"https://fd6-photos.leclercdrive.fr/image.ashx?id=1935990&use=l&cat=p&typeid=i","cat":284696},{"id":128023,"n":"Agrafeuse de bureau Esquisse Bleu turquoise - 26/6","p":3.49,"img":"https://fd6-photos.leclercdrive.fr/image.ashx?id=1932480&use=l&cat=p&typeid=i","cat":334133},{"id":128024,"n":"Agrafeuse de bureau Esquisse Rouge - 26/6","p":3.49,"img":"https://fd6-photos.leclercdrive.fr/image.ashx?id=1935996&use=l&cat=p&typeid=i","cat":334133},{"id":128025,"n":"Agrafeuse de bureau Esquisse Rose - 26/6","p":3.49,"img":"https://fd6-photos.leclercdrive.fr/image.ashx?id=1935880&use=l&cat=p&typeid=i","cat":334133},{"id":128026,"n":"Agrafeuse de bureau Esquisse Bleu - 26/6","p":3.49,"img":"https://fd6-photos.leclercdrive.fr/image.ashx?id=1935883&use=l&cat=p&typeid=i","cat":334133},{"id":128027,"n":"Porte-mine Esquisse Orange -0,7mm-12 mines+2 gommes","p":1.27,"img":"https://fd6-photos.leclercdrive.fr/image.ashx?id=1935886&use=l&cat=p&typeid=i","cat":284696},{"id":128028,"n":"Porte-mine Esquisse Gris -0,7mm-12 mines+2 gommes","p":1.27,"img":"https://fd6-photos.leclercdrive.fr/image.ashx?id=1935889&use=l&cat=p&typeid=i","cat":284696},{"id":128339,"n":"Surligneurs Stabilo Boss Pastel Pêche Rose Turquoise- x3","p":4.34,"img":"https://fd6-photos.leclercdrive.fr/image.ashx?id=2615113&use=l&cat=p&typeid=i","cat":284696},{"id":128826,"n":"Boisson a base de vin Don Simon Sangria blanche 1,5L","p":2.6,"u":"1,73 €/L","img":"https://fd6-photos.leclercdrive.fr/image.ashx?id=1918577&use=l&cat=p&typeid=i","cat":304569},{"id":128887,"n":"Soda Coca-Cola Verre - 6x250ml","p":5.66,"u":"3,77 €/L","img":"https://fd6-photos.leclercdrive.fr/image.ashx?id=2444465&use=l&cat=p&typeid=i","cat":284530},{"id":128976,"n":"Sucre poudre Daddy 750g","p":1.82,"u":"2,43 €/KG","img":"https://fd6-photos.leclercdrive.fr/image.ashx?id=2944699&use=l&cat=p&typeid=i","cat":284502},{"id":129106,"n":"Liqueur de Whisky Jack Daniel's Apple 70cL","p":19.95,"pp":17.95,"u":"25,64 €/L","img":"https://fd6-photos.leclercdrive.fr/image.ashx?id=2764586&use=l&cat=p&typeid=i","cat":286032},{"id":129123,"n":"Gel Lubrifiant Perfect Gliss Durex Longue Durée 100ml","p":9.89,"u":"98,90 €/L","img":"https://fd6-photos.leclercdrive.fr/image.ashx?id=2960693&use=l&cat=p&typeid=i","cat":285160},{"id":129162,"n":"Boisson énergisante Monster Mango Loco - 50cl","p":1.52,"u":"3,04 €/L","img":"https://fd6-photos.leclercdrive.fr/image.ashx?id=2433443&use=l&cat=p&typeid=i","cat":284533},{"id":129189,"n":"Biscuit Lotus Biscoff  Original 375g (3x125g)","p":2.39,"u":"6,37 €/KG","img":"https://fd6-photos.leclercdrive.fr/image.ashx?id=2740271&use=l&cat=p&typeid=i","cat":284487},{"id":129251,"n":"Madeleine Armor Délices x16+8 offerts - 792g","p":4.65,"u":"5,87 €/KG","img":"https://fd6-photos.leclercdrive.fr/image.ashx?id=2544278&use=l&cat=p&typeid=i","cat":284492},{"id":129280,"n":"Sel équilibre Cérébos Réduit en Sodium - 350g","p":2.25,"u":"6,43 €/KG","img":"https://fd6-photos.leclercdrive.fr/image.ashx?id=2520132&use=l&cat=p&typeid=i","cat":284457},{"id":129472,"n":"Crème dessert Danette Vanille - 8x125g","p":2.89,"u":"2,89 €/KG","img":"https://fd6-photos.leclercdrive.fr/image.ashx?id=2949838&use=l&cat=p&typeid=i","cat":285041},{"id":129476,"n":"Panés au Camembert Grand Fermage - x4 - 100g","p":2.44,"u":"24,40 €/KG","img":"https://fd6-photos.leclercdrive.fr/image.ashx?id=2645203&use=l&cat=p&typeid=i","cat":314027},{"id":129560,"n":"Filets cabillaud MSC 800g","p":11.32,"u":"14,15 €/KG","img":"https://fd6-photos.leclercdrive.fr/image.ashx?id=1983986&use=l&cat=p&typeid=i","cat":319786},{"id":129602,"n":"Lait demi-écrémé Grandlait Candia Bouteille - 6x25cl","p":4.26,"u":"2,84 €/L","img":"https://fd6-photos.leclercdrive.fr/image.ashx?id=2916189&use=l&cat=p&typeid=i","cat":284377},{"id":129620,"n":"Bière Ambrée 3 Monts 75cl","p":2.64,"u":"3,52 €/L","img":"https://fd6-photos.leclercdrive.fr/image.ashx?id=2548186&use=l&cat=p&typeid=i","cat":334852},{"id":129635,"n":"Lait brebis demi-écrémé Lactel UHT Bouteille - 6x1l","p":22.26,"u":"3,71 €/L","img":"https://fd6-photos.leclercdrive.fr/image.ashx?id=2876629&use=l&cat=p&typeid=i","cat":295251},{"id":129672,"n":"Lessive main gel express Génie 200ml +10% offert","p":1.84,"u":"8,36 €/L","img":"https://fd6-photos.leclercdrive.fr/image.ashx?id=2424395&use=l&cat=p&typeid=i","cat":284643},{"id":129807,"n":"Biscuits Biarritz Delacre Noix de coco et Chocolat - 175g","p":3.43,"u":"19,60 €/KG","img":"https://fd6-photos.leclercdrive.fr/image.ashx?id=2867963&use=l&cat=p&typeid=i","cat":284490},{"id":129810,"n":"Bière blonde Affligem Sans alcool - 12x25cl","p":8.47,"u":"2,82 €/L","img":"https://fd6-photos.leclercdrive.fr/image.ashx?id=2672026&use=l&cat=p&typeid=i","cat":334877},{"id":129864,"n":"Crème glacée Ben and Jerry's  Half Baked - 406g","p":4.01,"u":"9,88 €/KG","img":"https://fd6-photos.leclercdrive.fr/image.ashx?id=3011941&use=l&cat=p&typeid=i","cat":284725},{"id":129906,"n":"IGP Pays d'Oc blanc Miss Anais 75cl","p":5.8,"pp":4.06,"u":"5,41 €/L","img":"https://fd6-photos.leclercdrive.fr/image.ashx?id=2093220&use=l&cat=p&typeid=i","cat":289557},{"id":129938,"n":"Tomate cocktail grappe Filière Panier du Primeur - 500g","p":2.19,"u":"4,38 €/KG","img":"https://fd6-photos.leclercdrive.fr/image.ashx?id=2553360&use=l&cat=p&typeid=i","cat":284352},{"id":129957,"n":"AOP Côtes du Rhône rouge Combes de Saint Sauveur - BIB 3L","p":14.91,"u":"4,97 €/L","img":"https://fd6-photos.leclercdrive.fr/image.ashx?id=2985033&use=l&cat=p&typeid=i","cat":289560},{"id":129991,"n":"Yaourt au lait entier Malo Citron - 4x125g","p":2.2,"u":"4,40 €/KG","img":"https://fd6-photos.leclercdrive.fr/image.ashx?id=2908618&use=l&cat=p&typeid=i","cat":286006},{"id":130009,"n":"Vin de france Rosé Pinot noir Bouchard Ainé & Fils - 75cl","p":6.03,"u":"8,04 €/L","img":"https://fd6-photos.leclercdrive.fr/image.ashx?id=1927698&use=l&cat=p&typeid=i","cat":289558},{"id":130284,"n":"Grissini artigianali Florelli Romarin - 300g","p":2.11,"u":"7,03 €/KG","img":"https://fd6-photos.leclercdrive.fr/image.ashx?id=2475855&use=l&cat=p&typeid=i","cat":297000},{"id":130319,"n":"Mini pots Häagen-Dazs  Fruit Collection x4 - 326g","p":5.27,"u":"16,17 €/KG","img":"https://fd6-photos.leclercdrive.fr/image.ashx?id=3000159&use=l&cat=p&typeid=i","cat":284725},{"id":130334,"n":"Lessive liquide bébé Epsil 25 lavages - 1.25L","p":3.89,"u":"3,11 €/L","img":"https://fd6-photos.leclercdrive.fr/image.ashx?id=2838939&use=l&cat=p&typeid=i","cat":284640},{"id":130348,"n":"Bâtonnets Trium chocolat au  Lait biscuit cacaoté x4- 290g","p":2.99,"u":"10,31 €/KG","img":"https://fd6-photos.leclercdrive.fr/image.ashx?id=2791341&use=l&cat=p&typeid=i","cat":284265},{"id":130357,"n":"Lait Sans Lactose Candia  Bouteille 1%MG - 6x1L","p":9.47,"u":"1,58 €/L","img":"https://fd6-photos.leclercdrive.fr/image.ashx?id=2481357&use=l&cat=p&typeid=i","cat":317169},{"id":130390,"n":"Cahier spirales Esquisse Jaune - 100 pages - 24x32 cm","p":2.99,"img":"https://fd6-photos.leclercdrive.fr/image.ashx?id=1932858&use=l&cat=p&typeid=i","cat":284697},{"id":130391,"n":"Cahier spirales Esquisse Bleu - 100 pages - 24x32 cm","p":2.99,"img":"https://fd6-photos.leclercdrive.fr/image.ashx?id=1932861&use=l&cat=p&typeid=i","cat":284697},{"id":130392,"n":"Cahier spirales Esquisse Bleu clair - 100 pages 24x32 cm","p":2.99,"img":"https://fd6-photos.leclercdrive.fr/image.ashx?id=1932864&use=l&cat=p&typeid=i","cat":284697},{"id":130393,"n":"Calculatrice bureau Esquisse Bleu turquoise","p":4.9,"u":"Dont 0,13 € d'éco-part.","img":"https://fd6-photos.leclercdrive.fr/image.ashx?id=1932867&use=l&cat=p&typeid=i","cat":334133},{"id":130394,"n":"Calculatrice bureau Esquisse Rouge","p":4.9,"u":"Dont 0,13 € d'éco-part.","img":"https://fd6-photos.leclercdrive.fr/image.ashx?id=1932870&use=l&cat=p&typeid=i","cat":334133},{"id":130395,"n":"Calculatrice bureau Esquisse Rose","p":4.9,"u":"Dont 0,13 € d'éco-part.","img":"https://fd6-photos.leclercdrive.fr/image.ashx?id=1932873&use=l&cat=p&typeid=i","cat":334133},{"id":130396,"n":"Calculatrice bureau Esquisse Bleu","p":4.9,"u":"Dont 0,13 € d'éco-part.","img":"https://fd6-photos.leclercdrive.fr/image.ashx?id=1932876&use=l&cat=p&typeid=i","cat":334133},{"id":130454,"n":"Cahier spirales Esquisse Jaune - 100 pages - 21x29.7cm","p":2.49,"img":"https://fd6-photos.leclercdrive.fr/image.ashx?id=1932921&use=l&cat=p&typeid=i","cat":284697},{"id":130455,"n":"Cahier spirales Esquisse Bleu - 100 pages - 21x29.7cm","p":2.49,"img":"https://fd6-photos.leclercdrive.fr/image.ashx?id=1932927&use=l&cat=p&typeid=i","cat":284697},{"id":130456,"n":"Cahier spirales Esquisse Turquoise - 100 pages 21x29.7cm","p":2.49,"img":"https://fd6-photos.leclercdrive.fr/image.ashx?id=1932930&use=l&cat=p&typeid=i","cat":284697},{"id":130461,"n":"Bière blonde sans alcool 1664 0,0° - 6x25cl","p":3.83,"u":"2,55 €/L","img":"https://fd6-photos.leclercdrive.fr/image.ashx?id=2120656&use=l&cat=p&typeid=i","cat":334877},{"id":130465,"n":"Porte-mine Esquisse Bleu  - 0,7mm-12 mines+2 gommes","p":1.27,"img":"https://fd6-photos.leclercdrive.fr/image.ashx?id=1936227&use=l&cat=p&typeid=i","cat":284696},{"id":130550,"n":"Gratte éponge Spontex Stop Bactérie - x4","p":3.36,"u":"0,84 €/P","img":"https://fd6-photos.leclercdrive.fr/image.ashx?id=2876578&use=l&cat=p&typeid=i","cat":284667},{"id":130594,"n":"Classeur Esquisse Bleu - pour fiches bristol","p":2.5,"img":"https://fd6-photos.leclercdrive.fr/image.ashx?id=1936752&use=l&cat=p&typeid=i","cat":284745},{"id":130595,"n":"Classeur Esquisse Rouge - pour fiches bristol","p":2.5,"img":"https://fd6-photos.leclercdrive.fr/image.ashx?id=1936755&use=l&cat=p&typeid=i","cat":284745},{"id":130597,"n":"Classeur Esquisse Blanc - pour fiches bristol","p":2.5,"img":"https://fd6-photos.leclercdrive.fr/image.ashx?id=1936758&use=l&cat=p&typeid=i","cat":284745},{"id":130598,"n":"Classeur Esquisse Noir - pour fiches bristol","p":2.5,"img":"https://fd6-photos.leclercdrive.fr/image.ashx?id=1936761&use=l&cat=p&typeid=i","cat":284745},{"id":130666,"n":"Blanc de poulet Fleury Michon -25% de sel x8 - 240g","p":3.74,"u":"15,58 €/KG","img":"https://fd6-photos.leclercdrive.fr/image.ashx?id=2886849&use=l&cat=p&typeid=i","cat":316010},{"id":130667,"n":"Rôti de porc Fleury Michon Sans nitrite - x4 - 160g","p":2.96,"u":"18,50 €/KG","img":"https://fd6-photos.leclercdrive.fr/image.ashx?id=2320977&use=l&cat=p&typeid=i","cat":316009},{"id":130744,"n":"Nouilles aux oeufs Suzi Wan 250g","p":1.75,"u":"7,00 €/KG","img":"https://fd6-photos.leclercdrive.fr/image.ashx?id=2892928&use=l&cat=p&typeid=i","cat":288992},{"id":130750,"n":"Boite ménagère basilic Ducros 29g","p":1.4,"u":"48,28 €/KG","img":"https://fd6-photos.leclercdrive.fr/image.ashx?id=2486587&use=l&cat=p&typeid=i","cat":298297},{"id":130752,"n":"Maquereau Petit Navire 175g Vin blanc et aromates - 175g","p":2.31,"u":"13,20 €/KG","img":"https://fd6-photos.leclercdrive.fr/image.ashx?id=2989063&use=l&cat=p&typeid=i","cat":303868},{"id":130754,"n":"Filets maquereaux Eco+ Moutarde - 169g","p":1.11,"u":"6,57 €/KG","img":"https://fd6-photos.leclercdrive.fr/image.ashx?id=2067878&use=l&cat=p&typeid=i","cat":303868},{"id":130755,"n":"Maquereau Moutarde PETIT NAVIRE Moutarde sans arome ajouté 169g","p":2.26,"u":"13,37 €/KG","img":"https://fd6-photos.leclercdrive.fr/image.ashx?id=2989060&use=l&cat=p&typeid=i","cat":303868},{"id":130759,"n":"Barres Nakd Cacahuètes Raw   Barres de Fruits & Noix 4x35g","p":2.78,"u":"19,86 €/KG","img":"https://fd6-photos.leclercdrive.fr/image.ashx?id=3005251&use=l&cat=p&typeid=i","cat":285869},{"id":130776,"n":"Confiture  Bonne Maman Fraise framboise intenses 335g","p":2.7,"u":"8,06 €/KG","img":"https://fd6-photos.leclercdrive.fr/image.ashx?id=2396378&use=l&cat=p&typeid=i","cat":284480},{"id":130786,"n":"Crème de marron Roger Descours 500g","p":2.56,"u":"5,12 €/KG","img":"https://fd6-photos.leclercdrive.fr/image.ashx?id=1989159&use=l&cat=p&typeid=i","cat":284481},{"id":130788,"n":"Tablette chocolat au lait Eco+ Ménage - 5x100g","p":3.49,"u":"6,98 €/KG","img":"https://fd6-photos.leclercdrive.fr/image.ashx?id=2746778&use=l&cat=p&typeid=i","cat":284497},{"id":130789,"n":"Préparation Gâteau alsa Moelleux Nature - 435g","p":2.19,"u":"5,03 €/KG","img":"https://fd6-photos.leclercdrive.fr/image.ashx?id=2996431&use=l&cat=p&typeid=i","cat":284505},{"id":130790,"n":"Préparation Gâteau alsa Moelleux Chocolat - 435g","p":2.19,"u":"5,03 €/KG","img":"https://fd6-photos.leclercdrive.fr/image.ashx?id=2996434&use=l&cat=p&typeid=i","cat":284505},{"id":130792,"n":"Préparation Gâteau alsa Moelleux Citron - 435g","p":2.48,"u":"5,70 €/KG","img":"https://fd6-photos.leclercdrive.fr/image.ashx?id=2961864&use=l&cat=p&typeid=i","cat":284505},{"id":130804,"n":"Préparation Gâteau alsa Fondant au Chocolat - 435g","p":2.87,"u":"8,97 €/KG","img":"https://fd6-photos.leclercdrive.fr/image.ashx?id=2996437&use=l&cat=p&typeid=i","cat":284505},{"id":130810,"n":"Brosse à dents Signal Eclat souple - 1 pièce","p":2.62,"img":"https://fd6-photos.leclercdrive.fr/image.ashx?id=2769822&use=l&cat=p&typeid=i","cat":284614},{"id":130811,"n":"Brosse à Dents Signal Système Blancheur Medium x1","p":3.34,"img":"https://fd6-photos.leclercdrive.fr/image.ashx?id=2832539&use=l&cat=p&typeid=i","cat":284614},{"id":130812,"n":"Brosse à Dents Signal Ultra Access Medium x1","p":2.98,"img":"https://fd6-photos.leclercdrive.fr/image.ashx?id=3009263&use=l&cat=p&typeid=i","cat":284614},{"id":130816,"n":"Dentifrice Zendium Protection complète - 75ml","p":3.05,"img":"https://fd6-photos.leclercdrive.fr/image.ashx?id=2927711&use=l&cat=p&typeid=i","cat":284612},{"id":130820,"n":"Spray habitat bio So Bio Etic Purifiant assainissant - 200ml","p":9.8,"u":"49,00 €/L","img":"https://fd6-photos.leclercdrive.fr/image.ashx?id=2799922&use=l&cat=p&typeid=i","cat":311626},{"id":130838,"n":"Jus innocent orange sanguine grenade 900ml","p":3.06,"u":"3,40 €/L","img":"https://fd6-photos.leclercdrive.fr/image.ashx?id=2891247&use=l&cat=p&typeid=i","cat":285435},{"id":130857,"n":"Truite fumée de france Ovive 100g","p":3.46,"u":"34,60 €/KG","img":"https://fd6-photos.leclercdrive.fr/image.ashx?id=2902061&use=l&cat=p&typeid=i","cat":285188},{"id":130918,"n":"Lait bébé poudre Guigoz Evolia  2ème âge - 6-12 mois - 800g","p":14.6,"u":"18,25 €/KG","img":"https://fd6-photos.leclercdrive.fr/image.ashx?id=2737111&use=l&cat=p&typeid=i","cat":284727},{"id":130919,"n":"Cereales Bio nuit Modilac 4mois 250g","p":4.32,"u":"17,28 €/KG","img":"https://fd6-photos.leclercdrive.fr/image.ashx?id=2766006&use=l&cat=p&typeid=i","cat":312225},{"id":130931,"n":"Dés emmental Petit Marché 120g","p":2.43,"u":"20,25 €/KG","img":"https://fd6-photos.leclercdrive.fr/image.ashx?id=2324483&use=l&cat=p&typeid=i","cat":314027},{"id":130937,"n":"Dés Fromage Méditerranéen Petit Marché 120g","p":2.7,"u":"22,50 €/KG","img":"https://fd6-photos.leclercdrive.fr/image.ashx?id=2263733&use=l&cat=p&typeid=i","cat":314027},{"id":130939,"n":"Dés Cheddar Petit Marché - 120g","p":2.5,"u":"20,83 €/KG","img":"https://fd6-photos.leclercdrive.fr/image.ashx?id=2303612&use=l&cat=p&typeid=i","cat":314027},{"id":131136,"n":"Brosse WC 1 pièce","p":2.45,"img":"https://fd6-photos.leclercdrive.fr/image.ashx?id=1937812&use=l&cat=p&typeid=i","cat":284669},{"id":131205,"n":"Cahier Esquisse - 96 pages Bleu clair - 21x29.7cm","p":1.1,"img":"https://fd6-photos.leclercdrive.fr/image.ashx?id=1942998&use=l&cat=p&typeid=i","cat":284697},{"id":131209,"n":"Cahier Esquisse - 96 pages Rouge - 21x29.7cm","p":1.1,"img":"https://fd6-photos.leclercdrive.fr/image.ashx?id=1943007&use=l&cat=p&typeid=i","cat":284697},{"id":131232,"n":"AOP Champagne Brut Nature Cazanove - 75 cl","p":22.9,"pp":18.32,"u":"24,43 €/L","img":"https://fd6-photos.leclercdrive.fr/image.ashx?id=2567681&use=l&cat=p&typeid=i","cat":284542},{"id":131251,"n":"Dessert liégeois Viennois  Fraise - 4x100g","p":1.82,"u":"4,55 €/KG","img":"https://fd6-photos.leclercdrive.fr/image.ashx?id=2875993&use=l&cat=p&typeid=i","cat":285042},{"id":131382,"n":"Lait croissance GUIGOZ RELAIS  dès 12 mois - 800g","p":13.42,"u":"16,78 €/KG","img":"https://fd6-photos.leclercdrive.fr/image.ashx?id=2895029&use=l&cat=p&typeid=i","cat":290219},{"id":131388,"n":"Capsules Starbucks by Nespresso  Colombia Int 7 - x10","p":3.32,"u":"58,25 €/KG","img":"https://fd6-photos.leclercdrive.fr/image.ashx?id=2868152&use=l&cat=p&typeid=i","cat":284749},{"id":131390,"n":"Capsules Starbucks by Nespresso  House Blend Int 8 - x10","p":3.32,"u":"58,25 €/KG","img":"https://fd6-photos.leclercdrive.fr/image.ashx?id=2868143&use=l&cat=p&typeid=i","cat":284749},{"id":131424,"n":"Capsules Starbucks by Nespresso  Blonde Espresso Int 6 - x10","p":3.32,"u":"62,64 €/KG","img":"https://fd6-photos.leclercdrive.fr/image.ashx?id=2868146&use=l&cat=p&typeid=i","cat":284749},{"id":131426,"n":"Capsules Starbucks by Nespresso  Espresso Roast Int 11 - x10","p":3.32,"u":"58,25 €/KG","img":"https://fd6-photos.leclercdrive.fr/image.ashx?id=2868149&use=l&cat=p&typeid=i","cat":284749},{"id":131431,"n":"Café Capsules by DOLCE GUSTO Starbucks Caramel Macchiato 2x6","p":4.39,"u":"34,57 €/KG","img":"https://fd6-photos.leclercdrive.fr/image.ashx?id=2966785&use=l&cat=p&typeid=i","cat":293239},{"id":131623,"n":"AOP Vin de Muscat Frontignan - 3x75cl","p":14.75,"u":"6,56 €/L","img":"https://fd6-photos.leclercdrive.fr/image.ashx?id=1945036&use=l&cat=p&typeid=i","cat":284913},{"id":131625,"n":"Thé glacé Fuze Tea  Menthe Citron vert - 1,25L","p":1.7,"u":"1,36 €/L","img":"https://fd6-photos.leclercdrive.fr/image.ashx?id=2940402&use=l&cat=p&typeid=i","cat":295019},{"id":131648,"n":"Cahier Esquisse Grands carreaux Bleu 21x29.7cm 192 pages","p":3.39,"img":"https://fd6-photos.leclercdrive.fr/image.ashx?id=1940414&use=l&cat=p&typeid=i","cat":284697},{"id":131739,"n":"Suprême de potiron Ferme d'Anchin - 98.5cl","p":4.93,"u":"5,01 €/L","img":"https://fd6-photos.leclercdrive.fr/image.ashx?id=2150013&use=l&cat=p&typeid=i","cat":284355},{"id":131742,"n":"crème dessert chocolat au lait danette - 4x125g","p":1.68,"u":"3,36 €/KG","img":"https://fd6-photos.leclercdrive.fr/image.ashx?id=2093984&use=l&cat=p&typeid=i","cat":285041},{"id":131763,"n":"Coffret apéro Tokapi 2x100g","p":1.94,"u":"9,70 €/KG","img":"https://fd6-photos.leclercdrive.fr/image.ashx?id=2890018&use=l&cat=p&typeid=i","cat":284449},{"id":131767,"n":"Bonbons sans sucres Ricola Orange Menthe - 50g","p":1.65,"u":"33,00 €/KG","img":"https://fd6-photos.leclercdrive.fr/image.ashx?id=2382219&use=l&cat=p&typeid=i","cat":304256},{"id":131768,"n":"Bonbons sans sucres Ricola Menthe pomme - 50g","p":1.65,"u":"33,00 €/KG","img":"https://fd6-photos.leclercdrive.fr/image.ashx?id=2382995&use=l&cat=p&typeid=i","cat":304256},{"id":131777,"n":"Ananas en morceaux Eco+ Sirop léger - 340 g","p":1.01,"u":"2,81 €/KG","img":"https://fd6-photos.leclercdrive.fr/image.ashx?id=2655574&use=l&cat=p&typeid=i","cat":284507},{"id":131784,"n":"Barres céréales Eco+ Choco/banane - 125g","p":0.71,"u":"5,68 €/KG","img":"https://fd6-photos.leclercdrive.fr/image.ashx?id=2791203&use=l&cat=p&typeid=i","cat":285869},{"id":131786,"n":"Café Dolce Gusto Plantation Décaféiné N°5 - x16 - 106g","p":3.39,"u":"31,98 €/KG","img":"https://fd6-photos.leclercdrive.fr/image.ashx?id=2649741&use=l&cat=p&typeid=i","cat":293239},{"id":131788,"n":"Barres céréales Eco+ Pomme/abricot - 125g","p":0.69,"u":"5,52 €/KG","img":"https://fd6-photos.leclercdrive.fr/image.ashx?id=2791206&use=l&cat=p&typeid=i","cat":285869},{"id":131790,"n":"Barres céréales Eco+ Chocolat & cacahuètes x6 - 126g","p":0.71,"u":"5,63 €/KG","img":"https://fd6-photos.leclercdrive.fr/image.ashx?id=2791209&use=l&cat=p&typeid=i","cat":285869},{"id":131791,"n":"Céréales blé soufflé Eco+ Au miel - 750g","p":2.96,"u":"3,95 €/KG","img":"https://fd6-photos.leclercdrive.fr/image.ashx?id=2826897&use=l&cat=p&typeid=i","cat":309513},{"id":131794,"n":"Betteraves rouges 3x130g","p":1.79,"u":"4,59 €/KG","img":"https://fd6-photos.leclercdrive.fr/image.ashx?id=2537848&use=l&cat=p&typeid=i","cat":312611},{"id":131799,"n":"Boules de céréales Eco+ Au chocolat - 750g","p":2.97,"u":"3,96 €/KG","img":"https://fd6-photos.leclercdrive.fr/image.ashx?id=2772948&use=l&cat=p&typeid=i","cat":309513},{"id":131800,"n":"Céréales boules de mais Eco + Au miel - 750g","p":2.25,"u":"3,00 €/KG","img":"https://fd6-photos.leclercdrive.fr/image.ashx?id=2765828&use=l&cat=p&typeid=i","cat":309513},{"id":131801,"n":"Bonbons tendres aux fruits Eco + - 500g","p":1.99,"u":"3,98 €/KG","img":"https://fd6-photos.leclercdrive.fr/image.ashx?id=2729266&use=l&cat=p&typeid=i","cat":304250},{"id":131802,"n":"Boules céréales miel P'tit Déli 400g","p":2.33,"u":"5,83 €/KG","img":"https://fd6-photos.leclercdrive.fr/image.ashx?id=2183110&use=l&cat=p&typeid=i","cat":309513},{"id":131806,"n":"Céréales fourrées P'tit Déli Chocolat au lait - 450g","p":2.45,"u":"5,44 €/KG","img":"https://fd6-photos.leclercdrive.fr/image.ashx?id=2835211&use=l&cat=p&typeid=i","cat":309513},{"id":131809,"n":"Chocolat noir dégustation 100g","p":1.0,"u":"10,00 €/KG","img":"https://fd6-photos.leclercdrive.fr/image.ashx?id=2858375&use=l&cat=p&typeid=i","cat":284956},{"id":131811,"n":"Chicorée café Eco+ Soluble - 200g","p":2.06,"u":"10,30 €/KG","img":"https://fd6-photos.leclercdrive.fr/image.ashx?id=2791200&use=l&cat=p&typeid=i","cat":284843},{"id":131814,"n":"Confiture Eco+ Fraise - 1kg","p":2.31,"u":"2,31 €/KG","img":"https://fd6-photos.leclercdrive.fr/image.ashx?id=2953197&use=l&cat=p&typeid=i","cat":284480},{"id":131816,"n":"Couscous boulettes volaille 1050g","p":3.1,"u":"2,95 €/KG","img":"https://fd6-photos.leclercdrive.fr/image.ashx?id=2807273&use=l&cat=p&typeid=i","cat":325094},{"id":131818,"n":"Céréales Corn Flakes Eco+ Nature - 750g","p":1.93,"u":"2,57 €/KG","img":"https://fd6-photos.leclercdrive.fr/image.ashx?id=2711589&use=l&cat=p&typeid=i","cat":309513},{"id":131820,"n":"Corn Flackes sucrés 400g","p":1.74,"u":"4,35 €/KG","img":"https://fd6-photos.leclercdrive.fr/image.ashx?id=2688764&use=l&cat=p&typeid=i","cat":309513},{"id":131821,"n":"Croissants Eco+ x10 - 400g","p":1.53,"u":"3,83 €/KG","img":"https://fd6-photos.leclercdrive.fr/image.ashx?id=2922914&use=l&cat=p&typeid=i","cat":296366},{"id":131822,"n":"Delicioso format familial x10 - 350g","p":2.54,"u":"7,26 €/KG","img":"https://fd6-photos.leclercdrive.fr/image.ashx?id=2416547&use=l&cat=p&typeid=i","cat":284495},{"id":131824,"n":"Marshmallows 200g","p":0.79,"u":"3,95 €/KG","img":"https://fd6-photos.leclercdrive.fr/image.ashx?id=2761289&use=l&cat=p&typeid=i","cat":304250},{"id":131825,"n":"Mais croquant Eco+ 3x140g","p":1.68,"u":"4,00 €/KG","img":"https://fd6-photos.leclercdrive.fr/image.ashx?id=3003741&use=l&cat=p&typeid=i","cat":312611},{"id":131826,"n":"Miettes thon à la tomate Eco + 160g","p":0.77,"u":"4,81 €/KG","img":"https://fd6-photos.leclercdrive.fr/image.ashx?id=2751856&use=l&cat=p&typeid=i","cat":303867},{"id":131827,"n":"Mouliné aux 8 légumes Eco+ 1L","p":0.9,"u":"0,90 €/L","img":"https://fd6-photos.leclercdrive.fr/image.ashx?id=2768451&use=l&cat=p&typeid=i","cat":284462},{"id":131832,"n":"Olives vertes dénoyautées 490g","p":2.52,"u":"5,14 €/KG","img":"https://fd6-photos.leclercdrive.fr/image.ashx?id=2946811&use=l&cat=p&typeid=i","cat":284458},{"id":131833,"n":"Olives vertes réduite en sel Dénoyautées - 160g","p":1.69,"u":"10,56 €/KG","img":"https://fd6-photos.leclercdrive.fr/image.ashx?id=1942587&use=l&cat=p&typeid=i","cat":284458},{"id":131834,"n":"Pain de mie Epi d'Or Extra moelleux - 500g","p":0.99,"u":"1,98 €/KG","img":"https://fd6-photos.leclercdrive.fr/image.ashx?id=2860781&use=l&cat=p&typeid=i","cat":284477},{"id":131837,"n":"Petit pain grillé Bio Village Bio - 225g","p":1.35,"u":"6,00 €/KG","img":"https://fd6-photos.leclercdrive.fr/image.ashx?id=2595125&use=l&cat=p&typeid=i","cat":284479},{"id":131853,"n":"Potage tomate vermicelle Eco + 66g","p":0.79,"u":"11,97 €/KG","img":"https://fd6-photos.leclercdrive.fr/image.ashx?id=2674017&use=l&cat=p&typeid=i","cat":284463},{"id":131855,"n":"Saucisses fumées lentilles 840g","p":1.75,"u":"2,08 €/KG","img":"https://fd6-photos.leclercdrive.fr/image.ashx?id=2664569&use=l&cat=p&typeid=i","cat":312609},{"id":131868,"n":"Tartines céréales La Boulangère - 450g","p":2.24,"u":"4,98 €/KG","img":"https://fd6-photos.leclercdrive.fr/image.ashx?id=2912410&use=l&cat=p&typeid=i","cat":284477},{"id":132008,"n":"Pain de mie complet Jacquet Maxi-tranches - 825g","p":2.49,"u":"3,02 €/KG","img":"https://fd6-photos.leclercdrive.fr/image.ashx?id=2991870&use=l&cat=p&typeid=i","cat":284477},{"id":132067,"n":"Mayonnaise Rustica 830g","p":3.19,"u":"3,84 €/KG","img":"https://fd6-photos.leclercdrive.fr/image.ashx?id=2994827&use=l&cat=p&typeid=i","cat":298295},{"id":132087,"n":"Fromage de Brebis Les Croisés - Tranche - 100g","p":1.29,"u":"12,90 €/KG","img":"https://fd6-photos.leclercdrive.fr/image.ashx?id=2655716&use=l&cat=p&typeid=i","cat":314031},{"id":132088,"n":"Sauce Barilla Tomates Cuisinées - 400g","p":1.79,"u":"4,48 €/KG","img":"https://fd6-photos.leclercdrive.fr/image.ashx?id=2832527&use=l&cat=p&typeid=i","cat":287599},{"id":132164,"n":"Lait de croissance Eveil Lactel 2ème âge - 6x1L","p":12.74,"u":"2,12 €/L","img":"https://fd6-photos.leclercdrive.fr/image.ashx?id=1944790&use=l&cat=p&typeid=i","cat":284727},{"id":132177,"n":"Petits pots bébé P'TITE RECETTE Curry de Poisson 12M+ - 2x200g","p":2.28,"u":"5,70 €/KG","img":"https://fd6-photos.leclercdrive.fr/image.ashx?id=2527118&use=l&cat=p&typeid=i","cat":312237},{"id":132180,"n":"Petits pots bébé P'TITE RECETTE Tajine de poulet 12M+ - 2x200g","p":2.41,"u":"6,03 €/KG","img":"https://fd6-photos.leclercdrive.fr/image.ashx?id=2525720&use=l&cat=p&typeid=i","cat":312237},{"id":132234,"n":"Flocons d'avoine Grainea 500g","p":0.85,"u":"1,70 €/KG","img":"https://fd6-photos.leclercdrive.fr/image.ashx?id=2919655&use=l&cat=p&typeid=i","cat":309512},{"id":132243,"n":"Lessive liquide couleur Epsil 25 lavages - 1.25L","p":2.54,"u":"2,03 €/L","img":"https://fd6-photos.leclercdrive.fr/image.ashx?id=2602961&use=l&cat=p&typeid=i","cat":284640},{"id":132246,"n":"Huile d'olive vierge extra 75cl","p":9.83,"u":"13,11 €/L","img":"https://fd6-photos.leclercdrive.fr/image.ashx?id=1950872&use=l&cat=p&typeid=i","cat":284453},{"id":132285,"n":"Feta grecque AOP Les Croisés - Tranche - 150g","p":1.84,"u":"12,27 €/KG","img":"https://fd6-photos.leclercdrive.fr/image.ashx?id=2688312&use=l&cat=p&typeid=i","cat":314026},{"id":132289,"n":"Café moulu L'Or Décaféiné 100% Arabica - 250g","p":4.69,"u":"18,76 €/KG","img":"https://fd6-photos.leclercdrive.fr/image.ashx?id=1947006&use=l&cat=p&typeid=i","cat":284750},{"id":132290,"n":"Huile d'Olive Carapelli Extra Vierge Classico - 75cl","p":10.77,"u":"14,36 €/L","img":"https://fd6-photos.leclercdrive.fr/image.ashx?id=2737480&use=l&cat=p&typeid=i","cat":284453},{"id":132330,"n":"Ail semoule Eco + 54g","p":0.77,"u":"14,26 €/KG","img":"https://fd6-photos.leclercdrive.fr/image.ashx?id=2717249&use=l&cat=p&typeid=i","cat":298297},{"id":132341,"n":"Couscous Fin Ferrero - 500G","p":1.49,"u":"2,98 €/KG","img":"https://fd6-photos.leclercdrive.fr/image.ashx?id=3008239&use=l&cat=p&typeid=i","cat":284429},{"id":132342,"n":"Tablette de chocolat Eco+ Blanc - 4x100g","p":3.67,"u":"9,18 €/KG","img":"https://fd6-photos.leclercdrive.fr/image.ashx?id=2661927&use=l&cat=p&typeid=i","cat":284957},{"id":132348,"n":"Delir' Pik Haribo Sachet bonbons acidulés - 275g","p":2.2,"u":"8,00 €/KG","img":"https://fd6-photos.leclercdrive.fr/image.ashx?id=2984904&use=l&cat=p&typeid=i","cat":304250},{"id":132368,"n":"Repas bébé Blédichef 15 mois Pâtes sauce tomate jambon -250g","p":1.93,"u":"7,72 €/KG","img":"https://fd6-photos.leclercdrive.fr/image.ashx?id=2643743&use=l&cat=p&typeid=i","cat":312238},{"id":132369,"n":"Repas bébé Blédichef 24 mois  Pâtes légumes cabillaud - 250g","p":1.97,"u":"7,88 €/KG","img":"https://fd6-photos.leclercdrive.fr/image.ashx?id=2644725&use=l&cat=p&typeid=i","cat":312238},{"id":132392,"n":"Gratte éponge Spontex Longue durée - x3","p":2.54,"u":"0,85 €/P","img":"https://fd6-photos.leclercdrive.fr/image.ashx?id=2973072&use=l&cat=p&typeid=i","cat":284667},{"id":132393,"n":"Lait croissance Guigoz Optipro En poudre - dès 18 mois - 900g","p":10.45,"u":"11,61 €/KG","img":"https://fd6-photos.leclercdrive.fr/image.ashx?id=2517589&use=l&cat=p&typeid=i","cat":290219},{"id":132446,"n":"Serviettes ultra normal Tadam Dermo-sensitives bio - x14","p":2.67,"img":"https://fd6-photos.leclercdrive.fr/image.ashx?id=2754752&use=l&cat=p&typeid=i","cat":284624},{"id":132486,"n":"Eau micellaire 100ml","p":1.49,"u":"14,90 €/L","img":"https://fd6-photos.leclercdrive.fr/image.ashx?id=1947543&use=l&cat=p&typeid=i","cat":284603},{"id":132487,"n":"Gel déboucheur Syphon Javel soude - 1L","p":1.36,"u":"1,36 €/L","img":"https://fd6-photos.leclercdrive.fr/image.ashx?id=2202476&use=l&cat=p&typeid=i","cat":284908},{"id":132508,"n":"Jus d'orange Andros Sans pulpe - 1L + 15% offert","p":2.75,"u":"2,75 €/L","img":"https://fd6-photos.leclercdrive.fr/image.ashx?id=2928855&use=l&cat=p&typeid=i","cat":285435},{"id":132581,"n":"Céréales soufflé P'tit Déli Au chocolat - 400g","p":2.37,"u":"5,93 €/KG","img":"https://fd6-photos.leclercdrive.fr/image.ashx?id=2811875&use=l&cat=p&typeid=i","cat":309513},{"id":132582,"n":"Céréales soufflé blé P'tit Déli Miel caramel - 400g","p":1.99,"u":"4,98 €/KG","img":"https://fd6-photos.leclercdrive.fr/image.ashx?id=2900178&use=l&cat=p&typeid=i","cat":309513},{"id":132585,"n":"Skyr Yoplait  Nature 0%Mg - 4x100g","p":1.99,"u":"4,98 €/KG","img":"https://fd6-photos.leclercdrive.fr/image.ashx?id=2884435&use=l&cat=p&typeid=i","cat":315000},{"id":132594,"n":"Cheeseburgers Eco+ Surgelés x6 - 750g","p":4.36,"u":"5,81 €/KG","img":"https://fd6-photos.leclercdrive.fr/image.ashx?id=2765698&use=l&cat=p&typeid=i","cat":319822},{"id":132600,"n":"Compotes Pom'Potes Gourdes Recette Bangkok - 4x90g","p":2.39,"u":"6,64 €/KG","img":"https://fd6-photos.leclercdrive.fr/image.ashx?id=2990427&use=l&cat=p&typeid=i","cat":284508},{"id":132601,"n":"Fan of Pik Haribo  Sachet bonbons acidulés - 200g","p":1.88,"u":"9,40 €/KG","img":"https://fd6-photos.leclercdrive.fr/image.ashx?id=2789766&use=l&cat=p&typeid=i","cat":304250},{"id":132629,"n":"Pétales de blé P'tit Déli Au chocolat - 400g","p":2.17,"u":"5,43 €/KG","img":"https://fd6-photos.leclercdrive.fr/image.ashx?id=2765846&use=l&cat=p&typeid=i","cat":309513},{"id":132636,"n":"Bac parfum chocolat Eco+ 500g","p":1.33,"u":"2,66 €/KG","img":"https://fd6-photos.leclercdrive.fr/image.ashx?id=2726488&use=l&cat=p&typeid=i","cat":284263},{"id":132637,"n":"Batonnets Eco + Vanille chocolat - x16 - 536g","p":2.19,"u":"4,09 €/KG","img":"https://fd6-photos.leclercdrive.fr/image.ashx?id=2768077&use=l&cat=p&typeid=i","cat":284265},{"id":132638,"n":"Batonnet Trium Vanille fruit exotique x4  294g","p":2.65,"u":"9,01 €/KG","img":"https://fd6-photos.leclercdrive.fr/image.ashx?id=2911699&use=l&cat=p&typeid=i","cat":284265},{"id":132639,"n":"Mini bâtonnets Eco+ Vanille chocolat x12 - 405.6g","p":2.61,"u":"6,44 €/KG","img":"https://fd6-photos.leclercdrive.fr/image.ashx?id=1965080&use=l&cat=p&typeid=i","cat":284265},{"id":132641,"n":"Mini batonnets Trium Vanille - x8 - 288g","p":2.78,"u":"9,65 €/KG","img":"https://fd6-photos.leclercdrive.fr/image.ashx?id=2920797&use=l&cat=p&typeid=i","cat":284265},{"id":132780,"n":"AOP Champagne Lanson Brut Le Black Label - 12.5%vol 75cl","p":33.61,"u":"44,81 €/L","img":"https://fd6-photos.leclercdrive.fr/image.ashx?id=2914453&use=l&cat=p&typeid=i","cat":284542},{"id":132795,"n":"Désinfectant Sanytol 150ml","p":4.07,"u":"27,13 €/L","img":"https://fd6-photos.leclercdrive.fr/image.ashx?id=2785412&use=l&cat=p&typeid=i","cat":285201},{"id":132796,"n":"Haché moelleux Eco+ 500g","p":4.85,"u":"9,70 €/KG","img":"https://fd6-photos.leclercdrive.fr/image.ashx?id=2930606&use=l&cat=p&typeid=i","cat":284332},{"id":132808,"n":"Skyr Yoplait  Lit Fruits Rouges 0%Mg - 4x100g","p":1.99,"u":"4,98 €/KG","img":"https://fd6-photos.leclercdrive.fr/image.ashx?id=2884438&use=l&cat=p&typeid=i","cat":315000},{"id":132811,"n":"Skyr Yoplait  Sur Lit Myrtilles 0%MG - 4x100G","p":1.99,"u":"4,98 €/KG","img":"https://fd6-photos.leclercdrive.fr/image.ashx?id=2884441&use=l&cat=p&typeid=i","cat":315000},{"id":132812,"n":"Bière blonde Grimbergen Sans alcool 0,0° - 6x25cl","p":5.02,"u":"3,35 €/L","img":"https://fd6-photos.leclercdrive.fr/image.ashx?id=2334515&use=l&cat=p&typeid=i","cat":334877},{"id":132815,"n":"Skyr Yoplait  Sur Lit Citron 0%MG - 4x100g","p":1.99,"u":"4,98 €/KG","img":"https://fd6-photos.leclercdrive.fr/image.ashx?id=2317780&use=l&cat=p&typeid=i","cat":315000},{"id":132888,"n":"Tutiac AOP Blaye Côtes de Bordeaux Rouge 75cl","p":5.49,"pp":3.62,"u":"4,83 €/L","img":"https://fd6-photos.leclercdrive.fr/image.ashx?id=2803739&use=l&cat=p&typeid=i","cat":289556},{"id":132889,"n":"Vin rouge Tutiac Côtes de Bourg - 75cl","p":5.49,"pp":3.62,"u":"4,83 €/L","img":"https://fd6-photos.leclercdrive.fr/image.ashx?id=3000156&use=l&cat=p&typeid=i","cat":289556},{"id":132901,"n":"AOP Jurançon blanc moelleux Tradition Royale - 75cl","p":5.95,"u":"7,93 €/L","img":"https://fd6-photos.leclercdrive.fr/image.ashx?id=2996872&use=l&cat=p&typeid=i","cat":289557},{"id":132902,"n":"AOP Sud-Ouest Jurançon  Tradition royale - 75 cl","p":4.75,"u":"6,33 €/L","img":"https://fd6-photos.leclercdrive.fr/image.ashx?id=2996875&use=l&cat=p&typeid=i","cat":289557},{"id":132905,"n":"Confiture Bonne Maman Myrtille/Cassis - 335g","p":2.81,"u":"8,39 €/KG","img":"https://fd6-photos.leclercdrive.fr/image.ashx?id=2508222&use=l&cat=p&typeid=i","cat":284480},{"id":133039,"n":"Lessive liquide noir Epsil 25 Lavages - 1.25L","p":2.54,"u":"2,03 €/L","img":"https://fd6-photos.leclercdrive.fr/image.ashx?id=2958759&use=l&cat=p&typeid=i","cat":284640},{"id":133044,"n":"Lessive laine & soie Epsil 25 lavages - 1.25L","p":2.54,"u":"2,03 €/L","img":"https://fd6-photos.leclercdrive.fr/image.ashx?id=2842319&use=l&cat=p&typeid=i","cat":284640},{"id":133061,"n":"Huile de massage So Bio Etic Ostéo+ Bien-être Bio - 100ml","p":7.1,"u":"71,00 €/L","img":"https://fd6-photos.leclercdrive.fr/image.ashx?id=2144782&use=l&cat=p&typeid=i","cat":325349},{"id":133115,"n":"Sauce Mayomix Heinz Mix mayonnaise & ketchup - 425g","p":2.54,"u":"5,98 €/KG","img":"https://fd6-photos.leclercdrive.fr/image.ashx?id=2926936&use=l&cat=p&typeid=i","cat":318431},{"id":133121,"n":"Poisson Pané Colin Alaska Findus Céréales graines - 250g","p":3.42,"u":"13,68 €/KG","img":"https://fd6-photos.leclercdrive.fr/image.ashx?id=3008764&use=l&cat=p&typeid=i","cat":319788},{"id":133173,"n":"IGP Pays d'Oc blanc Ormes De Cambras Sauvignon 12% 75cl","p":3.23,"u":"4,31 €/L","img":"https://fd6-photos.leclercdrive.fr/image.ashx?id=2105155&use=l&cat=p&typeid=i","cat":289557},{"id":133179,"n":"Yaourt protéiné Hipro Vanille 0%mg - 2x160g","p":2.29,"u":"7,16 €/KG","img":"https://fd6-photos.leclercdrive.fr/image.ashx?id=2807414&use=l&cat=p&typeid=i","cat":315000},{"id":133365,"n":"Bière 3 Monts Saison Deux houblons - 75 cl","p":3.12,"u":"4,16 €/L","img":"https://fd6-photos.leclercdrive.fr/image.ashx?id=2548183&use=l&cat=p&typeid=i","cat":334852},{"id":133426,"n":"Capsules Nescafé Dolce Gusto Marrakech Tea - x16","p":4.48,"u":"53,98 €/KG","img":"https://fd6-photos.leclercdrive.fr/image.ashx?id=2467510&use=l&cat=p&typeid=i","cat":293239},{"id":133464,"n":"Shampooing Bio So Bio Etic Hibiscus Acide laurique - 250ml","p":4.87,"u":"19,48 €/L","img":"https://fd6-photos.leclercdrive.fr/image.ashx?id=2784959&use=l&cat=p&typeid=i","cat":284606},{"id":133650,"n":"DOC Prosecco Treviso Mionetto - 75cl","p":7.41,"u":"9,88 €/L","img":"https://fd6-photos.leclercdrive.fr/image.ashx?id=3011911&use=l&cat=p&typeid=i","cat":289461},{"id":133748,"n":"Soda Coca-Cola - SANS SUCRES Bouteille - 6x25cl","p":5.19,"u":"3,46 €/L","img":"https://fd6-photos.leclercdrive.fr/image.ashx?id=2312308&use=l&cat=p&typeid=i","cat":284530},{"id":133891,"n":"Pâte de Wasabi S&B 43g","p":2.51,"u":"58,37 €/KG","img":"https://fd6-photos.leclercdrive.fr/image.ashx?id=2537231&use=l&cat=p&typeid=i","cat":288992},{"id":134047,"n":"Barres de céréales Lion Chocolat caramel - 12x25g","p":3.96,"u":"13,20 €/KG","img":"https://fd6-photos.leclercdrive.fr/image.ashx?id=2846787&use=l&cat=p&typeid=i","cat":285869},{"id":134117,"n":"Foie gras de canard entier  Maison Montfort - 320g","p":27.95,"u":"87,34 €/KG","img":"https://fd6-photos.leclercdrive.fr/image.ashx?id=2730997&use=l&cat=p&typeid=i","cat":316008},{"id":134121,"n":"Poivre noir moulu Eco+ 44g","p":0.55,"u":"12,50 €/KG","img":"https://fd6-photos.leclercdrive.fr/image.ashx?id=2717246&use=l&cat=p&typeid=i","cat":284457},{"id":134122,"n":"Poivre noir moulu Eco+ 90g","p":1.15,"u":"12,78 €/KG","img":"https://fd6-photos.leclercdrive.fr/image.ashx?id=2836307&use=l&cat=p&typeid=i","cat":284457},{"id":134124,"n":"Velouté PurSoup' Liebig Poireaux pomme de terre - 1L","p":2.28,"u":"2,28 €/L","img":"https://fd6-photos.leclercdrive.fr/image.ashx?id=2864324&use=l&cat=p&typeid=i","cat":284462},{"id":134131,"n":"Soupe liquide brique Liebig  Velouté de Tomates - 1L","p":2.39,"u":"2,39 €/L","img":"https://fd6-photos.leclercdrive.fr/image.ashx?id=2759439&use=l&cat=p&typeid=i","cat":284462},{"id":134143,"n":"Tomates cerises allongées Panier du Primeur - 250g","p":1.59,"u":"6,36 €/KG","img":"https://fd6-photos.leclercdrive.fr/image.ashx?id=2232737&use=l&cat=p&typeid=i","cat":284352},{"id":134146,"n":"Biscuits Nustikao Fourrés pâte à tartiner - 200g","p":1.67,"u":"8,35 €/KG","img":"https://fd6-photos.leclercdrive.fr/image.ashx?id=2473999&use=l&cat=p&typeid=i","cat":284488},{"id":134147,"n":"Purée fruit bébé Pomme Myrtille 4/6 mois Blédina - 4x100g","p":2.7,"u":"6,75 €/KG","img":"https://fd6-photos.leclercdrive.fr/image.ashx?id=2983057&use=l&cat=p&typeid=i","cat":312388},{"id":134148,"n":"Purée fruit bébé Pomme Rhubarbe Fraise 6 mois Blédina - 4x100g","p":2.17,"u":"5,43 €/KG","img":"https://fd6-photos.leclercdrive.fr/image.ashx?id=2983060&use=l&cat=p&typeid=i","cat":312388},{"id":134150,"n":"Lait céréales Blédidej 6 mois Céréales - 4x250ml","p":3.69,"u":"3,69 €/L","img":"https://fd6-photos.leclercdrive.fr/image.ashx?id=2921067&use=l&cat=p&typeid=i","cat":312226},{"id":134152,"n":"Biscuits Kinder Happy Hippo Au lait et au cacao - 103,5g","p":1.85,"u":"17,79 €/KG","img":"https://fd6-photos.leclercdrive.fr/image.ashx?id=2454499&use=l&cat=p&typeid=i","cat":284488},{"id":134162,"n":"Fromage frais nature Eco+ 9%mg - 6x60g","p":0.93,"u":"2,58 €/KG","img":"https://fd6-photos.leclercdrive.fr/image.ashx?id=2722372&use=l&cat=p&typeid=i","cat":284409},{"id":134165,"n":"Yaourt à la Grecque Délisse Stracciatella - 4x150g","p":2.39,"u":"3,98 €/KG","img":"https://fd6-photos.leclercdrive.fr/image.ashx?id=2753487&use=l&cat=p&typeid=i","cat":314999},{"id":134167,"n":"Yaourt à la grecque Délisse Noix de Coco - 4x150g","p":2.38,"u":"3,97 €/KG","img":"https://fd6-photos.leclercdrive.fr/image.ashx?id=2699759&use=l&cat=p&typeid=i","cat":314999},{"id":134171,"n":"Nissin soba sachet chili 111g","p":1.58,"u":"14,23 €/KG","img":"https://fd6-photos.leclercdrive.fr/image.ashx?id=2433518&use=l&cat=p&typeid=i","cat":288992},{"id":134172,"n":"Nissin soba sachet teriyaki 110g","p":1.65,"u":"15,00 €/KG","img":"https://fd6-photos.leclercdrive.fr/image.ashx?id=2433521&use=l&cat=p&typeid=i","cat":288992},{"id":134178,"n":"Sauce Sriracha Chilli Hot 215ml","p":3.28,"u":"15,26 €/L","img":"https://fd6-photos.leclercdrive.fr/image.ashx?id=2834062&use=l&cat=p&typeid=i","cat":288992},{"id":134184,"n":"Nissin Soba sachet classique 109g","p":1.75,"u":"16,06 €/KG","img":"https://fd6-photos.leclercdrive.fr/image.ashx?id=2647630&use=l&cat=p&typeid=i","cat":288992},{"id":134194,"n":"Yaourt aromatisé Perle de Lait Lit de Mangue Passion - 4x125g","p":2.31,"u":"4,62 €/P","img":"https://fd6-photos.leclercdrive.fr/image.ashx?id=2989213&use=l&cat=p&typeid=i","cat":314999},{"id":134195,"n":"Yaourt Enfant Petits Filous Aromatisé à la Pêche - 6x100g","p":2.86,"u":"4,77 €/KG","img":"https://fd6-photos.leclercdrive.fr/image.ashx?id=2748437&use=l&cat=p&typeid=i","cat":284415},{"id":134218,"n":"Lardons fumés Tradilège Sans nitrite - 2x75g","p":1.59,"u":"10,60 €/KG","img":"https://fd6-photos.leclercdrive.fr/image.ashx?id=2965828&use=l&cat=p&typeid=i","cat":316011},{"id":134249,"n":"Blé express cuisiné Ebly  Tomate et basilic - 220g","p":1.88,"u":"8,55 €/KG","img":"https://fd6-photos.leclercdrive.fr/image.ashx?id=1963877&use=l&cat=p&typeid=i","cat":287600},{"id":134252,"n":"Feuilleté de mousse la Laitière Chocolat noir - 4x57g","p":1.8,"u":"7,89 €/KG","img":"https://fd6-photos.leclercdrive.fr/image.ashx?id=2875960&use=l&cat=p&typeid=i","cat":284417},{"id":134257,"n":"Corn Flakes Grainéa Nature - 500g","p":2.08,"u":"4,16 €/KG","img":"https://fd6-photos.leclercdrive.fr/image.ashx?id=2939088&use=l&cat=p&typeid=i","cat":309513},{"id":134316,"n":"Goûters P'tit Déli Croc' Goût Vanille - 300g","p":1.01,"u":"3,06 €/KG","img":"https://fd6-photos.leclercdrive.fr/image.ashx?id=2391895&use=l&cat=p&typeid=i","cat":284489},{"id":134317,"n":"Biscuit Croc Break P'tit Déli Goût Chocolat - 300g","p":1.15,"u":"3,83 €/KG","img":"https://fd6-photos.leclercdrive.fr/image.ashx?id=2708895&use=l&cat=p&typeid=i","cat":284488},{"id":134318,"n":"Biscuits P'tit déli Pirates Chocolat - 2x300g","p":2.2,"u":"3,67 €/KG","img":"https://fd6-photos.leclercdrive.fr/image.ashx?id=2539460&use=l&cat=p&typeid=i","cat":284488},{"id":134319,"n":"Biscuit Croc Break P'tit Déli Goût Tout Chocolat - 300g","p":1.15,"u":"3,83 €/KG","img":"https://fd6-photos.leclercdrive.fr/image.ashx?id=2708898&use=l&cat=p&typeid=i","cat":284488},{"id":134331,"n":"Muesli croustillant Grainéa Chocolat noir - 500g","p":2.29,"u":"4,58 €/KG","img":"https://fd6-photos.leclercdrive.fr/image.ashx?id=2925991&use=l&cat=p&typeid=i","cat":309512},{"id":134333,"n":"Muesli croustillant Grainéa Noix - 500g","p":2.02,"u":"4,04 €/KG","img":"https://fd6-photos.leclercdrive.fr/image.ashx?id=2917662&use=l&cat=p&typeid=i","cat":309512},{"id":134336,"n":"Muesli croustillant Grainéa  Aux fruits - 500g","p":1.87,"u":"3,74 €/KG","img":"https://fd6-photos.leclercdrive.fr/image.ashx?id=2931796&use=l&cat=p&typeid=i","cat":309512},{"id":134352,"n":"Muesli croustillant Grainéa  Fraise - 500g","p":2.27,"u":"4,54 €/KG","img":"https://fd6-photos.leclercdrive.fr/image.ashx?id=2931787&use=l&cat=p&typeid=i","cat":309512},{"id":134353,"n":"Muesli croustillant Grainéa Chocolat lait - 500g","p":2.27,"u":"4,54 €/KG","img":"https://fd6-photos.leclercdrive.fr/image.ashx?id=2925994&use=l&cat=p&typeid=i","cat":309512},{"id":134398,"n":"Saucisson Fuet d'Olot 150g","p":2.35,"u":"15,67 €/KG","img":"https://fd6-photos.leclercdrive.fr/image.ashx?id=1971722&use=l&cat=p&typeid=i","cat":316006},{"id":134402,"n":"Amandes  grillées M. Prunille Décortiquées Sans sel - 400g","p":7.29,"u":"18,23 €/KG","img":"https://fd6-photos.leclercdrive.fr/image.ashx?id=1962348&use=l&cat=p&typeid=i","cat":284357},{"id":134427,"n":"Salade de betteraves Menu Fraîcheur - 500g","p":1.89,"u":"3,78 €/KG","img":"https://fd6-photos.leclercdrive.fr/image.ashx?id=2645987&use=l&cat=p&typeid=i","cat":333657},{"id":134534,"n":"Café en grains L'OR Absolu N° 7 1kg","p":19.03,"u":"19,03 €/KG","img":"https://fd6-photos.leclercdrive.fr/image.ashx?id=2716837&use=l&cat=p&typeid=i","cat":293237},{"id":134648,"n":"AOP Côtes du Vivarais Uvica - Rouge - 75cl","p":3.09,"u":"4,12 €/L","img":"https://fd6-photos.leclercdrive.fr/image.ashx?id=2020845&use=l&cat=p&typeid=i","cat":289556},{"id":134655,"n":"AOC Fronsac vin rouge Château Saint Nicolas - 75cl","p":4.84,"u":"6,45 €/L","img":"https://fd6-photos.leclercdrive.fr/image.ashx?id=1964835&use=l&cat=p&typeid=i","cat":289556},{"id":134666,"n":"Champagne Denis Marx 75cl","p":17.2,"u":"22,93 €/L","img":"https://fd6-photos.leclercdrive.fr/image.ashx?id=2079905&use=l&cat=p&typeid=i","cat":284542},{"id":134676,"n":"Friandises chien Pedigree  Schmackos multi mix x20 - 144g","p":2.3,"u":"15,97 €/KG","img":"https://fd6-photos.leclercdrive.fr/image.ashx?id=2338579&use=l&cat=p&typeid=i","cat":294527},{"id":134677,"n":"Friandise petit chien Pedigree  Os à mâcher x4 - 160g","p":2.38,"u":"14,88 €/KG","img":"https://fd6-photos.leclercdrive.fr/image.ashx?id=2997253&use=l&cat=p&typeid=i","cat":294527},{"id":134678,"n":"Friandise moyen chien Pedigree Os à mâcher x2 - 180g","p":2.43,"u":"13,50 €/KG","img":"https://fd6-photos.leclercdrive.fr/image.ashx?id=2981710&use=l&cat=p&typeid=i","cat":294527},{"id":134680,"n":"Biscuits chien Pedigree Markies fourrés - 1,5kg","p":5.23,"u":"3,49 €/KG","img":"https://fd6-photos.leclercdrive.fr/image.ashx?id=2109671&use=l&cat=p&typeid=i","cat":294527},{"id":134688,"n":"Compote Charles & Alice Pommes Pruneaux - 4x100g","p":1.77,"u":"4,43 €/KG","img":"https://fd6-photos.leclercdrive.fr/image.ashx?id=2757335&use=l&cat=p&typeid=i","cat":284416},{"id":134734,"n":"Boule crème chocolat Jacquot orange framboise vanille - 1kg","p":8.12,"u":"8,12 €/KG","img":"https://fd6-photos.leclercdrive.fr/image.ashx?id=2666584&use=l&cat=p&typeid=i","cat":327595},{"id":134737,"n":"Pate à tartiner Curly Onctueux - 340g","p":3.7,"u":"10,88 €/KG","img":"https://fd6-photos.leclercdrive.fr/image.ashx?id=2176275&use=l&cat=p&typeid=i","cat":284481},{"id":134745,"n":"Yaourt nature ECO+ 12x125g","p":1.69,"u":"1,13 €/KG","img":"https://fd6-photos.leclercdrive.fr/image.ashx?id=2791194&use=l&cat=p&typeid=i","cat":284409},{"id":134758,"n":"Compote Allégée en sucres Eco+ Coupelle pomme banane - 4x100g","p":0.59,"u":"1,48 €/KG","img":"https://fd6-photos.leclercdrive.fr/image.ashx?id=2953191&use=l&cat=p&typeid=i","cat":284508},{"id":134770,"n":"Compote bio Bio Village Gourdes multivariétés - 12x90g","p":6.38,"u":"5,91 €/KG","img":"https://fd6-photos.leclercdrive.fr/image.ashx?id=1965920&use=l&cat=p&typeid=i","cat":284508},{"id":134773,"n":"Pur jus de citron vert - 25 cl vert - 25 cl","p":1.79,"u":"7,16 €/L","img":"https://fd6-photos.leclercdrive.fr/image.ashx?id=3010452&use=l&cat=p&typeid=i","cat":288383},{"id":134774,"n":"Pur jus de citron jaune - 50 cl jaune - 50 cl","p":2.39,"u":"4,78 €/L","img":"https://fd6-photos.leclercdrive.fr/image.ashx?id=2140941&use=l&cat=p&typeid=i","cat":288383},{"id":134775,"n":"Lait de coco Bio Village Bio - 200ml","p":1.29,"u":"6,45 €/L","img":"https://fd6-photos.leclercdrive.fr/image.ashx?id=2552451&use=l&cat=p&typeid=i","cat":288992},{"id":134777,"n":"Macaronis Bio Village Bio - 500g","p":1.19,"u":"2,38 €/KG","img":"https://fd6-photos.leclercdrive.fr/image.ashx?id=2624923&use=l&cat=p&typeid=i","cat":284429},{"id":134786,"n":"Potage poule aux vermicelles Eco+ - 56g","p":0.33,"u":"5,89 €/KG","img":"https://fd6-photos.leclercdrive.fr/image.ashx?id=2663260&use=l&cat=p&typeid=i","cat":284463},{"id":134787,"n":"Ravioli bœuf Bio village Bio 700g","p":3.67,"u":"5,24 €/KG","img":"https://fd6-photos.leclercdrive.fr/image.ashx?id=2717255&use=l&cat=p&typeid=i","cat":284442},{"id":134796,"n":"Tomates entières pelées Eco+ 240g","p":0.55,"u":"2,29 €/KG","img":"https://fd6-photos.leclercdrive.fr/image.ashx?id=2762501&use=l&cat=p&typeid=i","cat":312608},{"id":134797,"n":"Tuiles goût barbecue Tokapi 170g","p":1.39,"u":"8,18 €/KG","img":"https://fd6-photos.leclercdrive.fr/image.ashx?id=2632891&use=l&cat=p&typeid=i","cat":287899},{"id":134798,"n":"Velouté de légumes Eco + 1L","p":0.89,"u":"0,89 €/L","img":"https://fd6-photos.leclercdrive.fr/image.ashx?id=2768448&use=l&cat=p&typeid=i","cat":284462},{"id":134811,"n":"Pur jus d'orange Eco + Brique - 2l","p":3.14,"u":"1,57 €/L","img":"https://fd6-photos.leclercdrive.fr/image.ashx?id=2751859&use=l&cat=p&typeid=i","cat":284521},{"id":134815,"n":"Pur jus 4 agrumes Eco +  1L","p":1.43,"u":"1,43 €/L","img":"https://fd6-photos.leclercdrive.fr/image.ashx?id=2762943&use=l&cat=p&typeid=i","cat":284917},{"id":134816,"n":"Jus d'orange ABC Eco + Brique - 1L","p":1.31,"u":"1,31 €/L","img":"https://fd6-photos.leclercdrive.fr/image.ashx?id=2802257&use=l&cat=p&typeid=i","cat":284521},{"id":134819,"n":"Nectar d'orange Eco + Brique - 2L","p":1.83,"u":"0,92 €/L","img":"https://fd6-photos.leclercdrive.fr/image.ashx?id=2842444&use=l&cat=p&typeid=i","cat":284521},{"id":134823,"n":"Nectar multifruits Eco+ 6x20cl","p":1.75,"u":"1,46 €/L","img":"https://fd6-photos.leclercdrive.fr/image.ashx?id=2741598&use=l&cat=p&typeid=i","cat":284917},{"id":134825,"n":"Bière 0.0% Falsbourg  Sans alcool - 6x25cl","p":2.63,"u":"1,75 €/L","img":"https://fd6-photos.leclercdrive.fr/image.ashx?id=2637979&use=l&cat=p&typeid=i","cat":334877},{"id":134829,"n":"Bière forte 7.9% Millbrau 50CL","p":0.85,"u":"1,70 €/L","img":"https://fd6-photos.leclercdrive.fr/image.ashx?id=2955581&use=l&cat=p&typeid=i","cat":334853},{"id":134830,"n":"Eau minérale gaz Alizée Eco + 6x50cl","p":1.26,"u":"0,42 €/L","img":"https://fd6-photos.leclercdrive.fr/image.ashx?id=2959590&use=l&cat=p&typeid=i","cat":284536},{"id":134841,"n":"IGP Pays d'Oc Merlot vin rosé Vieux Carion 12% vol - BIB 3L","p":7.99,"u":"2,66 €/L","img":"https://fd6-photos.leclercdrive.fr/image.ashx?id=2887410&use=l&cat=p&typeid=i","cat":289560},{"id":134842,"n":"Vin d'Union Européenne blanc Adrien Champaud 11% vol BIB 5L","p":8.49,"u":"1,70 €/L","img":"https://fd6-photos.leclercdrive.fr/image.ashx?id=2960517&use=l&cat=p&typeid=i","cat":289557},{"id":134844,"n":"Crème de cassis Gildo 15% - 70cl","p":4.58,"u":"6,54 €/L","img":"https://fd6-photos.leclercdrive.fr/image.ashx?id=2563181&use=l&cat=p&typeid=i","cat":286032},{"id":134852,"n":"Bière blonde de luxe Millbrau 4% - 10x25cl","p":3.73,"u":"1,49 €/L","img":"https://fd6-photos.leclercdrive.fr/image.ashx?id=2955587&use=l&cat=p&typeid=i","cat":334873},{"id":134853,"n":"Bière speciale 4,9% Gildo 50cl","p":0.87,"u":"1,74 €/L","img":"https://fd6-photos.leclercdrive.fr/image.ashx?id=2955605&use=l&cat=p&typeid=i","cat":334853},{"id":134854,"n":"Bière blonde de luxe Millbrau 4% - 24x25cl","p":7.65,"u":"1,28 €/L","img":"https://fd6-photos.leclercdrive.fr/image.ashx?id=2955596&use=l&cat=p&typeid=i","cat":334873},{"id":134856,"n":"Eau de javel Eco + 2L","p":0.63,"u":"0,32 €/L","img":"https://fd6-photos.leclercdrive.fr/image.ashx?id=2949158&use=l&cat=p&typeid=i","cat":284661},{"id":134858,"n":"Brosse à dent enfant Dentamyl Clignotante licorne - 1 pièce","p":1.99,"img":"https://fd6-photos.leclercdrive.fr/image.ashx?id=1965773&use=l&cat=p&typeid=i","cat":288897},{"id":134862,"n":"Gel hydroalcoolique Primoplast 550ml","p":2.1,"u":"3,82 €/L","img":"https://fd6-photos.leclercdrive.fr/image.ashx?id=2856591&use=l&cat=p&typeid=i","cat":284630},{"id":134900,"n":"Boule crème chocolat Jacquot Orange, framboise vanille - 1kg","p":8.12,"u":"8,12 €/KG","img":"https://fd6-photos.leclercdrive.fr/image.ashx?id=2665889&use=l&cat=p&typeid=i","cat":327595},{"id":134938,"n":"Lait bébé en poudre Blédilait 2e âge 6-12 mois 1.2kg","p":16.3,"u":"13,58 €/KG","img":"https://fd6-photos.leclercdrive.fr/image.ashx?id=2674068&use=l&cat=p&typeid=i","cat":284727},{"id":134989,"n":"Amora Cornichons Extra-Fins Bocal Croq'Vert 370g","p":2.85,"u":"7,70 €/KG","img":"https://fd6-photos.leclercdrive.fr/image.ashx?id=2670911&use=l&cat=p&typeid=i","cat":284458},{"id":135004,"n":"Baba au rhum Bonne Maman 2x140g","p":2.26,"u":"8,07 €/P","img":"https://fd6-photos.leclercdrive.fr/image.ashx?id=2912329&use=l&cat=p&typeid=i","cat":284419},{"id":135081,"n":"Joker Pur Jus Engagé  Multifruits - 1,5L","p":3.41,"u":"2,27 €/L","img":"https://fd6-photos.leclercdrive.fr/image.ashx?id=3008137&use=l&cat=p&typeid=i","cat":284917},{"id":135133,"n":"Moelleux au chocolat Equador 4x80g","p":2.99,"u":"24,92 €/KG","img":"https://fd6-photos.leclercdrive.fr/image.ashx?id=1974305&use=l&cat=p&typeid=i","cat":284419},{"id":135134,"n":"Cheesecake au caramel Equador 2x80g","p":2.41,"u":"15,06 €/KG","img":"https://fd6-photos.leclercdrive.fr/image.ashx?id=2712992&use=l&cat=p&typeid=i","cat":284419},{"id":135135,"n":"Cheesecake au citron Equador 2x80g","p":2.41,"u":"15,06 €/KG","img":"https://fd6-photos.leclercdrive.fr/image.ashx?id=2760193&use=l&cat=p&typeid=i","cat":284419},{"id":135136,"n":"Coeur fondant chocolat Equador 2x90g","p":2.13,"u":"11,83 €/KG","img":"https://fd6-photos.leclercdrive.fr/image.ashx?id=1979707&use=l&cat=p&typeid=i","cat":284419},{"id":135137,"n":"Croustillant au chocolat noir Equador - 2x80g","p":2.75,"u":"17,19 €/KG","img":"https://fd6-photos.leclercdrive.fr/image.ashx?id=2557887&use=l&cat=p&typeid=i","cat":284419},{"id":135179,"n":"Sauce béchamel Bridélice 50cl","p":2.65,"u":"5,30 €/L","img":"https://fd6-photos.leclercdrive.fr/image.ashx?id=2904718&use=l&cat=p&typeid=i","cat":284382},{"id":135191,"n":"Yaourt aromatisé sucré Eco+ Pack 12x125g","p":1.86,"u":"1,24 €/KG","img":"https://fd6-photos.leclercdrive.fr/image.ashx?id=2759774&use=l&cat=p&typeid=i","cat":286006},{"id":135196,"n":"Flan vanille Eco+ Nappé caramel - 12x100g","p":1.77,"u":"1,48 €/KG","img":"https://fd6-photos.leclercdrive.fr/image.ashx?id=2798370&use=l&cat=p&typeid=i","cat":284420},{"id":135201,"n":"Matière grasse bio St Hubert Doux 55%MG - 230g","p":2.22,"u":"9,65 €/KG","img":"https://fd6-photos.leclercdrive.fr/image.ashx?id=2886097&use=l&cat=p&typeid=i","cat":315229},{"id":135202,"n":"Flan vanille Eco+ Nappé caramel - 4x100g","p":0.6,"u":"1,50 €/KG","img":"https://fd6-photos.leclercdrive.fr/image.ashx?id=2935214&use=l&cat=p&typeid=i","cat":284420},{"id":135203,"n":"Yaourt nature Eco+ 4x125g","p":0.58,"u":"1,16 €/KG","img":"https://fd6-photos.leclercdrive.fr/image.ashx?id=2671789&use=l&cat=p&typeid=i","cat":284409},{"id":135204,"n":"Margarine allégée Eco+ Cuisson 60%vol - 500g","p":1.16,"u":"2,32 €/KG","img":"https://fd6-photos.leclercdrive.fr/image.ashx?id=2879928&use=l&cat=p&typeid=i","cat":315229},{"id":135236,"n":"Jus d'orange frais Eco+ 1L","p":1.8,"u":"1,80 €/L","img":"https://fd6-photos.leclercdrive.fr/image.ashx?id=2824238&use=l&cat=p&typeid=i","cat":285435},{"id":135245,"n":"Salade mélangée Eco+ 250g","p":0.75,"u":"3,00 €/KG","img":"https://fd6-photos.leclercdrive.fr/image.ashx?id=2693297&use=l&cat=p&typeid=i","cat":284353},{"id":135246,"n":"Crème fraiche Eco+ Légère - 15% MG - 50cl","p":1.35,"u":"2,70 €/L","img":"https://fd6-photos.leclercdrive.fr/image.ashx?id=2891869&use=l&cat=p&typeid=i","cat":284381},{"id":135247,"n":"Fromage fondu Eco+ 17%mg - x10 - 200g","p":1.08,"u":"5,40 €/KG","img":"https://fd6-photos.leclercdrive.fr/image.ashx?id=2652290&use=l&cat=p&typeid=i","cat":314028},{"id":135251,"n":"Yaourt nature sucré Yoplait - 8x125g","p":2.03,"u":"2,03 €/KG","img":"https://fd6-photos.leclercdrive.fr/image.ashx?id=2796830&use=l&cat=p&typeid=i","cat":284409},{"id":135267,"n":"Matière grasse Eco+ Tartine - 55%mg - 500g","p":1.21,"u":"2,42 €/KG","img":"https://fd6-photos.leclercdrive.fr/image.ashx?id=2910580&use=l&cat=p&typeid=i","cat":315229},{"id":135275,"n":"Fromage blanc Eco+ Saveur vanille - 8x100g","p":2.33,"u":"2,91 €/KG","img":"https://fd6-photos.leclercdrive.fr/image.ashx?id=2693084&use=l&cat=p&typeid=i","cat":284409},{"id":135276,"n":"Pomme de terre Panier Primeur Micro-ondes - 750g","p":1.79,"u":"2,39 €/KG","img":"https://fd6-photos.leclercdrive.fr/image.ashx?id=2649903&use=l&cat=p&typeid=i","cat":284352},{"id":135278,"n":"Fromage blanc aromatisé Eco+ 2.8%MG - 12x60g","p":1.79,"u":"2,49 €/KG","img":"https://fd6-photos.leclercdrive.fr/image.ashx?id=2794817&use=l&cat=p&typeid=i","cat":284409},{"id":135292,"n":"Crème dessert Eco+ Panachées - 12x125g","p":2.43,"u":"1,62 €/KG","img":"https://fd6-photos.leclercdrive.fr/image.ashx?id=2804326&use=l&cat=p&typeid=i","cat":285041},{"id":135293,"n":"Crème dessert Eco+ Saveur vanille - 4x125g","p":0.77,"u":"1,54 €/KG","img":"https://fd6-photos.leclercdrive.fr/image.ashx?id=2765695&use=l&cat=p&typeid=i","cat":285041},{"id":135294,"n":"Crème dessert Eco+ Chocolat - 4x125g","p":0.74,"u":"1,48 €/KG","img":"https://fd6-photos.leclercdrive.fr/image.ashx?id=2777791&use=l&cat=p&typeid=i","cat":285041},{"id":135295,"n":"Tranchette de gouda Eco+ 28%mg - 300g","p":2.53,"u":"8,43 €/KG","img":"https://fd6-photos.leclercdrive.fr/image.ashx?id=1974470&use=l&cat=p&typeid=i","cat":314028},{"id":135296,"n":"Fromage mi-chèvre Eco+ 23%mg - 180g","p":1.69,"u":"9,39 €/KG","img":"https://fd6-photos.leclercdrive.fr/image.ashx?id=2978504&use=l&cat=p&typeid=i","cat":314031},{"id":135301,"n":"Hauts de cuisse Eco+ Poulet blanc - 1kg","p":4.49,"u":"4,49 €/KG","img":"https://fd6-photos.leclercdrive.fr/image.ashx?id=1975023&use=l&cat=p&typeid=i","cat":284336},{"id":135302,"n":"Hauts de cuisse Eco+ Poulet jaune - 1kg","p":4.49,"u":"4,49 €/KG","img":"https://fd6-photos.leclercdrive.fr/image.ashx?id=1974521&use=l&cat=p&typeid=i","cat":284336},{"id":135343,"n":"Râpé 3 fromages Les Croisés  Format familial - 350g","p":3.14,"u":"8,97 €/KG","img":"https://fd6-photos.leclercdrive.fr/image.ashx?id=2436326&use=l&cat=p&typeid=i","cat":314035},{"id":135426,"n":"Sauce Salsa Old El Paso à napper doux - 226g","p":2.51,"u":"11,11 €/KG","img":"https://fd6-photos.leclercdrive.fr/image.ashx?id=2738797&use=l&cat=p&typeid=i","cat":288993},{"id":135454,"n":"Brioche tranchée Harrys Nature sans additif Maxi - 680g","p":3.23,"u":"4,75 €/KG","img":"https://fd6-photos.leclercdrive.fr/image.ashx?id=2503022&use=l&cat=p&typeid=i","cat":284478},{"id":135456,"n":"Brioche tranchée Harrys Nature / Sans additifs - 485 g","p":2.37,"u":"4,89 €/KG","img":"https://fd6-photos.leclercdrive.fr/image.ashx?id=2503019&use=l&cat=p&typeid=i","cat":284478},{"id":135458,"n":"Brioche tranchée nature Harrys Allégée en sucre - 485g","p":2.95,"u":"6,08 €/KG","img":"https://fd6-photos.leclercdrive.fr/image.ashx?id=2503031&use=l&cat=p&typeid=i","cat":284478},{"id":135459,"n":"Brioche Tranchée Harrys Pépites de chocolat - 485g","p":2.93,"u":"6,04 €/KG","img":"https://fd6-photos.leclercdrive.fr/image.ashx?id=2503028&use=l&cat=p&typeid=i","cat":284478},{"id":135475,"n":"Fromage Persillée Saint Agur  250g","p":4.56,"u":"18,24 €/KG","img":"https://fd6-photos.leclercdrive.fr/image.ashx?id=2276759&use=l&cat=p&typeid=i","cat":314032},{"id":135476,"n":"Fromage à Tartiner Tartare  Ail et Fines Herbes - 150g","p":1.88,"u":"12,53 €/KG","img":"https://fd6-photos.leclercdrive.fr/image.ashx?id=2243365&use=l&cat=p&typeid=i","cat":314029},{"id":135481,"n":"Barres céréales Nesquik Chocolat - 12x25g","p":3.99,"u":"13,30 €/KG","img":"https://fd6-photos.leclercdrive.fr/image.ashx?id=2843225&use=l&cat=p&typeid=i","cat":285869},{"id":135658,"n":"Chocolats Ferrero Prestige Assortiments x16- 166g","p":6.31,"u":"38,01 €/KG","img":"https://fd6-photos.leclercdrive.fr/image.ashx?id=2896429&use=l&cat=p&typeid=i","cat":327595},{"id":135682,"n":"Yaourt a la grecque Yaos Vanille - 4x125g + 2 offerts","p":1.9,"u":"2,53 €/KG","img":"https://fd6-photos.leclercdrive.fr/image.ashx?id=2580666&use=l&cat=p&typeid=i","cat":314999},{"id":135729,"n":"Louche trendy HOMESIDE 1 pièce","p":3.9,"img":"https://fd6-photos.leclercdrive.fr/image.ashx?id=2017608&use=l&cat=p&typeid=i","cat":334135},{"id":135731,"n":"Cuillère trendy HOMESIDE 1 pièce","p":3.9,"img":"https://fd6-photos.leclercdrive.fr/image.ashx?id=2017599&use=l&cat=p&typeid=i","cat":334135},{"id":135747,"n":"Suprême de tomates 98,5ml","p":5.15,"u":"52,55 €/L","img":"https://fd6-photos.leclercdrive.fr/image.ashx?id=2694836&use=l&cat=p&typeid=i","cat":284462},{"id":135780,"n":"Petits pots bébé P'TITE RECETTE Cabillaud 8M+ - 2x200g","p":2.5,"u":"6,25 €/KG","img":"https://fd6-photos.leclercdrive.fr/image.ashx?id=2525717&use=l&cat=p&typeid=i","cat":312236},{"id":136362,"n":"AOC Côtes du Rhône rouge Réserve de Bonpas - 75cl","p":5.1,"u":"6,80 €/L","img":"https://fd6-photos.leclercdrive.fr/image.ashx?id=2991202&use=l&cat=p&typeid=i","cat":289556},{"id":136366,"n":"Boulettes pois chiches Hari&Co Bio Patate douce curcuma -180g","p":3.6,"u":"20,00 €/KG","img":"https://fd6-photos.leclercdrive.fr/image.ashx?id=2903590&use=l&cat=p&typeid=i","cat":316036},{"id":136373,"n":"Boîte chocolats Ferrero Rocher x27 pralines - 337g","p":12.1,"u":"35,80 €/KG","img":"https://fd6-photos.leclercdrive.fr/image.ashx?id=2940522&use=l&cat=p&typeid=i","cat":327600},{"id":136381,"n":"Calendrier de l'Avent Kinder Lutin avec écureuils - 234g","p":11.06,"u":"47,26 €/KG","img":"https://fd6-photos.leclercdrive.fr/image.ashx?id=1984801&use=l&cat=p&typeid=i","cat":336112},{"id":136399,"n":"Oeuf maxi Kinder Surprise Jaune Pingouin - 100g","p":6.52,"u":"65,20 €/KG","img":"https://fd6-photos.leclercdrive.fr/image.ashx?id=2428932&use=l&cat=p&typeid=i","cat":327592},{"id":136407,"n":"Giga Candy canez Fizzy Fraise - 50g","p":1.23,"u":"24,60 €/KG","img":"https://fd6-photos.leclercdrive.fr/image.ashx?id=1984813&use=l&cat=p&typeid=i","cat":327592},{"id":136445,"n":"Gateau marbré Savane Chocolat - 310g","p":2.5,"u":"8,06 €/KG","img":"https://fd6-photos.leclercdrive.fr/image.ashx?id=2870719&use=l&cat=p&typeid=i","cat":294776},{"id":136453,"n":"Plat bébé soir Blédiner 12mois  quinoa légumes - 2x200g","p":2.94,"u":"7,35 €/KG","img":"https://fd6-photos.leclercdrive.fr/image.ashx?id=2845856&use=l&cat=p&typeid=i","cat":312239},{"id":136455,"n":"Shampooing Timotei Pure Purifiant - 300ml","p":2.07,"u":"6,90 €/L","img":"https://fd6-photos.leclercdrive.fr/image.ashx?id=2050549&use=l&cat=p&typeid=i","cat":284606},{"id":136472,"n":"Confiture Pure Via Fraise - 300g","p":2.63,"u":"8,77 €/KG","img":"https://fd6-photos.leclercdrive.fr/image.ashx?id=2752065&use=l&cat=p&typeid=i","cat":284480},{"id":136585,"n":"Plat bébé soir Blédiner 15 mois pâtes crème légumes - 2x200g","p":2.56,"u":"6,40 €/KG","img":"https://fd6-photos.leclercdrive.fr/image.ashx?id=2845859&use=l&cat=p&typeid=i","cat":312239},{"id":136586,"n":"Plat bébé soir Blédiner 8 mois Boulghour poireau - 2x200g","p":2.76,"u":"6,90 €/KG","img":"https://fd6-photos.leclercdrive.fr/image.ashx?id=2845862&use=l&cat=p&typeid=i","cat":312239},{"id":136598,"n":"Compote Bio Village Gourdes Pomme bio - 12x90g","p":5.25,"u":"4,86 €/KG","img":"https://fd6-photos.leclercdrive.fr/image.ashx?id=2330517&use=l&cat=p&typeid=i","cat":284508},{"id":136603,"n":"Serviettes ultra super Tadam Dermo-sensitives bio - x12","p":2.65,"img":"https://fd6-photos.leclercdrive.fr/image.ashx?id=2754955&use=l&cat=p&typeid=i","cat":284624},{"id":136627,"n":"Pad Thai Céréal Bio  Bio repas express - 220g","p":2.8,"u":"12,73 €/KG","img":"https://fd6-photos.leclercdrive.fr/image.ashx?id=2574089&use=l&cat=p&typeid=i","cat":288992},{"id":136635,"n":"Cassoulet Maison Rivière Confit de canard - 840g","p":5.48,"u":"6,52 €/KG","img":"https://fd6-photos.leclercdrive.fr/image.ashx?id=2734225&use=l&cat=p&typeid=i","cat":284440},{"id":136645,"n":"Blé gourmand l'Original Ebly Cuisson 10min - 1kg","p":2.7,"u":"2,70 €/KG","img":"https://fd6-photos.leclercdrive.fr/image.ashx?id=2286278&use=l&cat=p&typeid=i","cat":284429},{"id":136655,"n":"Tomates cerises colorées Panier du Primeur - 350g","p":2.29,"u":"6,54 €/KG","img":"https://fd6-photos.leclercdrive.fr/image.ashx?id=2964586&use=l&cat=p&typeid=i","cat":284352},{"id":136659,"n":"Pâtes fraîches Spaetzle Stoeffler - 300g","p":2.92,"u":"9,73 €/KG","img":"https://fd6-photos.leclercdrive.fr/image.ashx?id=2767522&use=l&cat=p&typeid=i","cat":333682},{"id":136668,"n":"Champignons de Paris bruns Panier du Primeur - 250g","p":1.79,"u":"7,16 €/KG","img":"https://fd6-photos.leclercdrive.fr/image.ashx?id=2600255&use=l&cat=p&typeid=i","cat":284352},{"id":136670,"n":"Oignons jaunes Eco+ 1.5 Kg","p":1.69,"u":"1,13 €/KG","img":"https://fd6-photos.leclercdrive.fr/image.ashx?id=2772572&use=l&cat=p&typeid=i","cat":284352},{"id":136671,"n":"Pommes bicolores Panier Primeur HVE - Sachet 1.5kg","p":2.99,"u":"1,99 €/KG","img":"https://fd6-photos.leclercdrive.fr/image.ashx?id=2928279&use=l&cat=p&typeid=i","cat":284356},{"id":136736,"n":"Quinoa parfumé Tipiak 240g","p":3.23,"u":"13,46 €/KG","img":"https://fd6-photos.leclercdrive.fr/image.ashx?id=2833747&use=l&cat=p&typeid=i","cat":284429},{"id":136767,"n":"Boite de chocolat Côte d'Or Bouchée au lait - 197g","p":5.99,"u":"30,41 €/KG","img":"https://fd6-photos.leclercdrive.fr/image.ashx?id=2792942&use=l&cat=p&typeid=i","cat":327595},{"id":136775,"n":"Fleur de maïs Maïzena 700g","p":2.45,"pp":1.71,"u":"2,44 €/KG","img":"https://fd6-photos.leclercdrive.fr/image.ashx?id=2328361&use=l&cat=p&typeid=i","cat":288382},{"id":136777,"n":"Sachet chat Felix Succulent Campagne - 12x80g","p":5.34,"u":"5,56 €/KG","img":"https://fd6-photos.leclercdrive.fr/image.ashx?id=2861186&use=l&cat=p&typeid=i","cat":285286},{"id":136813,"n":"Biscuits Bruges Delacre Boîte Assortiment - 200g","p":2.92,"u":"14,60 €/KG","img":"https://fd6-photos.leclercdrive.fr/image.ashx?id=2867966&use=l&cat=p&typeid=i","cat":284490},{"id":136814,"n":"Barre céréales Chocapic  Chocolat - 12x25g","p":3.99,"u":"13,30 €/KG","img":"https://fd6-photos.leclercdrive.fr/image.ashx?id=2846784&use=l&cat=p&typeid=i","cat":285869},{"id":136907,"n":"Mini Roc Côte d'Or Chocolat au lait - 195g","p":7.83,"u":"40,15 €/KG","img":"https://fd6-photos.leclercdrive.fr/image.ashx?id=2488088&use=l&cat=p&typeid=i","cat":327595},{"id":136930,"n":"Bonbons de Noël Milka Lait pétillant - 86g","p":3.42,"u":"39,77 €/KG","img":"https://fd6-photos.leclercdrive.fr/image.ashx?id=2834008&use=l&cat=p&typeid=i","cat":327592},{"id":137070,"n":"Petits pois Bio Village Bio - 420g","p":2.35,"u":"5,60 €/KG","img":"https://fd6-photos.leclercdrive.fr/image.ashx?id=3002707&use=l&cat=p&typeid=i","cat":312607},{"id":137283,"n":"Yaourt à boire Ptit Yop Aromatisé Fraise - 6x180g","p":2.78,"u":"2,57 €/KG","img":"https://fd6-photos.leclercdrive.fr/image.ashx?id=2902735&use=l&cat=p&typeid=i","cat":284415},{"id":137287,"n":"Yaourt à boire Ptit Yop Aromatisé Vanille - 6x180g","p":2.78,"u":"2,57 €/KG","img":"https://fd6-photos.leclercdrive.fr/image.ashx?id=2951800&use=l&cat=p&typeid=i","cat":284415},{"id":137289,"n":"Yaourt à boire Ptit Yop Aromatisé Framboise - 6x180g","p":2.84,"u":"2,63 €/KG","img":"https://fd6-photos.leclercdrive.fr/image.ashx?id=2951797&use=l&cat=p&typeid=i","cat":284415},{"id":137298,"n":"Yaourt à boire Ptit Yop Aromatisé Panaché - 6x180g","p":2.84,"u":"2,63 €/KG","img":"https://fd6-photos.leclercdrive.fr/image.ashx?id=2985168&use=l&cat=p&typeid=i","cat":284415},{"id":137314,"n":"Calendrier de l'Avent Kinder Chalet Pingouins - 184g","p":9.75,"u":"52,99 €/KG","img":"https://fd6-photos.leclercdrive.fr/image.ashx?id=1984786&use=l&cat=p&typeid=i","cat":336112},{"id":137325,"n":"Lait bébé Candia Baby  croissance 3ème âge - 6x25cl","p":3.97,"u":"2,65 €/L","img":"https://fd6-photos.leclercdrive.fr/image.ashx?id=2963346&use=l&cat=p&typeid=i","cat":284728},{"id":137331,"n":"Kinder moulage avec surprise Bonhomme de neige - 36g","p":2.15,"u":"59,72 €/KG","img":"https://fd6-photos.leclercdrive.fr/image.ashx?id=1984798&use=l&cat=p&typeid=i","cat":327592},{"id":137342,"n":"Calendrier de l'Avent Kinder Chalet père noël 234g","p":11.06,"u":"47,26 €/KG","img":"https://fd6-photos.leclercdrive.fr/image.ashx?id=1984804&use=l&cat=p&typeid=i","cat":336112},{"id":137344,"n":"Giga Candy canez Fizzy Pomme - 50g","p":1.23,"u":"24,60 €/KG","img":"https://fd6-photos.leclercdrive.fr/image.ashx?id=1984816&use=l&cat=p&typeid=i","cat":327592},{"id":137382,"n":"Spray retouche L'Oréal Paris Magic Retouch Châtain Clair","p":9.29,"u":"12,39 €/L","img":"https://fd6-photos.leclercdrive.fr/image.ashx?id=2597196&use=l&cat=p&typeid=i","cat":288899},{"id":137384,"n":"Déodorant bille Men Expert Efficacité 48h - 50ml","p":2.56,"u":"51,20 €/L","img":"https://fd6-photos.leclercdrive.fr/image.ashx?id=2300512&use=l&cat=p&typeid=i","cat":284618},{"id":137388,"n":"Gel Douche Bio Sans Savon Cadum Huile d'Amandes Douces - 500ml","p":2.48,"u":"4,96 €/L","img":"https://fd6-photos.leclercdrive.fr/image.ashx?id=2575627&use=l&cat=p&typeid=i","cat":284594},{"id":137395,"n":"Huile extraordinaire Elseve Jojoba 100ml","p":11.85,"u":"118,50 €/L","img":"https://fd6-photos.leclercdrive.fr/image.ashx?id=2870674&use=l&cat=p&typeid=i","cat":284608},{"id":137422,"n":"Assortiment 50 mini saucisses 800g","p":7.59,"u":"9,49 €/KG","img":"https://fd6-photos.leclercdrive.fr/image.ashx?id=2177923&use=l&cat=p&typeid=i","cat":319774},{"id":137427,"n":"Soin Nutri-correcteur Dessange Cheveux Blonds, Colorés - 125ml","p":6.72,"u":"53,76 €/L","img":"https://fd6-photos.leclercdrive.fr/image.ashx?id=2870689&use=l&cat=p&typeid=i","cat":284608},{"id":137436,"n":"Masque Protection Couleur Elsève Color-Vive - 310ml","p":5.08,"u":"16,39 €/L","img":"https://fd6-photos.leclercdrive.fr/image.ashx?id=2865875&use=l&cat=p&typeid=i","cat":284608},{"id":137437,"n":"gateau Savane Brossard Chocolat - 310g","p":2.69,"u":"8,68 €/KG","img":"https://fd6-photos.leclercdrive.fr/image.ashx?id=2976836&use=l&cat=p&typeid=i","cat":294776},{"id":137525,"n":"Galak Chocolat Noël  Moulage Renne - 88g","p":3.19,"u":"36,25 €/KG","img":"https://fd6-photos.leclercdrive.fr/image.ashx?id=2570604&use=l&cat=p&typeid=i","cat":327592},{"id":137567,"n":"Père Noel Smarties Vert - 85g","p":3.19,"u":"37,53 €/KG","img":"https://fd6-photos.leclercdrive.fr/image.ashx?id=1985745&use=l&cat=p&typeid=i","cat":284958},{"id":137669,"n":"Croquette chiens Mix  Fido Volaille/légumes - 2.5kg","p":6.0,"u":"2,40 €/KG","img":"https://fd6-photos.leclercdrive.fr/image.ashx?id=2973309&use=l&cat=p&typeid=i","cat":284672},{"id":137680,"n":"Croquette pour chien  Fido Croq' Mix boeuf et légumes 3kg","p":6.33,"u":"2,11 €/KG","img":"https://fd6-photos.leclercdrive.fr/image.ashx?id=2973306&use=l&cat=p&typeid=i","cat":284672},{"id":137700,"n":"Compote Douceur du Verger Coupelle fruits rouges -16x100g","p":4.21,"u":"2,63 €/KG","img":"https://fd6-photos.leclercdrive.fr/image.ashx?id=2663560&use=l&cat=p&typeid=i","cat":284508},{"id":137702,"n":"Compote Douceur du Verger Coupelle fruits jaunes -16x100g","p":3.97,"u":"2,48 €/KG","img":"https://fd6-photos.leclercdrive.fr/image.ashx?id=2834890&use=l&cat=p&typeid=i","cat":284508},{"id":137703,"n":"Compote Douceur du Verger Coupelle pomme - 16x100g","p":3.55,"u":"2,22 €/KG","img":"https://fd6-photos.leclercdrive.fr/image.ashx?id=2991452&use=l&cat=p&typeid=i","cat":284508},{"id":137713,"n":"Préparation Flan Entremets alsa Chocolat - 192g","p":1.94,"u":"8,36 €/KG","img":"https://fd6-photos.leclercdrive.fr/image.ashx?id=2842546&use=l&cat=p&typeid=i","cat":284505},{"id":137733,"n":"Gnocchi à Poeler Turini 700g","p":1.99,"u":"2,84 €/KG","img":"https://fd6-photos.leclercdrive.fr/image.ashx?id=3014377&use=l&cat=p&typeid=i","cat":333682},{"id":137746,"n":"Gourmet Purina Poulet / Dinde - 8x85g","p":6.6,"u":"9,71 €/KG","img":"https://fd6-photos.leclercdrive.fr/image.ashx?id=2896795&use=l&cat=p&typeid=i","cat":285286},{"id":137754,"n":"Barquettes chat Gourmet  Coffret de la mer - 8x85g","p":6.32,"u":"9,29 €/KG","img":"https://fd6-photos.leclercdrive.fr/image.ashx?id=2861770&use=l&cat=p&typeid=i","cat":285286},{"id":137757,"n":"Tarte aux poireaux Marie Gratinée à l'Emmental - 400g","p":3.48,"u":"8,70 €/KG","img":"https://fd6-photos.leclercdrive.fr/image.ashx?id=2996680&use=l&cat=p&typeid=i","cat":284257},{"id":137759,"n":"Tarte au Chèvre Marie Tomates cerises - 400g","p":3.38,"u":"8,45 €/KG","img":"https://fd6-photos.leclercdrive.fr/image.ashx?id=2996677&use=l&cat=p&typeid=i","cat":284257},{"id":137769,"n":"Soupe liquide brique Liebig  Poireaux Pomme de Terre 2x30cl","p":1.95,"u":"3,25 €/L","img":"https://fd6-photos.leclercdrive.fr/image.ashx?id=2864327&use=l&cat=p&typeid=i","cat":284462},{"id":137777,"n":"Haricots verts Bonduelle Extra Fins 440g","p":1.99,"u":"4,52 €/KG","img":"https://fd6-photos.leclercdrive.fr/image.ashx?id=2943927&use=l&cat=p&typeid=i","cat":312606},{"id":137794,"n":"Liqueur Amaretto Giffard 25% vol - 50cl","p":8.0,"u":"16,00 €/L","img":"https://fd6-photos.leclercdrive.fr/image.ashx?id=1987083&use=l&cat=p&typeid=i","cat":286032},{"id":137796,"n":"Porto Cruz rouge 18%vol - 1L","p":10.0,"u":"10,00 €/L","img":"https://fd6-photos.leclercdrive.fr/image.ashx?id=2161512&use=l&cat=p&typeid=i","cat":284913},{"id":137857,"n":"Petits Pois Bonduelle Sans Arôme Ajouté 280g","p":1.2,"u":"4,29 €/KG","img":"https://fd6-photos.leclercdrive.fr/image.ashx?id=2913157&use=l&cat=p&typeid=i","cat":312607},{"id":137860,"n":"Riz long blanchi Eco+ 1kg","p":1.22,"u":"1,22 €/KG","img":"https://fd6-photos.leclercdrive.fr/image.ashx?id=2076622&use=l&cat=p&typeid=i","cat":284428},{"id":137862,"n":"Riz long étuvé Eco+ 1kg","p":1.35,"u":"1,35 €/KG","img":"https://fd6-photos.leclercdrive.fr/image.ashx?id=2076625&use=l&cat=p&typeid=i","cat":284428},{"id":137864,"n":"Riz long étuvé Eco+ 4x125g","p":0.87,"u":"1,74 €/KG","img":"https://fd6-photos.leclercdrive.fr/image.ashx?id=1991126&use=l&cat=p&typeid=i","cat":284428},{"id":137865,"n":"Compote SSA Douceur du Verger Gourdes Pomme Poire - 4x90g","p":1.23,"u":"3,42 €/KG","img":"https://fd6-photos.leclercdrive.fr/image.ashx?id=2837069&use=l&cat=p&typeid=i","cat":284508},{"id":137866,"n":"Compotes Douceur du Verger Pomme Banane - 4x90g","p":1.39,"u":"3,86 €/KG","img":"https://fd6-photos.leclercdrive.fr/image.ashx?id=2837066&use=l&cat=p&typeid=i","cat":284508},{"id":137900,"n":"Barres de céréales Grainéa Chocolat noir x6 - 126g","p":1.39,"u":"11,03 €/KG","img":"https://fd6-photos.leclercdrive.fr/image.ashx?id=2721370&use=l&cat=p&typeid=i","cat":285869},{"id":137904,"n":"Barre de céréales Grainea 126g","p":1.39,"u":"11,03 €/KG","img":"https://fd6-photos.leclercdrive.fr/image.ashx?id=2912863&use=l&cat=p&typeid=i","cat":285869},{"id":137907,"n":"Compote Douceur du Verger Coupelle pomme mangue - 4x100g","p":1.45,"u":"3,63 €/KG","img":"https://fd6-photos.leclercdrive.fr/image.ashx?id=2663548&use=l&cat=p&typeid=i","cat":284508},{"id":137910,"n":"Compote Douceur du Verger Gourdes multivariétés - 20x90g","p":6.09,"u":"3,38 €/KG","img":"https://fd6-photos.leclercdrive.fr/image.ashx?id=2805045&use=l&cat=p&typeid=i","cat":284508},{"id":137955,"n":"Maïs ultra croquant D'Aucy 3x140g","p":2.24,"u":"5,33 €/KG","img":"https://fd6-photos.leclercdrive.fr/image.ashx?id=2429215&use=l&cat=p&typeid=i","cat":312611},{"id":137969,"n":"Pavé fondant emmental Président 2 pièces - 200g","p":3.49,"u":"17,45 €/KG","img":"https://fd6-photos.leclercdrive.fr/image.ashx?id=2856088&use=l&cat=p&typeid=i","cat":314027},{"id":137970,"n":"Carottes râpées à la ciboulette Pierre Martinet - 300g","p":1.72,"u":"5,73 €/KG","img":"https://fd6-photos.leclercdrive.fr/image.ashx?id=2990535&use=l&cat=p&typeid=i","cat":333657},{"id":137971,"n":"Carottes rapées à la Ciboulette Pierre Martinet - 510g","p":1.99,"u":"3,90 €/KG","img":"https://fd6-photos.leclercdrive.fr/image.ashx?id=2990532&use=l&cat=p&typeid=i","cat":333657},{"id":137988,"n":"Préparation Tablier Blanc Frangipane - 200g","p":2.66,"u":"13,30 €/KG","img":"https://fd6-photos.leclercdrive.fr/image.ashx?id=2460628&use=l&cat=p&typeid=i","cat":284504},{"id":138051,"n":"Lasagnes Lustucru Aux œufs - 250g","p":1.32,"u":"5,28 €/KG","img":"https://fd6-photos.leclercdrive.fr/image.ashx?id=2023182&use=l&cat=p&typeid=i","cat":284427},{"id":138083,"n":"Bière blonde Bellerose IPA 75 cl - 6.5%vol","p":4.24,"u":"5,65 €/L","img":"https://fd6-photos.leclercdrive.fr/image.ashx?id=2672416&use=l&cat=p&typeid=i","cat":334872},{"id":138134,"n":"Nettoyant multi-usage Carolin Pivoine et musc - 1L","p":2.57,"u":"2,57 €/L","img":"https://fd6-photos.leclercdrive.fr/image.ashx?id=2494668&use=l&cat=p&typeid=i","cat":284907},{"id":138193,"n":"Fromage blanc bébé Blédina 6m Vanille - 4x100g","p":3.0,"u":"7,50 €/KG","img":"https://fd6-photos.leclercdrive.fr/image.ashx?id=2636817&use=l&cat=p&typeid=i","cat":312392},{"id":138199,"n":"Repas bébé Blédichef 15 mois  Colombo de riz poisson - 250g","p":2.11,"u":"8,44 €/KG","img":"https://fd6-photos.leclercdrive.fr/image.ashx?id=2951599&use=l&cat=p&typeid=i","cat":312238},{"id":138200,"n":"Repas bébé Blédichef 15 mois  Tajine légumes poulet - 250g","p":1.97,"u":"7,88 €/KG","img":"https://fd6-photos.leclercdrive.fr/image.ashx?id=2951602&use=l&cat=p&typeid=i","cat":312238},{"id":138537,"n":"Coloration Casting Crème Gloss  400 Châtain Craquant","p":8.18,"img":"https://fd6-photos.leclercdrive.fr/image.ashx?id=2869080&use=l&cat=p&typeid=i","cat":288899},{"id":138668,"n":"Masque Cheveux Nutrition Elsève Huile Extraordinaire - 310ml","p":4.84,"u":"15,61 €/L","img":"https://fd6-photos.leclercdrive.fr/image.ashx?id=2511859&use=l&cat=p&typeid=i","cat":284608},{"id":138669,"n":"Masque reconstructeur Elsève Dream Long Cheveu Abîmé - 310ml","p":4.92,"u":"15,87 €/L","img":"https://fd6-photos.leclercdrive.fr/image.ashx?id=2278139&use=l&cat=p&typeid=i","cat":284608},{"id":138670,"n":"Shampoing réparateur Dessange Cheveux Très Abîmés - 250ml","p":2.86,"u":"11,44 €/L","img":"https://fd6-photos.leclercdrive.fr/image.ashx?id=2308063&use=l&cat=p&typeid=i","cat":284606},{"id":139265,"n":"Calendrier de l'avent Abtey Chocolat noir la liqueur 290g","p":8.89,"u":"30,66 €/KG","img":"https://fd6-photos.leclercdrive.fr/image.ashx?id=2526728&use=l&cat=p&typeid=i","cat":327601},{"id":139334,"n":"Père Noel  Rohan Chocolat au lait - 125g","p":2.55,"u":"20,40 €/KG","img":"https://fd6-photos.leclercdrive.fr/image.ashx?id=2484918&use=l&cat=p&typeid=i","cat":327592},{"id":139341,"n":"Bonhomme de neige Rohan 140g","p":2.86,"u":"20,43 €/KG","img":"https://fd6-photos.leclercdrive.fr/image.ashx?id=1995597&use=l&cat=p&typeid=i","cat":327592},{"id":139395,"n":"Kinder chocolat mini mug  102g","p":8.77,"u":"85,98 €/KG","img":"https://fd6-photos.leclercdrive.fr/image.ashx?id=2940519&use=l&cat=p&typeid=i","cat":327592},{"id":139453,"n":"KitKat Chocolat Noël Moulage Père Noël - 85g","p":3.19,"u":"37,53 €/KG","img":"https://fd6-photos.leclercdrive.fr/image.ashx?id=2901575&use=l&cat=p&typeid=i","cat":327592},{"id":139905,"n":"Oeufs au sol Eco+ x10","p":1.75,"u":"0,18 €/P","img":"https://fd6-photos.leclercdrive.fr/image.ashx?id=2724814&use=l&cat=p&typeid=i","cat":284378},{"id":141162,"n":"Fond de veau Maggi 110g","p":2.54,"u":"23,09 €/KG","img":"https://fd6-photos.leclercdrive.fr/image.ashx?id=2917546&use=l&cat=p&typeid=i","cat":288379},{"id":141805,"n":"Repas Felix Tasty Purina Saumon thon 12x80g","p":5.47,"u":"5,70 €/KG","img":"https://fd6-photos.leclercdrive.fr/image.ashx?id=2478417&use=l&cat=p&typeid=i","cat":285286},{"id":141809,"n":"Friandise pour chat Dentalife Poulet - 40g","p":1.58,"u":"39,50 €/KG","img":"https://fd6-photos.leclercdrive.fr/image.ashx?id=2424716&use=l&cat=p&typeid=i","cat":285285},{"id":141810,"n":"Croquette Purina One Chat difficile  Cabillaud 1.5kg","p":8.16,"u":"5,44 €/KG","img":"https://fd6-photos.leclercdrive.fr/image.ashx?id=2477871&use=l&cat=p&typeid=i","cat":284680},{"id":142200,"n":"Planche à découper Homeside 1 pièce","p":4.0,"img":"https://fd6-photos.leclercdrive.fr/image.ashx?id=2017593&use=l&cat=p&typeid=i","cat":334135},{"id":142205,"n":"Mini piques brochettes Homeside 1 pièce","p":0.64,"img":"https://fd6-photos.leclercdrive.fr/image.ashx?id=2017503&use=l&cat=p&typeid=i","cat":334135},{"id":142206,"n":"Piques brochettes Homeside 25cm - 1 pièce","p":0.62,"img":"https://fd6-photos.leclercdrive.fr/image.ashx?id=2017500&use=l&cat=p&typeid=i","cat":334135},{"id":142224,"n":"Thermomètre intérieur Homeside 1 pièce","p":2.89,"img":"https://fd6-photos.leclercdrive.fr/image.ashx?id=2017563&use=l&cat=p&typeid=i","cat":334135},{"id":142229,"n":"Cuillère à infusion Homeside 1 pièce","p":1.49,"img":"https://fd6-photos.leclercdrive.fr/image.ashx?id=2017515&use=l&cat=p&typeid=i","cat":334135},{"id":142230,"n":"Filtre à café Homeside 1 pièce","p":2.5,"img":"https://fd6-photos.leclercdrive.fr/image.ashx?id=2017512&use=l&cat=p&typeid=i","cat":334135},{"id":142522,"n":"Ananas Del Monte en morceaux - 350g","p":2.43,"u":"6,94 €/KG","img":"https://fd6-photos.leclercdrive.fr/image.ashx?id=2029403&use=l&cat=p&typeid=i","cat":284507},{"id":142705,"n":"Bière LIL Blonde 75cl","p":4.24,"u":"5,65 €/L","img":"https://fd6-photos.leclercdrive.fr/image.ashx?id=2956577&use=l&cat=p&typeid=i","cat":334872},{"id":142709,"n":"Bière blonde LIL IPA 75cl","p":4.36,"u":"5,81 €/L","img":"https://fd6-photos.leclercdrive.fr/image.ashx?id=2956580&use=l&cat=p&typeid=i","cat":334872},{"id":142975,"n":"Yaourts panachés Délisse Fraise framboise - 4x125g","p":1.69,"u":"3,38 €/KG","img":"https://fd6-photos.leclercdrive.fr/image.ashx?id=2595543&use=l&cat=p&typeid=i","cat":284410},{"id":142977,"n":"Yaourts Délisse Aux fruits exotiques - 8x125g","p":2.35,"u":"2,35 €/KG","img":"https://fd6-photos.leclercdrive.fr/image.ashx?id=2595540&use=l&cat=p&typeid=i","cat":284410},{"id":142978,"n":"Compotes Douceur du Verger Panachées - 16x100g","p":3.85,"u":"2,41 €/KG","img":"https://fd6-photos.leclercdrive.fr/image.ashx?id=2026857&use=l&cat=p&typeid=i","cat":284416},{"id":143001,"n":"Dosettes café Plantation CLassique - x60 - 416g","p":6.09,"u":"14,64 €/KG","img":"https://fd6-photos.leclercdrive.fr/image.ashx?id=2824289&use=l&cat=p&typeid=i","cat":293238},{"id":143023,"n":"Beef-Stick Vitakraft x4 - 48g","p":2.08,"u":"43,33 €/KG","img":"https://fd6-photos.leclercdrive.fr/image.ashx?id=2857686&use=l&cat=p&typeid=i","cat":294527},{"id":143180,"n":"Coquilles Saint-Jacques Tipiak à la Normande - 10x90g","p":12.98,"u":"14,42 €/KG","img":"https://fd6-photos.leclercdrive.fr/image.ashx?id=2614098&use=l&cat=p&typeid=i","cat":319775},{"id":143237,"n":"Piles Eco+ AAA/LR3 - x8","p":1.27,"img":"https://fd6-photos.leclercdrive.fr/image.ashx?id=2036221&use=l&cat=p&typeid=i","cat":300572},{"id":143238,"n":"Piles Eco+ AA/LR06 - x8","p":1.27,"img":"https://fd6-photos.leclercdrive.fr/image.ashx?id=2036224&use=l&cat=p&typeid=i","cat":300572},{"id":143344,"n":"Biscottes Eco+ 90 tranches - 750g","p":2.08,"u":"2,77 €/KG","img":"https://fd6-photos.leclercdrive.fr/image.ashx?id=2662580&use=l&cat=p&typeid=i","cat":284479},{"id":143345,"n":"Biscottes Epi d'Or x108 - 900g","p":2.52,"u":"2,80 €/KG","img":"https://fd6-photos.leclercdrive.fr/image.ashx?id=2532847&use=l&cat=p&typeid=i","cat":284479},{"id":143347,"n":"Boisson instantanée cacao Tablette d'Or - 400g","p":2.02,"u":"5,05 €/KG","img":"https://fd6-photos.leclercdrive.fr/image.ashx?id=2038717&use=l&cat=p&typeid=i","cat":293235},{"id":143375,"n":"Eau minérale naturelle St Amand Gazeuse - 6x50cl","p":2.06,"u":"0,69 €/L","img":"https://fd6-photos.leclercdrive.fr/image.ashx?id=2226334&use=l&cat=p&typeid=i","cat":284536},{"id":143379,"n":"Grain d'orge Brassin de Noël 12x25cl","p":8.49,"pp":6.37,"u":"2,12 €/L","img":"https://fd6-photos.leclercdrive.fr/image.ashx?id=2599239&use=l&cat=p&typeid=i","cat":334872},{"id":143477,"n":"Dessert liégeois Viennois  Café - 4x100g","p":1.56,"u":"3,90 €/KG","img":"https://fd6-photos.leclercdrive.fr/image.ashx?id=2692110&use=l&cat=p&typeid=i","cat":285042},{"id":143478,"n":"Dessert liégeois Viennois  Chocolat - 4x100g","p":1.56,"u":"3,90 €/KG","img":"https://fd6-photos.leclercdrive.fr/image.ashx?id=2849689&use=l&cat=p&typeid=i","cat":285042},{"id":143491,"n":"Blanc de Blanc Opéra Brut - 4x75cl +2 offertes","p":11.32,"u":"2,52 €/L","img":"https://fd6-photos.leclercdrive.fr/image.ashx?id=2030282&use=l&cat=p&typeid=i","cat":284544},{"id":143499,"n":"Vin mousseux rosé Opéra 4x75cl +2 offertes","p":11.38,"u":"2,53 €/L","img":"https://fd6-photos.leclercdrive.fr/image.ashx?id=2030291&use=l&cat=p&typeid=i","cat":289558},{"id":143528,"n":"Dessert liégeois Viennois  Panaché Chocolat Café - 8x100g","p":2.83,"u":"3,54 €/KG","img":"https://fd6-photos.leclercdrive.fr/image.ashx?id=2675298&use=l&cat=p&typeid=i","cat":285042},{"id":143546,"n":"Lot toast ronds Jacquet Nature et Foie Gras - 500g","p":2.99,"u":"5,98 €/KG","img":"https://fd6-photos.leclercdrive.fr/image.ashx?id=2741349&use=l&cat=p&typeid=i","cat":285454},{"id":143602,"n":"Barres de céréales Grainéa Chocolat lait, noisette x6-126g","p":1.63,"u":"12,94 €/KG","img":"https://fd6-photos.leclercdrive.fr/image.ashx?id=2912875&use=l&cat=p&typeid=i","cat":285869},{"id":143603,"n":"Barre de céréales Grainéa Fruits rouges x6 - 126g","p":1.4,"u":"11,11 €/KG","img":"https://fd6-photos.leclercdrive.fr/image.ashx?id=2912869&use=l&cat=p&typeid=i","cat":285869},{"id":143605,"n":"Barre de céréales Chocolat au lait & coco - 126g","p":1.7,"u":"13,49 €/KG","img":"https://fd6-photos.leclercdrive.fr/image.ashx?id=2912872&use=l&cat=p&typeid=i","cat":285869},{"id":143807,"n":"Foie gras canard Larnaudie Origine france entier - 220g","p":27.7,"u":"125,91 €/KG","img":"https://fd6-photos.leclercdrive.fr/image.ashx?id=2916779&use=l&cat=p&typeid=i","cat":316008},{"id":143812,"n":"Tomates farcies Marie Riz à la tomate - 360g","p":3.71,"u":"10,31 €/KG","img":"https://fd6-photos.leclercdrive.fr/image.ashx?id=2317483&use=l&cat=p&typeid=i","cat":333665},{"id":143840,"n":"Giga Candy canes Fizzy 50g","p":1.23,"u":"24,60 €/KG","img":"https://fd6-photos.leclercdrive.fr/image.ashx?id=2426439&use=l&cat=p&typeid=i","cat":327592},{"id":143888,"n":"Drap housse Tissaia Gris 90x190 cm coton bio","p":11.45,"img":"https://fd6-photos.leclercdrive.fr/image.ashx?id=2380268&use=l&cat=p&typeid=i","cat":286694},{"id":143894,"n":"Taie d'oreiller Tissaia Gris 70x50 cm coton bio","p":6.45,"img":"https://fd6-photos.leclercdrive.fr/image.ashx?id=2380256&use=l&cat=p&typeid=i","cat":286694},{"id":143906,"n":"Drap housse Tissaia Gris 160x200 cm coton bio","p":18.45,"img":"https://fd6-photos.leclercdrive.fr/image.ashx?id=2380262&use=l&cat=p&typeid=i","cat":286694},{"id":143910,"n":"Drap housse Tissaia Gris 140x190 cm coton bio","p":15.95,"img":"https://fd6-photos.leclercdrive.fr/image.ashx?id=2380265&use=l&cat=p&typeid=i","cat":286694},{"id":144146,"n":"Bloc de foie gras de canard Sud-Ouest Terroir - 360g","p":23.5,"pp":15.51,"u":"43,08 €/KG","img":"https://fd6-photos.leclercdrive.fr/image.ashx?id=2905291&use=l&cat=p&typeid=i","cat":316008},{"id":144422,"n":"Lot toast ronds Jacquet Nature - 2x250g","p":2.99,"u":"5,98 €/KG","img":"https://fd6-photos.leclercdrive.fr/image.ashx?id=2741343&use=l&cat=p&typeid=i","cat":285454},{"id":144423,"n":"Lot toast ronds Jacquet Foie gras - 500g","p":2.99,"u":"5,98 €/KG","img":"https://fd6-photos.leclercdrive.fr/image.ashx?id=2741346&use=l&cat=p&typeid=i","cat":285454},{"id":144636,"n":"Boisson énergisante Monster Energy Pacific Punch - 50CL","p":1.68,"u":"3,36 €/L","img":"https://fd6-photos.leclercdrive.fr/image.ashx?id=2148407&use=l&cat=p&typeid=i","cat":284533},{"id":144642,"n":"Emiettes thon Gastromer Olives noires - 150g","p":1.99,"pp":1.31,"u":"8,73 €/KG","img":"https://fd6-photos.leclercdrive.fr/image.ashx?id=2039437&use=l&cat=p&typeid=i","cat":285191},{"id":144659,"n":"Rillettes thon MSC Cap Océan Piment d'espelette - 140g","p":1.88,"u":"13,43 €/KG","img":"https://fd6-photos.leclercdrive.fr/image.ashx?id=2938770&use=l&cat=p&typeid=i","cat":285191},{"id":144729,"n":"Lardons fumés Merle 500g","p":3.25,"u":"6,50 €/KG","img":"https://fd6-photos.leclercdrive.fr/image.ashx?id=2043167&use=l&cat=p&typeid=i","cat":316011},{"id":144773,"n":"Yaourt ferments lactiques Alsa 4 sachets - 8g","p":2.71,"u":"338,75 €/KG","img":"https://fd6-photos.leclercdrive.fr/image.ashx?id=2813875&use=l&cat=p&typeid=i","cat":284505},{"id":144779,"n":"Pizza XXL Fromage - 520g","p":3.71,"u":"7,13 €/KG","img":"https://fd6-photos.leclercdrive.fr/image.ashx?id=2905931&use=l&cat=p&typeid=i","cat":333679},{"id":144781,"n":"Pizza XXL Turini Boeuf Cheddar - 530g","p":4.19,"u":"7,91 €/KG","img":"https://fd6-photos.leclercdrive.fr/image.ashx?id=2905934&use=l&cat=p&typeid=i","cat":333679},{"id":144834,"n":"Dosettes café Plantation  Corsé - x60 - 417g","p":5.79,"u":"13,88 €/KG","img":"https://fd6-photos.leclercdrive.fr/image.ashx?id=2824292&use=l&cat=p&typeid=i","cat":293238},{"id":144845,"n":"Lait Empresuré chocolat Laiterie de Saint Malo 4x125g","p":2.04,"u":"4,08 €/KG","img":"https://fd6-photos.leclercdrive.fr/image.ashx?id=2908612&use=l&cat=p&typeid=i","cat":285041},{"id":144846,"n":"Dessert gourmand Mamie Nova Tiramisu cappuccino - 2x85g","p":2.2,"u":"12,94 €/KG","img":"https://fd6-photos.leclercdrive.fr/image.ashx?id=2921316&use=l&cat=p&typeid=i","cat":284419},{"id":144917,"n":"AOC Côtes du Rhône rouge Les Clefs de l'Enclave - 75cl","p":4.15,"pp":2.9,"u":"3,87 €/L","img":"https://fd6-photos.leclercdrive.fr/image.ashx?id=2830018&use=l&cat=p&typeid=i","cat":289556},{"id":145056,"n":"Duo raclette Le Montagnon Lait cru et morbier - 2x200g","p":8.62,"u":"21,55 €/KG","img":"https://fd6-photos.leclercdrive.fr/image.ashx?id=2595251&use=l&cat=p&typeid=i","cat":314036},{"id":145070,"n":"PIzza l'ovale Sodebo Chorizo poivrons - 200g","p":1.92,"u":"9,60 €/KG","img":"https://fd6-photos.leclercdrive.fr/image.ashx?id=2438567&use=l&cat=p&typeid=i","cat":333679},{"id":145115,"n":"Anti-moustiques Labo Marie Rose Répulsif & apaisant 6h - 100ml","p":5.6,"u":"56,00 €/L","img":"https://fd6-photos.leclercdrive.fr/image.ashx?id=2666743&use=l&cat=p&typeid=i","cat":299654},{"id":145117,"n":"Coupe-ongles Mercurochrome 1 pièce","p":4.32,"img":"https://fd6-photos.leclercdrive.fr/image.ashx?id=2665616&use=l&cat=p&typeid=i","cat":325354},{"id":145120,"n":"Préservatifs Classic Lubrifiés - x14","p":4.88,"img":"https://fd6-photos.leclercdrive.fr/image.ashx?id=2848704&use=l&cat=p&typeid=i","cat":284631},{"id":145121,"n":"Préservatifs Classic Intimy Lubrifiés - x28","p":9.01,"u":"0,32 €/P","img":"https://fd6-photos.leclercdrive.fr/image.ashx?id=2927324&use=l&cat=p&typeid=i","cat":284631},{"id":145205,"n":"Eau de roses Christian Lenart 200ml","p":3.82,"u":"19,10 €/L","img":"https://fd6-photos.leclercdrive.fr/image.ashx?id=2036140&use=l&cat=p&typeid=i","cat":284603},{"id":145227,"n":"Shampooing Marie Rose Anti-poux & Lentes  - 125ml","p":6.3,"u":"50,40 €/L","img":"https://fd6-photos.leclercdrive.fr/image.ashx?id=2689523&use=l&cat=p&typeid=i","cat":299654},{"id":145245,"n":"Pansements Mercurochrome Cors-portection - x12","p":4.32,"u":"0,36 €/P","img":"https://fd6-photos.leclercdrive.fr/image.ashx?id=2785829&use=l&cat=p&typeid=i","cat":284630},{"id":145255,"n":"Ciseaux à ongles Mercurochrome 1 pièce","p":3.77,"img":"https://fd6-photos.leclercdrive.fr/image.ashx?id=2788493&use=l&cat=p&typeid=i","cat":325354},{"id":145389,"n":"Champagne Martel brut 1er cru - 75 cl","p":21.9,"pp":18.61,"u":"24,81 €/L","img":"https://fd6-photos.leclercdrive.fr/image.ashx?id=2040989&use=l&cat=p&typeid=i","cat":284542},{"id":145500,"n":"Chips extra croquante Vico 150g","p":1.11,"u":"7,40 €/KG","img":"https://fd6-photos.leclercdrive.fr/image.ashx?id=2917822&use=l&cat=p&typeid=i","cat":284447},{"id":145513,"n":"Fond de veau Kubor Maggi Dégraissé - 100g","p":2.91,"u":"29,10 €/KG","img":"https://fd6-photos.leclercdrive.fr/image.ashx?id=2917540&use=l&cat=p&typeid=i","cat":288379},{"id":145516,"n":"Gourde bébé bio Bio Village Pomme poire vanille - 4x90g","p":2.79,"u":"7,75 €/KG","img":"https://fd6-photos.leclercdrive.fr/image.ashx?id=2704867&use=l&cat=p&typeid=i","cat":312393},{"id":145556,"n":"Crêpes Whaou Chocolat cracky - x15 - 480g","p":4.05,"u":"8,44 €/KG","img":"https://fd6-photos.leclercdrive.fr/image.ashx?id=2971032&use=l&cat=p&typeid=i","cat":284494},{"id":145559,"n":"Fond de volaille Maggi 110g","p":2.91,"u":"26,45 €/KG","img":"https://fd6-photos.leclercdrive.fr/image.ashx?id=2917549&use=l&cat=p&typeid=i","cat":288379},{"id":145560,"n":"Frites rustique Pom'lisse 600g","p":1.99,"u":"3,32 €/KG","img":"https://fd6-photos.leclercdrive.fr/image.ashx?id=2770690&use=l&cat=p&typeid=i","cat":319791},{"id":145561,"n":"Frites  Pom'lisse De patates douces - 600g","p":3.45,"u":"5,75 €/KG","img":"https://fd6-photos.leclercdrive.fr/image.ashx?id=2843797&use=l&cat=p&typeid=i","cat":319791},{"id":145598,"n":"Gourde bébé bio Bio Village Pomme Banane Myrtille - 4x90g","p":2.79,"u":"7,75 €/KG","img":"https://fd6-photos.leclercdrive.fr/image.ashx?id=2704870&use=l&cat=p&typeid=i","cat":312393},{"id":145700,"n":"Tartiflette Côté Table 900g","p":4.55,"u":"5,06 €/KG","img":"https://fd6-photos.leclercdrive.fr/image.ashx?id=2991142&use=l&cat=p&typeid=i","cat":284254},{"id":145755,"n":"Sauce champignons crème Knorr 30cl","p":1.99,"u":"6,63 €/L","img":"https://fd6-photos.leclercdrive.fr/image.ashx?id=2420030&use=l&cat=p&typeid=i","cat":288381},{"id":145810,"n":"Chocolat Peluche mix Kinder Renne -  133g","p":12.49,"u":"93,91 €/KG","img":"https://fd6-photos.leclercdrive.fr/image.ashx?id=2039380&use=l&cat=p&typeid=i","cat":327789},{"id":145881,"n":"Coulis de tomate NRT De Provence - 400g","p":1.32,"u":"3,30 €/KG","img":"https://fd6-photos.leclercdrive.fr/image.ashx?id=2840001&use=l&cat=p&typeid=i","cat":288384},{"id":145946,"n":"Pâte feuilletée Tablier Blanc -30%mg - 230g","p":1.19,"u":"5,17 €/KG","img":"https://fd6-photos.leclercdrive.fr/image.ashx?id=2922430&use=l&cat=p&typeid=i","cat":333681},{"id":146130,"n":"AOP Muscadet Sèvre et Maine Sur Lie blanc Plessis Duval - 75 cl","p":5.51,"u":"7,35 €/L","img":"https://fd6-photos.leclercdrive.fr/image.ashx?id=2941044&use=l&cat=p&typeid=i","cat":289557},{"id":146366,"n":"Quiche Lorraine Marie Pur beurre - 400g","p":3.5,"u":"8,75 €/KG","img":"https://fd6-photos.leclercdrive.fr/image.ashx?id=2996674&use=l&cat=p&typeid=i","cat":284257},{"id":146412,"n":"Infusion bio Jardin Bio Digestion légère x20 - 30g","p":2.79,"u":"93,00 €/KG","img":"https://fd6-photos.leclercdrive.fr/image.ashx?id=2792603&use=l&cat=p&typeid=i","cat":293234},{"id":146413,"n":"Infusion bio Jardin Bio Détente sommeil x20 - 30g","p":2.7,"u":"90,00 €/KG","img":"https://fd6-photos.leclercdrive.fr/image.ashx?id=3011449&use=l&cat=p&typeid=i","cat":293234},{"id":146414,"n":"Infusion bio Jardin Bio Nuits paisibles x20 - 30g","p":2.8,"u":"93,33 €/KG","img":"https://fd6-photos.leclercdrive.fr/image.ashx?id=2792612&use=l&cat=p&typeid=i","cat":293234},{"id":146417,"n":"Infusion Jardin Bio Bio Thym citron - 30g - x20","p":2.88,"u":"96,00 €/KG","img":"https://fd6-photos.leclercdrive.fr/image.ashx?id=2792621&use=l&cat=p&typeid=i","cat":293234},{"id":146418,"n":"Infusion Jardin Bio Bio ventre plat - x20 - 30g","p":2.57,"u":"85,67 €/KG","img":"https://fd6-photos.leclercdrive.fr/image.ashx?id=2986564&use=l&cat=p&typeid=i","cat":293234},{"id":146419,"n":"Infusion Jardin Bio Bio bruleur de graisse x20 -30g","p":2.64,"u":"88,00 €/KG","img":"https://fd6-photos.leclercdrive.fr/image.ashx?id=2968322&use=l&cat=p&typeid=i","cat":293234},{"id":146738,"n":"Café Soluble Nescafé Cappuccino Noisette - 270g","p":4.84,"u":"17,93 €/KG","img":"https://fd6-photos.leclercdrive.fr/image.ashx?id=2867791&use=l&cat=p&typeid=i","cat":284843},{"id":146739,"n":"Maïs Bonduelle Sans Résidu Pesticides - 3x140g","p":2.35,"u":"5,60 €/KG","img":"https://fd6-photos.leclercdrive.fr/image.ashx?id=2913133&use=l&cat=p&typeid=i","cat":312611},{"id":146744,"n":"Serviettes Nana ultra nuit Plus Pure Sensitive x8","p":1.88,"u":"0,24 €/P","img":"https://fd6-photos.leclercdrive.fr/image.ashx?id=2743619&use=l&cat=p&typeid=i","cat":284624},{"id":146916,"n":"Préparation alsa Crème Pâtissière - 390g","p":3.11,"u":"7,97 €/KG","img":"https://fd6-photos.leclercdrive.fr/image.ashx?id=3007990&use=l&cat=p&typeid=i","cat":284505},{"id":146955,"n":"Fuet nature Del Pais 160g","p":2.5,"u":"15,63 €/KG","img":"https://fd6-photos.leclercdrive.fr/image.ashx?id=2047789&use=l&cat=p&typeid=i","cat":316006},{"id":147002,"n":"Feuilleté de Mousse La Laitière Chocolat - 4x57g","p":1.68,"u":"7,37 €/KG","img":"https://fd6-photos.leclercdrive.fr/image.ashx?id=2858594&use=l&cat=p&typeid=i","cat":284417},{"id":147003,"n":"Feuilleté de Mousse La Laitière Vanille - 4x57g","p":1.69,"u":"7,41 €/KG","img":"https://fd6-photos.leclercdrive.fr/image.ashx?id=2764511&use=l&cat=p&typeid=i","cat":284417},{"id":147009,"n":"Chewing-gum Mentos Pure Fresh  Fraise sans sucres - 100g","p":4.73,"u":"47,30 €/KG","img":"https://fd6-photos.leclercdrive.fr/image.ashx?id=2659804&use=l&cat=p&typeid=i","cat":304251},{"id":147076,"n":"Bouillon Cube Maggi Volaille - 80g","p":0.96,"u":"12,00 €/KG","img":"https://fd6-photos.leclercdrive.fr/image.ashx?id=2737036&use=l&cat=p&typeid=i","cat":288379},{"id":147119,"n":"Lave glace Tech 9 -20°C - 5L","p":5.99,"u":"1,20 €/L","img":"https://fd6-photos.leclercdrive.fr/image.ashx?id=2054896&use=l&cat=p&typeid=i","cat":298252},{"id":147127,"n":"Spray dégraissant Clair Savon noir - 750ml","p":2.05,"u":"2,73 €/L","img":"https://fd6-photos.leclercdrive.fr/image.ashx?id=2840389&use=l&cat=p&typeid=i","cat":325357},{"id":147141,"n":"Xtrem Box Sodebo Radiatori Lardons Raclette 400g","p":4.12,"u":"10,30 €/KG","img":"https://fd6-photos.leclercdrive.fr/image.ashx?id=2631594&use=l&cat=p&typeid=i","cat":334983},{"id":147212,"n":"Burrata Tradizioni d'Italia Truffe été - 100g","p":3.21,"u":"0,03 €/GR","img":"https://fd6-photos.leclercdrive.fr/image.ashx?id=2904031&use=l&cat=p&typeid=i","cat":314026},{"id":147224,"n":"Capsules Nescafé Dolce Gusto  Espresso - x30","p":7.62,"u":"46,18 €/KG","img":"https://fd6-photos.leclercdrive.fr/image.ashx?id=2737105&use=l&cat=p&typeid=i","cat":293239},{"id":147237,"n":"Compote Douceur du Verger    Bocal pomme morceaux - 730g","p":1.74,"u":"2,38 €/KG","img":"https://fd6-photos.leclercdrive.fr/image.ashx?id=2663563&use=l&cat=p&typeid=i","cat":284508},{"id":147248,"n":"Muesli  Grainea chocolat Noisette 350g","p":2.84,"u":"8,11 €/KG","img":"https://fd6-photos.leclercdrive.fr/image.ashx?id=2077358&use=l&cat=p&typeid=i","cat":309512},{"id":147250,"n":"Préparation Flan Entremets alsa Vanille - 192g","p":1.51,"u":"7,86 €/KG","img":"https://fd6-photos.leclercdrive.fr/image.ashx?id=2805117&use=l&cat=p&typeid=i","cat":284504},{"id":147254,"n":"Confiture Eco+ Fraise - 450g","p":1.15,"u":"2,56 €/KG","img":"https://fd6-photos.leclercdrive.fr/image.ashx?id=2953200&use=l&cat=p&typeid=i","cat":284480},{"id":147255,"n":"Confiture Eco+ Abricot - 450g","p":1.23,"u":"2,73 €/KG","img":"https://fd6-photos.leclercdrive.fr/image.ashx?id=2721349&use=l&cat=p&typeid=i","cat":284480},{"id":147279,"n":"Croquettes Plénima Sans céréales - 2kg","p":6.0,"u":"3,00 €/KG","img":"https://fd6-photos.leclercdrive.fr/image.ashx?id=2047100&use=l&cat=p&typeid=i","cat":284672},{"id":147286,"n":"Croquette pour chat Plénima Poulet - 600g","p":2.45,"u":"4,08 €/KG","img":"https://fd6-photos.leclercdrive.fr/image.ashx?id=2047114&use=l&cat=p&typeid=i","cat":284680},{"id":147295,"n":"Croquette chat Plénima Saumon - Stérilisé 600g","p":2.45,"u":"4,08 €/KG","img":"https://fd6-photos.leclercdrive.fr/image.ashx?id=2047120&use=l&cat=p&typeid=i","cat":284680},{"id":147296,"n":"Gourde Bio Village - 6 mois Bio - 6x90g","p":4.39,"u":"8,13 €/KG","img":"https://fd6-photos.leclercdrive.fr/image.ashx?id=2704879&use=l&cat=p&typeid=i","cat":312393},{"id":147359,"n":"Boisson tablette d'Or Instantanée cacao 800g","p":3.99,"u":"4,99 €/KG","img":"https://fd6-photos.leclercdrive.fr/image.ashx?id=2047904&use=l&cat=p&typeid=i","cat":293235},{"id":147420,"n":"Knacks d'Alsace  L'Atelier Charcuterie - 300g","p":3.8,"u":"12,67 €/KG","img":"https://fd6-photos.leclercdrive.fr/image.ashx?id=2363622&use=l&cat=p&typeid=i","cat":316012},{"id":147422,"n":"Bière Brewdog Punk IPA 33cl","p":2.52,"u":"7,64 €/L","img":"https://fd6-photos.leclercdrive.fr/image.ashx?id=2941859&use=l&cat=p&typeid=i","cat":334872},{"id":147424,"n":"Saucisse de Montbéliard à cuire L'Atelier Charcuterie - 2x150g","p":4.49,"u":"14,97 €/KG","img":"https://fd6-photos.leclercdrive.fr/image.ashx?id=2069973&use=l&cat=p&typeid=i","cat":316012},{"id":147427,"n":"Yaourt à la grecque Yaos Caramel au beurre salé - 4x125g","p":2.57,"u":"5,14 €/KG","img":"https://fd6-photos.leclercdrive.fr/image.ashx?id=2614939&use=l&cat=p&typeid=i","cat":314999},{"id":147431,"n":"Yaourt à la grecque YAOS Nature lit de framboises 4x125g","p":2.63,"u":"5,26 €/KG","img":"https://fd6-photos.leclercdrive.fr/image.ashx?id=2654575&use=l&cat=p&typeid=i","cat":314999},{"id":147438,"n":"Tablette chocolat Milka Chocolat au lait - 5x100g","p":7.31,"u":"14,62 €/KG","img":"https://fd6-photos.leclercdrive.fr/image.ashx?id=2955203&use=l&cat=p&typeid=i","cat":284497},{"id":147441,"n":"Pochons Tous mes amis 4x100g","p":1.49,"u":"3,73 €/KG","img":"https://fd6-photos.leclercdrive.fr/image.ashx?id=2055346&use=l&cat=p&typeid=i","cat":284673},{"id":147442,"n":"Pochons Tous mes amis Sauce viande - 12x100g","p":3.65,"u":"3,04 €/KG","img":"https://fd6-photos.leclercdrive.fr/image.ashx?id=2054993&use=l&cat=p&typeid=i","cat":288578},{"id":147443,"n":"Stick torsades Tous mes amis x4 - 70g","p":0.72,"u":"10,29 €/KG","img":"https://fd6-photos.leclercdrive.fr/image.ashx?id=2361733&use=l&cat=p&typeid=i","cat":294527},{"id":147444,"n":"Snack récompense Tous mes amis Fromage boeuf - 140g","p":1.39,"u":"9,93 €/KG","img":"https://fd6-photos.leclercdrive.fr/image.ashx?id=2345565&use=l&cat=p&typeid=i","cat":294527},{"id":147449,"n":"Granola Grainea Chocolat noir amandes - 350g","p":2.73,"u":"7,80 €/KG","img":"https://fd6-photos.leclercdrive.fr/image.ashx?id=2611949&use=l&cat=p&typeid=i","cat":309512},{"id":147454,"n":"Granola Grainea 350g","p":2.69,"u":"7,69 €/KG","img":"https://fd6-photos.leclercdrive.fr/image.ashx?id=2568340&use=l&cat=p&typeid=i","cat":309512},{"id":147455,"n":"Capsules café Plantation Décaféiné n°5 - x30 - 156g","p":5.19,"u":"33,27 €/KG","img":"https://fd6-photos.leclercdrive.fr/image.ashx?id=2874741&use=l&cat=p&typeid=i","cat":284749},{"id":147456,"n":"Capsules café Plantation Ristretto n°12 - x30 - 156g","p":5.19,"u":"33,27 €/KG","img":"https://fd6-photos.leclercdrive.fr/image.ashx?id=2867263&use=l&cat=p&typeid=i","cat":284749},{"id":147464,"n":"Infusion bien-être Jardin Bio Bio x20 - 28g","p":2.92,"u":"104,29 €/KG","img":"https://fd6-photos.leclercdrive.fr/image.ashx?id=2792606&use=l&cat=p&typeid=i","cat":293234},{"id":147474,"n":"Coupe ongles Primoplast 1 pièce","p":2.0,"img":"https://fd6-photos.leclercdrive.fr/image.ashx?id=2833008&use=l&cat=p&typeid=i","cat":325354},{"id":147519,"n":"Moulin poivre Ducros 35g","p":3.08,"u":"88,00 €/KG","img":"https://fd6-photos.leclercdrive.fr/image.ashx?id=2498678&use=l&cat=p&typeid=i","cat":284457},{"id":147523,"n":"Gel douche Bionaïa Framboise orange bio - 250ml","p":1.43,"u":"5,72 €/L","img":"https://fd6-photos.leclercdrive.fr/image.ashx?id=2538137&use=l&cat=p&typeid=i","cat":284594},{"id":147525,"n":"Huile bio Bio naïa Jojoba - 50ml","p":4.57,"u":"91,40 €/L","img":"https://fd6-photos.leclercdrive.fr/image.ashx?id=2436711&use=l&cat=p&typeid=i","cat":325349},{"id":147526,"n":"Huile bio Bio naïa Argan - 50ml","p":4.75,"u":"95,00 €/L","img":"https://fd6-photos.leclercdrive.fr/image.ashx?id=2436714&use=l&cat=p&typeid=i","cat":325349},{"id":147527,"n":"Huile bio Bio naïa Ricin - 50ml","p":3.99,"u":"79,80 €/L","img":"https://fd6-photos.leclercdrive.fr/image.ashx?id=2929885&use=l&cat=p&typeid=i","cat":325349},{"id":147528,"n":"Huile bio Bio naïa Amande douce - 50ml","p":3.79,"u":"75,80 €/L","img":"https://fd6-photos.leclercdrive.fr/image.ashx?id=2436720&use=l&cat=p&typeid=i","cat":325349},{"id":147531,"n":"Bain moussant Eco + Pêche - 750ml","p":0.52,"u":"0,69 €/L","img":"https://fd6-photos.leclercdrive.fr/image.ashx?id=2779175&use=l&cat=p&typeid=i","cat":284594},{"id":147532,"n":"Crème à récurer Eco + Parfum citron - 750ml","p":0.61,"u":"0,81 €/L","img":"https://fd6-photos.leclercdrive.fr/image.ashx?id=2931754&use=l&cat=p&typeid=i","cat":325357},{"id":147533,"n":"Dentifrice arôme menthe Eco + 125ml","p":0.73,"u":"5,84 €/L","img":"https://fd6-photos.leclercdrive.fr/image.ashx?id=2776277&use=l&cat=p&typeid=i","cat":284612},{"id":147536,"n":"Liquide vaisselle Eco + Concentré citron - 500ml","p":0.42,"u":"0,84 €/L","img":"https://fd6-photos.leclercdrive.fr/image.ashx?id=2861407&use=l&cat=p&typeid=i","cat":284655},{"id":147537,"n":"Nettoyant ménager Eco + Citron - 2L","p":1.13,"u":"0,57 €/L","img":"https://fd6-photos.leclercdrive.fr/image.ashx?id=2946148&use=l&cat=p&typeid=i","cat":284907},{"id":147539,"n":"Capsules café Plantation Café au lait - x16 - 152g","p":3.29,"u":"21,64 €/KG","img":"https://fd6-photos.leclercdrive.fr/image.ashx?id=2649750&use=l&cat=p&typeid=i","cat":293239},{"id":147543,"n":"Gel WC détartrant Eco + Citron - 750ml","p":0.58,"u":"0,77 €/L","img":"https://fd6-photos.leclercdrive.fr/image.ashx?id=2836304&use=l&cat=p&typeid=i","cat":284662},{"id":147544,"n":"Pastilles lave-vaisselle Eco + x50 - 750g","p":2.61,"u":"3,48 €/KG","img":"https://fd6-photos.leclercdrive.fr/image.ashx?id=2865032&use=l&cat=p&typeid=i","cat":284656},{"id":147545,"n":"Pastilles anti-calcaire Eco + x20","p":1.25,"u":"0,06 €/P","img":"https://fd6-photos.leclercdrive.fr/image.ashx?id=2603853&use=l&cat=p&typeid=i","cat":284653},{"id":147546,"n":"Poudre détachante Eco + 1,2kg","p":3.29,"u":"2,74 €/KG","img":"https://fd6-photos.leclercdrive.fr/image.ashx?id=2596769&use=l&cat=p&typeid=i","cat":284651},{"id":147548,"n":"Gel désodorisant Eco + Parfum lavande - 1 pièce","p":0.53,"img":"https://fd6-photos.leclercdrive.fr/image.ashx?id=2951110&use=l&cat=p&typeid=i","cat":311628},{"id":147549,"n":"Désodorisant mèche Eco + Parfum marine - 375ml","p":1.27,"u":"3,39 €/L","img":"https://fd6-photos.leclercdrive.fr/image.ashx?id=2777788&use=l&cat=p&typeid=i","cat":311628},{"id":147550,"n":"Nettoyant vitres Eco + 1L","p":0.76,"u":"0,76 €/L","img":"https://fd6-photos.leclercdrive.fr/image.ashx?id=2834993&use=l&cat=p&typeid=i","cat":325363},{"id":147678,"n":"Rillettes de saumon Ronde des Mers - 125g","p":1.58,"u":"12,64 €/KG","img":"https://fd6-photos.leclercdrive.fr/image.ashx?id=2436708&use=l&cat=p&typeid=i","cat":305147},{"id":147692,"n":"Fond pour rôtis Maggi 110g","p":2.58,"u":"23,45 €/KG","img":"https://fd6-photos.leclercdrive.fr/image.ashx?id=2917543&use=l&cat=p&typeid=i","cat":288379},{"id":147725,"n":"Flamiche au maroilles Le Père Glacet - 380g","p":4.5,"u":"11,84 €/KG","img":"https://fd6-photos.leclercdrive.fr/image.ashx?id=2463227&use=l&cat=p&typeid=i","cat":333680},{"id":147741,"n":"Pomme de terre vapeur filet 2,5kg","p":3.59,"u":"1,44 €/KG","img":"https://fd6-photos.leclercdrive.fr/image.ashx?id=2051926&use=l&cat=p&typeid=i","cat":284352},{"id":147915,"n":"Moutarde Aigre Douce Kuhne - 270g","p":1.66,"u":"6,15 €/KG","img":"https://fd6-photos.leclercdrive.fr/image.ashx?id=2571125&use=l&cat=p&typeid=i","cat":288850},{"id":147942,"n":"Eau micellaire Inell Biphase - 500ml","p":3.85,"u":"7,70 €/L","img":"https://fd6-photos.leclercdrive.fr/image.ashx?id=2051768&use=l&cat=p&typeid=i","cat":284603},{"id":148008,"n":"Genoise P'tit Déli Poire - 150g","p":1.15,"u":"7,67 €/KG","img":"https://fd6-photos.leclercdrive.fr/image.ashx?id=2482508&use=l&cat=p&typeid=i","cat":284489},{"id":148013,"n":"Bocal d'artichauts Notre jardin Grillés - 115g","p":1.99,"u":"17,30 €/KG","img":"https://fd6-photos.leclercdrive.fr/image.ashx?id=2578641&use=l&cat=p&typeid=i","cat":312611},{"id":148037,"n":"Purée de tomates italiennes 700g","p":1.85,"u":"2,64 €/KG","img":"https://fd6-photos.leclercdrive.fr/image.ashx?id=3011680&use=l&cat=p&typeid=i","cat":289010},{"id":148070,"n":"Thermomètre Primoplast Electronique - 1 pièce","p":3.94,"img":"https://fd6-photos.leclercdrive.fr/image.ashx?id=2856597&use=l&cat=p&typeid=i","cat":284630},{"id":148076,"n":"Jambon d'Auvergne IGP L'Atelier Charcuterie - 100g","p":3.5,"u":"35,00 €/KG","img":"https://fd6-photos.leclercdrive.fr/image.ashx?id=2316464&use=l&cat=p&typeid=i","cat":316007},{"id":148080,"n":"Shampooing Carré Homme Anti pelliculaire - 250ml","p":1.85,"u":"7,40 €/L","img":"https://fd6-photos.leclercdrive.fr/image.ashx?id=2350526&use=l&cat=p&typeid=i","cat":284621},{"id":148084,"n":"Mortadella bologna IGP L'Atelier Charcuterie - 100g","p":1.99,"u":"19,90 €/KG","img":"https://fd6-photos.leclercdrive.fr/image.ashx?id=2688324&use=l&cat=p&typeid=i","cat":316007},{"id":148088,"n":"Prosciutto alle erbe L'Atelier Charcuterie - 100g","p":2.75,"u":"27,50 €/KG","img":"https://fd6-photos.leclercdrive.fr/image.ashx?id=2819645&use=l&cat=p&typeid=i","cat":316007},{"id":148090,"n":"Prosciutto di Parma AOP 20 mois L'Atelier Charcuterie - 90g","p":4.6,"u":"51,11 €/KG","img":"https://fd6-photos.leclercdrive.fr/image.ashx?id=2068738&use=l&cat=p&typeid=i","cat":316007},{"id":148095,"n":"Coppa di parma IGP L'Atelier Charcuterie - 100g","p":3.45,"u":"34,50 €/KG","img":"https://fd6-photos.leclercdrive.fr/image.ashx?id=2068735&use=l&cat=p&typeid=i","cat":316007},{"id":148096,"n":"Jambon de Bayonne IGP  L'Atelier charcuterie - 100g","p":3.33,"u":"33,30 €/KG","img":"https://fd6-photos.leclercdrive.fr/image.ashx?id=2913787&use=l&cat=p&typeid=i","cat":316007},{"id":148102,"n":"Plateau charcuterie Espagnole L'Atelier Charcuterie - 180g","p":5.29,"u":"29,39 €/KG","img":"https://fd6-photos.leclercdrive.fr/image.ashx?id=2900671&use=l&cat=p&typeid=i","cat":316007},{"id":148105,"n":"Viande des grisons IGP L'Atelier Charcuterie - 80g","p":5.49,"u":"68,63 €/KG","img":"https://fd6-photos.leclercdrive.fr/image.ashx?id=2856648&use=l&cat=p&typeid=i","cat":316007},{"id":148107,"n":"Pavé au poivre Label Rouge L'Atelier Charcuterie - 100g","p":1.99,"u":"22,11 €/KG","img":"https://fd6-photos.leclercdrive.fr/image.ashx?id=2856651&use=l&cat=p&typeid=i","cat":316007},{"id":148111,"n":"Chiffonnade de jambon sec  L'Atelier Charcuterie - 90g","p":2.59,"u":"28,78 €/KG","img":"https://fd6-photos.leclercdrive.fr/image.ashx?id=2856660&use=l&cat=p&typeid=i","cat":316007},{"id":148117,"n":"Rosette tranchée Label Rouge L'Atelier Charcuterie - 100g","p":1.79,"u":"17,90 €/KG","img":"https://fd6-photos.leclercdrive.fr/image.ashx?id=2856654&use=l&cat=p&typeid=i","cat":316007},{"id":148119,"n":"Jambon sec italien supérieur L'Atelier Charcuterie x6 - 90g","p":2.57,"u":"28,56 €/KG","img":"https://fd6-photos.leclercdrive.fr/image.ashx?id=2856657&use=l&cat=p&typeid=i","cat":316007},{"id":148120,"n":"Jambon serrano IGP L'Atelier Charcuterie - 120g","p":4.0,"u":"33,33 €/KG","img":"https://fd6-photos.leclercdrive.fr/image.ashx?id=2867931&use=l&cat=p&typeid=i","cat":316007},{"id":148121,"n":"Assiette charcuterie Italienne L'Atelier Charcuterie - 180G","p":5.29,"img":"https://fd6-photos.leclercdrive.fr/image.ashx?id=2856663&use=l&cat=p&typeid=i","cat":316007},{"id":148124,"n":"Datte ravier Favorite Deglet nour - 500g","p":2.47,"u":"4,94 €/KG","img":"https://fd6-photos.leclercdrive.fr/image.ashx?id=2730610&use=l&cat=p&typeid=i","cat":284357},{"id":148240,"n":"Café dosettes Tassimo L'Or Café Long Doux x16","p":4.82,"u":"54,16 €/KG","img":"https://fd6-photos.leclercdrive.fr/image.ashx?id=2100386&use=l&cat=p&typeid=i","cat":293240},{"id":148250,"n":"Ratatouille  Notre Jardin Provencale - 530g","p":2.75,"u":"5,19 €/KG","img":"https://fd6-photos.leclercdrive.fr/image.ashx?id=2526312&use=l&cat=p&typeid=i","cat":312612},{"id":148291,"n":"Bière Aromatisée Grimbergen Rouge 5,5° - 6x25cl","p":5.24,"u":"3,49 €/L","img":"https://fd6-photos.leclercdrive.fr/image.ashx?id=2873327&use=l&cat=p&typeid=i","cat":334878},{"id":148355,"n":"Déodorant Monsavon lait Fleur de coton - 200ml","p":2.36,"u":"11,80 €/L","img":"https://fd6-photos.leclercdrive.fr/image.ashx?id=2644930&use=l&cat=p&typeid=i","cat":284595},{"id":148384,"n":"Donut nappé chocolat 180g","p":1.39,"u":"7,72 €/KG","img":"https://fd6-photos.leclercdrive.fr/image.ashx?id=2590707&use=l&cat=p&typeid=i","cat":284495},{"id":148471,"n":"Pizza Crust Sodebo Farmer  Poulet Sauce Barbecue - 600g","p":5.8,"u":"9,67 €/KG","img":"https://fd6-photos.leclercdrive.fr/image.ashx?id=2912101&use=l&cat=p&typeid=i","cat":333679},{"id":148662,"n":"AOP Bordeaux supérieur rouge Château Manoubrey - 75cl","p":3.2,"u":"4,27 €/L","img":"https://fd6-photos.leclercdrive.fr/image.ashx?id=2059582&use=l&cat=p&typeid=i","cat":289556},{"id":148743,"n":"Galette moelleuse Saint Michel Chocolat au lait - 180g","p":2.01,"u":"11,17 €/KG","img":"https://fd6-photos.leclercdrive.fr/image.ashx?id=2936248&use=l&cat=p&typeid=i","cat":284495},{"id":148744,"n":"Galette moelleuse Saint Michel Chocolat blanc - 180g","p":2.04,"u":"11,33 €/KG","img":"https://fd6-photos.leclercdrive.fr/image.ashx?id=2949976&use=l&cat=p&typeid=i","cat":284487},{"id":148747,"n":"Shampooing Carré Homme Fortifiant - 250ml","p":1.76,"u":"7,04 €/L","img":"https://fd6-photos.leclercdrive.fr/image.ashx?id=2059050&use=l&cat=p&typeid=i","cat":284621},{"id":148748,"n":"Démaquillant yeux Bionaïa Biphase Water bio - 150ml","p":2.6,"u":"17,33 €/L","img":"https://fd6-photos.leclercdrive.fr/image.ashx?id=2474963&use=l&cat=p&typeid=i","cat":284603},{"id":148749,"n":"Coloration Eugène Color & Eclat n°78 Marron Praliné - 1 pièce","p":3.86,"img":"https://fd6-photos.leclercdrive.fr/image.ashx?id=2476449&use=l&cat=p&typeid=i","cat":288899},{"id":148770,"n":"Préservatifs Intimy Classic lubrifiés - x7","p":2.72,"u":"0,39 €/P","img":"https://fd6-photos.leclercdrive.fr/image.ashx?id=2537962&use=l&cat=p&typeid=i","cat":284631},{"id":148779,"n":"Pince à ongles Mercurochrome 1 pièce","p":6.21,"img":"https://fd6-photos.leclercdrive.fr/image.ashx?id=2788496&use=l&cat=p&typeid=i","cat":325354},{"id":148966,"n":"Boisson coco Bio Bjorg Sans sucre ajouté - 1L","p":2.56,"u":"2,56 €/L","img":"https://fd6-photos.leclercdrive.fr/image.ashx?id=2972991&use=l&cat=p&typeid=i","cat":316067},{"id":148989,"n":"Cônes chocolat Eco+ Pistache - x8 - 520g","p":2.47,"u":"4,75 €/KG","img":"https://fd6-photos.leclercdrive.fr/image.ashx?id=2866229&use=l&cat=p&typeid=i","cat":284264},{"id":148998,"n":"Papier cuisson Elembal Feuilles - x30","p":0.99,"u":"0,03 €/P","img":"https://fd6-photos.leclercdrive.fr/image.ashx?id=2059971&use=l&cat=p&typeid=i","cat":334134},{"id":149036,"n":"Merguez véritables L'Atelier Boucherie x8 - 520g","p":8.79,"u":"16,90 €/KG","img":"https://fd6-photos.leclercdrive.fr/image.ashx?id=3007413&use=l&cat=p&typeid=i","cat":284334},{"id":149037,"n":"Saucisses de Toulouse L'Atelier Boucherie x6 - 750g","p":7.99,"u":"10,65 €/KG","img":"https://fd6-photos.leclercdrive.fr/image.ashx?id=2831296&use=l&cat=p&typeid=i","cat":284334},{"id":149039,"n":"Chipolatas  L'Atelier Boucherie  X8 - 520g","p":6.83,"u":"13,13 €/KG","img":"https://fd6-photos.leclercdrive.fr/image.ashx?id=2831290&use=l&cat=p&typeid=i","cat":284334},{"id":149067,"n":"boisson végétale lait de coco sans sucre alpro - 1l","p":2.0,"u":"2,00 €/L","img":"https://fd6-photos.leclercdrive.fr/image.ashx?id=2849244&use=l&cat=p&typeid=i","cat":316067},{"id":149084,"n":"Purée au fromage Florette Emmental - 2x200g","p":3.1,"u":"7,75 €/KG","img":"https://fd6-photos.leclercdrive.fr/image.ashx?id=2767702&use=l&cat=p&typeid=i","cat":333665},{"id":149388,"n":"Shampooing sec Batiste Nude aérosol - 200ml","p":3.41,"u":"17,05 €/L","img":"https://fd6-photos.leclercdrive.fr/image.ashx?id=2558334&use=l&cat=p&typeid=i","cat":289143},{"id":149390,"n":"Croc'Odor Frigo XL  140g","p":3.15,"u":"22,50 €/KG","img":"https://fd6-photos.leclercdrive.fr/image.ashx?id=2952646&use=l&cat=p&typeid=i","cat":311628},{"id":149428,"n":"Boisson à base de vin rosé  Pamplemousse - 7.5% vol - 75cl","p":2.82,"u":"3,76 €/L","img":"https://fd6-photos.leclercdrive.fr/image.ashx?id=2958525&use=l&cat=p&typeid=i","cat":304569},{"id":149465,"n":"Brosse à Dents Signal Soin Gencives Souple x4","p":2.7,"u":"0,68 €/P","img":"https://fd6-photos.leclercdrive.fr/image.ashx?id=2964234&use=l&cat=p&typeid=i","cat":284614},{"id":149782,"n":"Soin léger nuit So Bio Etic Anti-âge bio - 50ml","p":8.94,"u":"178,80 €/L","img":"https://fd6-photos.leclercdrive.fr/image.ashx?id=2792699&use=l&cat=p&typeid=i","cat":325345},{"id":149817,"n":"Rouleau Râpe Velvet Smooth Ultra Exfoliant Pieds - x2","p":15.64,"u":"7,82 €/P","img":"https://fd6-photos.leclercdrive.fr/image.ashx?id=2628404&use=l&cat=p&typeid=i","cat":325354},{"id":149854,"n":"Dentifrice Elmex enfant 0-6ans Anti-caries - 75ml","p":3.83,"u":"51,07 €/L","img":"https://fd6-photos.leclercdrive.fr/image.ashx?id=2745289&use=l&cat=p&typeid=i","cat":288898},{"id":150053,"n":"Gnocchi à poeler Bio Village Bio - 300g","p":1.84,"u":"6,13 €/KG","img":"https://fd6-photos.leclercdrive.fr/image.ashx?id=2607969&use=l&cat=p&typeid=i","cat":333682},{"id":150054,"n":"Maxi batonnet Eco+ Vanille amandes - x6 - 480g","p":2.73,"u":"5,69 €/KG","img":"https://fd6-photos.leclercdrive.fr/image.ashx?id=2064654&use=l&cat=p&typeid=i","cat":284265},{"id":150228,"n":"Chichis Le Gaulois Poulet - 200g","p":2.82,"u":"14,10 €/KG","img":"https://fd6-photos.leclercdrive.fr/image.ashx?id=2416721&use=l&cat=p&typeid=i","cat":333684},{"id":150229,"n":"Céleri Pierre Martinet rémoulade moutarde - 300g","p":1.74,"u":"5,80 €/KG","img":"https://fd6-photos.leclercdrive.fr/image.ashx?id=2733082&use=l&cat=p&typeid=i","cat":333657},{"id":150235,"n":"Sachet pieces de monnaie Rohan Vert - 100g","p":2.25,"u":"22,50 €/KG","img":"https://fd6-photos.leclercdrive.fr/image.ashx?id=2068438&use=l&cat=p&typeid=i","cat":284958},{"id":150236,"n":"Sachet pieces de monnaie Rohan Bleu - 100g","p":2.25,"u":"22,50 €/KG","img":"https://fd6-photos.leclercdrive.fr/image.ashx?id=2068441&use=l&cat=p&typeid=i","cat":284958},{"id":150237,"n":"Sachet pieces de monnaie Rohan Rouge - 100g","p":2.25,"u":"22,50 €/KG","img":"https://fd6-photos.leclercdrive.fr/image.ashx?id=2068444&use=l&cat=p&typeid=i","cat":284958},{"id":150247,"n":"Végétal Emincés Garden Gourmet Nature Soja 160g","p":3.13,"u":"19,56 €/KG","img":"https://fd6-photos.leclercdrive.fr/image.ashx?id=2971395&use=l&cat=p&typeid=i","cat":316036},{"id":150307,"n":"Liquide refroidissement TECH9 -25°C - 5L","p":9.99,"u":"2,00 €/L","img":"https://fd6-photos.leclercdrive.fr/image.ashx?id=2162711&use=l&cat=p&typeid=i","cat":298253},{"id":150444,"n":"Douceur nature Bio Vrai Au lait de brebis - 2x125g","p":1.55,"u":"6,20 €/KG","img":"https://fd6-photos.leclercdrive.fr/image.ashx?id=2786450&use=l&cat=p&typeid=i","cat":314998},{"id":150590,"n":"Levure de bière Juvamine Beauté vitalité - x50 - 30g","p":3.26,"u":"108,67 €/KG","img":"https://fd6-photos.leclercdrive.fr/image.ashx?id=2773379&use=l&cat=p&typeid=i","cat":313217},{"id":150763,"n":"Imperméabilisant protecteur Cuir Daim Nubuck 250ml","p":2.68,"u":"10,72 €/L","img":"https://fd6-photos.leclercdrive.fr/image.ashx?id=2835208&use=l&cat=p&typeid=i","cat":285201},{"id":150788,"n":"HERTA Tendre Croc Jambon Fromage sans nitrite 200g x2","p":1.87,"u":"9,35 €/KG","img":"https://fd6-photos.leclercdrive.fr/image.ashx?id=2752885&use=l&cat=p&typeid=i","cat":333671},{"id":150789,"n":"Détartrant multi-usages Melitta 375ml","p":3.76,"u":"10,03 €/L","img":"https://fd6-photos.leclercdrive.fr/image.ashx?id=2871070&use=l&cat=p&typeid=i","cat":325362},{"id":150797,"n":"Cire dépilatoire Roll On Nair au sucre lait et miel - 100ml","p":5.04,"u":"50,40 €/L","img":"https://fd6-photos.leclercdrive.fr/image.ashx?id=2903242&use=l&cat=p&typeid=i","cat":325351},{"id":150798,"n":"HERTA Tendre Croc Comté Jambon sans nitrite 200g x2","p":2.21,"u":"11,05 €/KG","img":"https://fd6-photos.leclercdrive.fr/image.ashx?id=2070147&use=l&cat=p&typeid=i","cat":333671},{"id":150799,"n":"HERTA Tendre Croc Jambon Fromg ss croûte ss nitrite 200g","p":2.19,"u":"10,95 €/KG","img":"https://fd6-photos.leclercdrive.fr/image.ashx?id=2070153&use=l&cat=p&typeid=i","cat":333671},{"id":150804,"n":"Shampoing hydratant Fructis Hair food Aloe Vera - 350ml","p":4.43,"u":"12,66 €/L","img":"https://fd6-photos.leclercdrive.fr/image.ashx?id=2830594&use=l&cat=p&typeid=i","cat":284606},{"id":150821,"n":"Kinder Mix peluche Kinder 133g","p":12.49,"u":"93,91 €/KG","img":"https://fd6-photos.leclercdrive.fr/image.ashx?id=2428914&use=l&cat=p&typeid=i","cat":327789},{"id":151002,"n":"Gouter fourré carré P'tit Déli x16 - 295g","p":1.17,"u":"3,97 €/KG","img":"https://fd6-photos.leclercdrive.fr/image.ashx?id=2351238&use=l&cat=p&typeid=i","cat":284489},{"id":151103,"n":"Vin France Cabernet Sauvignon Rosé - Cambras - Merlot - 75cl","p":2.97,"u":"3,96 €/L","img":"https://fd6-photos.leclercdrive.fr/image.ashx?id=2941026&use=l&cat=p&typeid=i","cat":289558},{"id":151106,"n":"Vin France Cambras rouge -12,5% Merlot Cabernet Sauvignon -75cl","p":2.56,"u":"3,41 €/L","img":"https://fd6-photos.leclercdrive.fr/image.ashx?id=2941029&use=l&cat=p&typeid=i","cat":289556},{"id":151120,"n":"Fromage blanc Délisse Chèvre nature - 4x100g","p":2.15,"u":"5,38 €/KG","img":"https://fd6-photos.leclercdrive.fr/image.ashx?id=2071152&use=l&cat=p&typeid=i","cat":314998},{"id":151127,"n":"Prêts à poeler Cap Océan MSC Cabillaud huile d'olive - 200g","p":2.96,"u":"14,80 €/KG","img":"https://fd6-photos.leclercdrive.fr/image.ashx?id=2278637&use=l&cat=p&typeid=i","cat":284344},{"id":151129,"n":"Yaourt brassé chèvre Délisse Myrtille - 4x125g","p":2.35,"u":"4,70 €/KG","img":"https://fd6-photos.leclercdrive.fr/image.ashx?id=2809090&use=l&cat=p&typeid=i","cat":314998},{"id":151130,"n":"Yaourt à boire Actimel Fraise - 6x100g","p":3.09,"u":"5,15 €/KG","img":"https://fd6-photos.leclercdrive.fr/image.ashx?id=2996482&use=l&cat=p&typeid=i","cat":284415},{"id":151160,"n":"Crème gourmande Mamie Nova Chocolat banane - 2x150g","p":1.72,"u":"5,73 €/KG","img":"https://fd6-photos.leclercdrive.fr/image.ashx?id=2909041&use=l&cat=p&typeid=i","cat":285041},{"id":151164,"n":"Paris Brest Mamie Nova 2x90g","p":2.54,"u":"14,11 €/KG","img":"https://fd6-photos.leclercdrive.fr/image.ashx?id=2921789&use=l&cat=p&typeid=i","cat":284419},{"id":151168,"n":"Mousse au chocolat Bonne Maman 4x50g","p":2.45,"u":"12,25 €/KG","img":"https://fd6-photos.leclercdrive.fr/image.ashx?id=2912323&use=l&cat=p&typeid=i","cat":284417},{"id":151169,"n":"Liégeois lait d'amande chocolat Andros - 4x90g","p":3.03,"u":"8,42 €/KG","img":"https://fd6-photos.leclercdrive.fr/image.ashx?id=2871985&use=l&cat=p&typeid=i","cat":316071},{"id":151170,"n":"Riz au lait Andros Coco vanille - 4x100g","p":3.21,"u":"8,03 €/KG","img":"https://fd6-photos.leclercdrive.fr/image.ashx?id=2872024&use=l&cat=p&typeid=i","cat":316071},{"id":151235,"n":"HERTA Blanc de poulet nature sans nitrite - 140g 4T","p":2.1,"u":"15,00 €/KG","img":"https://fd6-photos.leclercdrive.fr/image.ashx?id=2731348&use=l&cat=p&typeid=i","cat":316010},{"id":151464,"n":"Fromage blanc Calin Extra Nature - 8x100g","p":2.26,"u":"2,83 €/KG","img":"https://fd6-photos.leclercdrive.fr/image.ashx?id=2973736&use=l&cat=p&typeid=i","cat":284409},{"id":151472,"n":"Fromage blanc Calin Extra Nature - 850g","p":2.32,"u":"2,73 €/KG","img":"https://fd6-photos.leclercdrive.fr/image.ashx?id=2973739&use=l&cat=p&typeid=i","cat":284409},{"id":151474,"n":"Fromage blanc Calin 0% Extra Naure - 8x100g","p":2.42,"u":"3,03 €/KG","img":"https://fd6-photos.leclercdrive.fr/image.ashx?id=2973733&use=l&cat=p&typeid=i","cat":284409},{"id":151613,"n":"Eau minérale naturelle Evian  6L","p":2.96,"u":"0,49 €/L","img":"https://fd6-photos.leclercdrive.fr/image.ashx?id=2969025&use=l&cat=p&typeid=i","cat":284535},{"id":151677,"n":"Boisson gazeuse Kyo Kombucha Pêche baies de sureau - 50 cl","p":3.04,"u":"6,08 €/L","img":"https://fd6-photos.leclercdrive.fr/image.ashx?id=2865959&use=l&cat=p&typeid=i","cat":295019},{"id":151810,"n":"IGP Côtes de Gascogne rosé Florenbelle - 75cl","p":4.29,"pp":2.83,"u":"3,77 €/L","img":"https://fd6-photos.leclercdrive.fr/image.ashx?id=2994500&use=l&cat=p&typeid=i","cat":289558},{"id":151910,"n":"Kinder chocolat Moulage Poussin - 36g","p":2.15,"u":"59,72 €/KG","img":"https://fd6-photos.leclercdrive.fr/image.ashx?id=2065607&use=l&cat=p&typeid=i","cat":327592},{"id":151911,"n":"Kinder chocolat Moulage Ecureuil - 36g","p":2.15,"u":"59,72 €/KG","img":"https://fd6-photos.leclercdrive.fr/image.ashx?id=2077763&use=l&cat=p&typeid=i","cat":327592},{"id":151915,"n":"Kinder chocolat Moulage Mouton - 36g","p":2.15,"u":"59,72 €/KG","img":"https://fd6-photos.leclercdrive.fr/image.ashx?id=2077766&use=l&cat=p&typeid=i","cat":327592},{"id":151917,"n":"Kinder chocolat Moulage Coccinelle - 36g","p":2.15,"u":"59,72 €/KG","img":"https://fd6-photos.leclercdrive.fr/image.ashx?id=2077769&use=l&cat=p&typeid=i","cat":327592},{"id":151918,"n":"Kinder chocolat Moulage Grenouille - 36g","p":2.15,"u":"59,72 €/KG","img":"https://fd6-photos.leclercdrive.fr/image.ashx?id=2077772&use=l&cat=p&typeid=i","cat":327592},{"id":151935,"n":"Romaine Panier du Primeur x1","p":0.99,"img":"https://fd6-photos.leclercdrive.fr/image.ashx?id=2529555&use=l&cat=p&typeid=i","cat":284352},{"id":151936,"n":"Yaourt brassé Bio Les 2 Vaches Vanille - 4x115g","p":1.94,"u":"4,22 €/KG","img":"https://fd6-photos.leclercdrive.fr/image.ashx?id=2571542&use=l&cat=p&typeid=i","cat":284410},{"id":151986,"n":"Gel Salle de bain & WC Glade Bois de Santal & Jasmin 180g","p":2.3,"img":"https://fd6-photos.leclercdrive.fr/image.ashx?id=2453613&use=l&cat=p&typeid=i","cat":311628},{"id":151996,"n":"Fromage enfant Kiri crème 24 portions à tartiner - 432g","p":5.05,"u":"0,21 €/P","img":"https://fd6-photos.leclercdrive.fr/image.ashx?id=2973568&use=l&cat=p&typeid=i","cat":314030},{"id":152001,"n":"Gnocchi à poêler Roll Lustucru  300g","p":1.73,"u":"5,77 €/KG","img":"https://fd6-photos.leclercdrive.fr/image.ashx?id=2792408&use=l&cat=p&typeid=i","cat":333682},{"id":152002,"n":"Gouter fourré P'tit Déli Vanille - 295g","p":1.25,"u":"4,24 €/KG","img":"https://fd6-photos.leclercdrive.fr/image.ashx?id=2399138&use=l&cat=p&typeid=i","cat":284489},{"id":152008,"n":"Croissants au jambon fromage L'Atelier Traiteur x2 - 260g","p":3.99,"u":"15,35 €/KG","img":"https://fd6-photos.leclercdrive.fr/image.ashx?id=2235004&use=l&cat=p&typeid=i","cat":333671},{"id":152021,"n":"Bouchées à la reine L'Atelier Traiteur x2 -  300g","p":4.69,"u":"15,63 €/KG","img":"https://fd6-photos.leclercdrive.fr/image.ashx?id=2998892&use=l&cat=p&typeid=i","cat":333671},{"id":152023,"n":"Renovateur blanc La Vachette avec applicateur - 75ml","p":2.14,"u":"28,53 €/L","img":"https://fd6-photos.leclercdrive.fr/image.ashx?id=2075287&use=l&cat=p&typeid=i","cat":285201},{"id":152024,"n":"Cirage liquide noir La Vachette avec applicateur - 75ml","p":2.09,"u":"27,87 €/L","img":"https://fd6-photos.leclercdrive.fr/image.ashx?id=2075275&use=l&cat=p&typeid=i","cat":285201},{"id":152025,"n":"Cirage liquide La Vachette Incolore avec applicateur -75ml","p":2.09,"u":"27,87 €/L","img":"https://fd6-photos.leclercdrive.fr/image.ashx?id=2075278&use=l&cat=p&typeid=i","cat":285201},{"id":152028,"n":"Quiches Lorraines L'Atelier Traiteur x2 - 280g","p":3.99,"u":"7,13 €/KG","img":"https://fd6-photos.leclercdrive.fr/image.ashx?id=2636272&use=l&cat=p&typeid=i","cat":333680},{"id":152030,"n":"Cirage liquide La Vachette Marron avec applicateur - 75ml","p":2.09,"u":"27,87 €/L","img":"https://fd6-photos.leclercdrive.fr/image.ashx?id=2075290&use=l&cat=p&typeid=i","cat":285201},{"id":152037,"n":"Coloration végétale bio BionaÏa Blond foncé - 92g","p":7.55,"u":"82,07 €/KG","img":"https://fd6-photos.leclercdrive.fr/image.ashx?id=2652517&use=l&cat=p&typeid=i","cat":288899},{"id":152041,"n":"Déodorant bille bio BionaÏa Eau coco/Aloe Vera - 50ml","p":1.35,"u":"27,00 €/L","img":"https://fd6-photos.leclercdrive.fr/image.ashx?id=2496964&use=l&cat=p&typeid=i","cat":284595},{"id":152042,"n":"Déodorant bille bio BionaÏa A la rose/aloe vera - 50ml","p":1.35,"u":"27,00 €/L","img":"https://fd6-photos.leclercdrive.fr/image.ashx?id=2481240&use=l&cat=p&typeid=i","cat":284595},{"id":152045,"n":"Savon solide Manava Citron et basilic x2 - 200g","p":1.39,"u":"6,95 €/KG","img":"https://fd6-photos.leclercdrive.fr/image.ashx?id=2358345&use=l&cat=p&typeid=i","cat":284597},{"id":152053,"n":"Adoucissant Hyperdou Pêche x30 - 750ml","p":1.58,"u":"2,11 €/L","img":"https://fd6-photos.leclercdrive.fr/image.ashx?id=2614518&use=l&cat=p&typeid=i","cat":284650},{"id":152054,"n":"Adoucissant Hyperdou Vanille x30 - 750ml","p":1.99,"u":"2,65 €/L","img":"https://fd6-photos.leclercdrive.fr/image.ashx?id=2614521&use=l&cat=p&typeid=i","cat":284650},{"id":152071,"n":"Prêt à poêler Cap Océan MSC Colin d'Alaska - 200g","p":2.62,"u":"13,10 €/KG","img":"https://fd6-photos.leclercdrive.fr/image.ashx?id=2278640&use=l&cat=p&typeid=i","cat":284344},{"id":152073,"n":"Roulés au fromage L'Atelier Traiteur x2 - 240g","p":3.25,"u":"13,54 €/KG","img":"https://fd6-photos.leclercdrive.fr/image.ashx?id=2814462&use=l&cat=p&typeid=i","cat":333671},{"id":152345,"n":"Crème nuit L'Oréal Paris Age perfect Golden Age - 50ml","p":11.97,"pp":7.9,"u":"158,00 €/L","img":"https://fd6-photos.leclercdrive.fr/image.ashx?id=2860358&use=l&cat=p&typeid=i","cat":325345},{"id":152349,"n":"Sérum nuit anti-âge L'Oréal Revitalift Rétinol Pur - 30ml","p":13.75,"u":"458,33 €/L","img":"https://fd6-photos.leclercdrive.fr/image.ashx?id=2867530&use=l&cat=p&typeid=i","cat":325345},{"id":152420,"n":"Cryothérapie Mercurochrome Verrues pieds mains - 35ml","p":13.79,"u":"394,00 €/L","img":"https://fd6-photos.leclercdrive.fr/image.ashx?id=2693545&use=l&cat=p&typeid=i","cat":284630},{"id":152440,"n":"Gel Lubrifiant Massage 2 en 1 Durex Douceur Aloe Vera 200ml","p":6.78,"u":"33,90 €/L","img":"https://fd6-photos.leclercdrive.fr/image.ashx?id=2736556&use=l&cat=p&typeid=i","cat":285160},{"id":152489,"n":"Yaourt brassé végétal Nat&Vie Coco Nature - 4x100g","p":1.89,"u":"4,73 €/KG","img":"https://fd6-photos.leclercdrive.fr/image.ashx?id=2901476&use=l&cat=p&typeid=i","cat":316071},{"id":152502,"n":"Quatre-quart Ker Cadélac 500g","p":3.78,"u":"7,56 €/KG","img":"https://fd6-photos.leclercdrive.fr/image.ashx?id=2958848&use=l&cat=p&typeid=i","cat":294776},{"id":152503,"n":"Moelleux Ker Cadélac Gros éclats de chocolat - 500g","p":2.95,"u":"5,90 €/KG","img":"https://fd6-photos.leclercdrive.fr/image.ashx?id=2164861&use=l&cat=p&typeid=i","cat":294776},{"id":152506,"n":"Boisson avoine Bio Bjorg Sans sucres - 1L","p":2.33,"u":"2,33 €/L","img":"https://fd6-photos.leclercdrive.fr/image.ashx?id=2939454&use=l&cat=p&typeid=i","cat":316067},{"id":152576,"n":"Crêpes 1/2 lune Eco+ Jambon emmental - x20 - 1kg","p":2.35,"u":"2,35 €/KG","img":"https://fd6-photos.leclercdrive.fr/image.ashx?id=2698144&use=l&cat=p&typeid=i","cat":319776},{"id":152596,"n":"Câpres Maille Surfines - 85g","p":3.03,"u":"35,65 €/KG","img":"https://fd6-photos.leclercdrive.fr/image.ashx?id=2539674&use=l&cat=p&typeid=i","cat":284458},{"id":152610,"n":"Pasta Box Sodebo Fusilli à la Bolognaise - 330g","p":2.49,"u":"7,55 €/KG","img":"https://fd6-photos.leclercdrive.fr/image.ashx?id=2991996&use=l&cat=p&typeid=i","cat":334983},{"id":152611,"n":"Gâteaux Kinder Délice coconut Noix de coco et cacao - 10x37g","p":3.58,"u":"9,68 €/KG","img":"https://fd6-photos.leclercdrive.fr/image.ashx?id=2832482&use=l&cat=p&typeid=i","cat":284495},{"id":152612,"n":"Pasta Box Sodebo Fusilli à la Carbonara - 330g","p":2.45,"u":"7,42 €/KG","img":"https://fd6-photos.leclercdrive.fr/image.ashx?id=2919781&use=l&cat=p&typeid=i","cat":334983},{"id":152615,"n":"Pasta Box Sodebo Fusilli Fromages Italiens -330g","p":2.61,"u":"7,91 €/KG","img":"https://fd6-photos.leclercdrive.fr/image.ashx?id=2919784&use=l&cat=p&typeid=i","cat":334983},{"id":152617,"n":"Happy Cherry Haribo Sachet bonbons - 220g","p":1.84,"u":"8,36 €/KG","img":"https://fd6-photos.leclercdrive.fr/image.ashx?id=2984901&use=l&cat=p&typeid=i","cat":304250},{"id":152651,"n":"Pansements Mercurochrome Coricide - x12","p":4.59,"u":"0,38 €/P","img":"https://fd6-photos.leclercdrive.fr/image.ashx?id=2663968&use=l&cat=p&typeid=i","cat":284630},{"id":152684,"n":"Bière Duvel Triple hop 75cl","p":7.15,"u":"9,53 €/L","img":"https://fd6-photos.leclercdrive.fr/image.ashx?id=2089592&use=l&cat=p&typeid=i","cat":334872},{"id":152736,"n":"Camembert Le Rustique Extra coulant - 240g","p":3.44,"u":"14,33 €/KG","img":"https://fd6-photos.leclercdrive.fr/image.ashx?id=2797479&use=l&cat=p&typeid=i","cat":314033},{"id":152774,"n":"Sauce Algérienne Heinz - 220g","p":1.7,"u":"7,73 €/KG","img":"https://fd6-photos.leclercdrive.fr/image.ashx?id=2926846&use=l&cat=p&typeid=i","cat":318431},{"id":152940,"n":"Soin Mercurochrome ongles âbimés - 1 pièce","p":10.87,"img":"https://fd6-photos.leclercdrive.fr/image.ashx?id=2663995&use=l&cat=p&typeid=i","cat":284630},{"id":153015,"n":"Cassonade pure canne Daddy 750g","p":1.45,"u":"1,93 €/KG","img":"https://fd6-photos.leclercdrive.fr/image.ashx?id=2944702&use=l&cat=p&typeid=i","cat":284502},{"id":153059,"n":"Cônes glacés Trium Chocolat - x6 - 423g","p":2.13,"u":"5,04 €/KG","img":"https://fd6-photos.leclercdrive.fr/image.ashx?id=2931829&use=l&cat=p&typeid=i","cat":284264},{"id":153060,"n":"Cônes glacés Trium Vanille caramel - x6 - 432g","p":2.53,"u":"5,86 €/KG","img":"https://fd6-photos.leclercdrive.fr/image.ashx?id=2931835&use=l&cat=p&typeid=i","cat":284264},{"id":153061,"n":"Cônes glacés Trium Vanille fraise - x6 - 426g","p":1.69,"u":"3,97 €/KG","img":"https://fd6-photos.leclercdrive.fr/image.ashx?id=2931808&use=l&cat=p&typeid=i","cat":284264},{"id":153062,"n":"Cônes glacés Trium Vanille nougatine x6 - 402g","p":1.59,"u":"3,96 €/KG","img":"https://fd6-photos.leclercdrive.fr/image.ashx?id=2931805&use=l&cat=p&typeid=i","cat":284264},{"id":153069,"n":"Cônes glacés Trium Rhum raisins - x6 - 414g","p":2.42,"u":"5,85 €/KG","img":"https://fd6-photos.leclercdrive.fr/image.ashx?id=2079185&use=l&cat=p&typeid=i","cat":284264},{"id":153072,"n":"Cônes glacés Trium Café - x6 - 426g","p":2.19,"u":"5,14 €/KG","img":"https://fd6-photos.leclercdrive.fr/image.ashx?id=2931838&use=l&cat=p&typeid=i","cat":284264},{"id":153073,"n":"Cônes glacés Trium Vanille chocolat - x6 - 426g","p":1.93,"u":"4,53 €/KG","img":"https://fd6-photos.leclercdrive.fr/image.ashx?id=2931817&use=l&cat=p&typeid=i","cat":284264},{"id":153108,"n":"Rhum blanc Clement 50° - 1L","p":21.07,"u":"21,07 €/L","img":"https://fd6-photos.leclercdrive.fr/image.ashx?id=2093244&use=l&cat=p&typeid=i","cat":284550},{"id":153151,"n":"Jambon Supérieur Fleury Michon sans nitrite x4 - 140g","p":2.11,"u":"15,07 €/KG","img":"https://fd6-photos.leclercdrive.fr/image.ashx?id=2889475&use=l&cat=p&typeid=i","cat":316009},{"id":153152,"n":"Jambon Supérieur Fleury Michon sans nitrite x2 - 70g","p":1.84,"u":"26,29 €/KG","img":"https://fd6-photos.leclercdrive.fr/image.ashx?id=2889472&use=l&cat=p&typeid=i","cat":316009},{"id":153153,"n":"Jambon Supérieur Fleury Michon -25% sel sans nitrite- x2 - 70g","p":2.13,"u":"30,43 €/KG","img":"https://fd6-photos.leclercdrive.fr/image.ashx?id=2889484&use=l&cat=p&typeid=i","cat":316009},{"id":153154,"n":"Jambon Supérieur Fleury Michon -25% sel sans nitrite x6 - 210g","p":4.3,"u":"20,48 €/KG","img":"https://fd6-photos.leclercdrive.fr/image.ashx?id=2889487&use=l&cat=p&typeid=i","cat":316009},{"id":153155,"n":"Jambon Supérieur Fleury Michon -25% sel sans nitrite x4 - 140g","p":2.9,"u":"20,71 €/KG","img":"https://fd6-photos.leclercdrive.fr/image.ashx?id=2905399&use=l&cat=p&typeid=i","cat":316009},{"id":153164,"n":"Jambon  Simplement Bon Fleury  Michon x4 - 160g","p":2.14,"u":"13,38 €/KG","img":"https://fd6-photos.leclercdrive.fr/image.ashx?id=2843147&use=l&cat=p&typeid=i","cat":316009},{"id":153166,"n":"Jambon Simplement Bon Fleury Michon - x6 - 240g","p":2.52,"u":"10,50 €/KG","img":"https://fd6-photos.leclercdrive.fr/image.ashx?id=2843150&use=l&cat=p&typeid=i","cat":316009},{"id":153192,"n":"Canettes Coca-cola Zéro Soda sans sucre - 12x33cl","p":6.56,"u":"1,66 €/L","img":"https://fd6-photos.leclercdrive.fr/image.ashx?id=2209194&use=l&cat=p&typeid=i","cat":284530},{"id":153229,"n":"Mayonnaise de Dijon Amora Tube - 175g","p":1.58,"u":"9,03 €/KG","img":"https://fd6-photos.leclercdrive.fr/image.ashx?id=2082711&use=l&cat=p&typeid=i","cat":298295},{"id":153241,"n":"Blanc de poulet Fleury Michon doré au four - x8 - 240g","p":2.26,"u":"9,42 €/KG","img":"https://fd6-photos.leclercdrive.fr/image.ashx?id=2962845&use=l&cat=p&typeid=i","cat":316010},{"id":153242,"n":"Ketchup Amora  468g","p":2.26,"u":"4,83 €/KG","img":"https://fd6-photos.leclercdrive.fr/image.ashx?id=2766628&use=l&cat=p&typeid=i","cat":284455},{"id":153313,"n":"Gateau Savane Brossard Pocket chocolat - x7  210g","p":2.12,"u":"10,10 €/KG","img":"https://fd6-photos.leclercdrive.fr/image.ashx?id=2870722&use=l&cat=p&typeid=i","cat":284495},{"id":153323,"n":"Lot de 3 boîtes Eco + 1,9L - 1 pièce","p":3.88,"img":"https://fd6-photos.leclercdrive.fr/image.ashx?id=2085284&use=l&cat=p&typeid=i","cat":284710},{"id":153328,"n":"Gâteaux fourrés Napolitain LU Chocolat - 180g","p":1.52,"u":"8,44 €/KG","img":"https://fd6-photos.leclercdrive.fr/image.ashx?id=3002225&use=l&cat=p&typeid=i","cat":284495},{"id":153350,"n":"Croques jambon fromage L'Atelier Traiteur x2 - 280g","p":3.19,"u":"11,39 €/KG","img":"https://fd6-photos.leclercdrive.fr/image.ashx?id=2846535&use=l&cat=p&typeid=i","cat":333671},{"id":153393,"n":"Eau Aromatisée Vittel Aro Fraise - 1L","p":1.17,"u":"1,17 €/L","img":"https://fd6-photos.leclercdrive.fr/image.ashx?id=2788874&use=l&cat=p&typeid=i","cat":284537},{"id":153447,"n":"Lait Céréales bio Bio Village Vanille 6 mois - 2x25cl","p":2.13,"u":"4,26 €/L","img":"https://fd6-photos.leclercdrive.fr/image.ashx?id=2833026&use=l&cat=p&typeid=i","cat":312226},{"id":153734,"n":"Pâte de curry doux Patak's 165g","p":3.02,"u":"18,30 €/KG","img":"https://fd6-photos.leclercdrive.fr/image.ashx?id=2879802&use=l&cat=p&typeid=i","cat":289012},{"id":153740,"n":"Pâte de curry Patak's Tikka Masala - 165g","p":2.78,"u":"16,85 €/KG","img":"https://fd6-photos.leclercdrive.fr/image.ashx?id=2857716&use=l&cat=p&typeid=i","cat":289012},{"id":153929,"n":"Bûche de chèvre frais cendrée L'Atelier Fromagerie - 200g","p":3.19,"u":"15,95 €/KG","img":"https://fd6-photos.leclercdrive.fr/image.ashx?id=2999646&use=l&cat=p&typeid=i","cat":314036},{"id":153994,"n":"Lentilles vertes Vivien Paille 500g","p":1.81,"u":"3,62 €/KG","img":"https://fd6-photos.leclercdrive.fr/image.ashx?id=2247697&use=l&cat=p&typeid=i","cat":312609},{"id":154629,"n":"Bière Blonde Leffe 6,6% - 20x25cl","p":14.82,"u":"2,96 €/L","img":"https://fd6-photos.leclercdrive.fr/image.ashx?id=2995427&use=l&cat=p&typeid=i","cat":334852},{"id":154631,"n":"Boisson multifruits Jafun Format poche - 10x20Cl","p":3.35,"u":"1,68 €/L","img":"https://fd6-photos.leclercdrive.fr/image.ashx?id=2992561&use=l&cat=p&typeid=i","cat":284524},{"id":155123,"n":"Biscuits fourrés  BN Fraises - 285g","p":1.37,"u":"4,81 €/KG","img":"https://fd6-photos.leclercdrive.fr/image.ashx?id=2878804&use=l&cat=p&typeid=i","cat":284489},{"id":155134,"n":"Knacki original Herta x4 - 140g","p":1.41,"u":"10,07 €/KG","img":"https://fd6-photos.leclercdrive.fr/image.ashx?id=2289840&use=l&cat=p&typeid=i","cat":316012},{"id":155295,"n":"Préparation Cookies alsa Pépites de Chocolat - 240g","p":2.19,"u":"9,13 €/KG","img":"https://fd6-photos.leclercdrive.fr/image.ashx?id=2996446&use=l&cat=p&typeid=i","cat":284505},{"id":155297,"n":"Oeufs frais Parole d'Eleveurs !  x20","p":4.75,"u":"0,24 €/P","img":"https://fd6-photos.leclercdrive.fr/image.ashx?id=2978856&use=l&cat=p&typeid=i","cat":284378},{"id":155301,"n":"Biscuit BN chocolat 285g","p":1.38,"u":"4,84 €/KG","img":"https://fd6-photos.leclercdrive.fr/image.ashx?id=2810705&use=l&cat=p&typeid=i","cat":284488},{"id":155302,"n":"Biscuits BN casse croute 400g","p":1.42,"u":"3,55 €/KG","img":"https://fd6-photos.leclercdrive.fr/image.ashx?id=2503900&use=l&cat=p&typeid=i","cat":284491},{"id":155303,"n":"Briochettes Pasquier x12 - 480g","p":2.25,"u":"4,69 €/KG","img":"https://fd6-photos.leclercdrive.fr/image.ashx?id=2417857&use=l&cat=p&typeid=i","cat":284478},{"id":155411,"n":"Chewing-gum Mentos Pure Fresh  Cerise sans sucres - 100g","p":4.13,"u":"41,30 €/KG","img":"https://fd6-photos.leclercdrive.fr/image.ashx?id=2659807&use=l&cat=p&typeid=i","cat":304251},{"id":155436,"n":"Préparation pour risotto Sapori Aux cèpes - 300g","p":4.31,"u":"14,37 €/KG","img":"https://fd6-photos.leclercdrive.fr/image.ashx?id=2654113&use=l&cat=p&typeid=i","cat":284428},{"id":155437,"n":"Tête franges la Véritable Elephant - x1","p":5.67,"img":"https://fd6-photos.leclercdrive.fr/image.ashx?id=2571494&use=l&cat=p&typeid=i","cat":284669},{"id":155440,"n":"Essoreur design France Elephant - x1","p":3.71,"img":"https://fd6-photos.leclercdrive.fr/image.ashx?id=2570421&use=l&cat=p&typeid=i","cat":284669},{"id":155451,"n":"Vin mousseux de France Café de Paris Brut blanc - 75cl","p":4.49,"u":"5,99 €/L","img":"https://fd6-photos.leclercdrive.fr/image.ashx?id=2097842&use=l&cat=p&typeid=i","cat":284544},{"id":155511,"n":"Nettoyant Lave-Linge Destop  Désinfectant - x2","p":5.18,"u":"10,36 €/L","img":"https://fd6-photos.leclercdrive.fr/image.ashx?id=2831735&use=l&cat=p&typeid=i","cat":284653},{"id":155549,"n":"Glace Bâtonnet MAGNUM Double Gold Caramel 4x85ml","p":3.08,"u":"10,85 €/KG","img":"https://fd6-photos.leclercdrive.fr/image.ashx?id=2770620&use=l&cat=p&typeid=i","cat":284265},{"id":155714,"n":"Déboucheur Gel Destop  Spécial Cheveux - 1L","p":2.64,"u":"2,64 €/L","img":"https://fd6-photos.leclercdrive.fr/image.ashx?id=2625388&use=l&cat=p&typeid=i","cat":284908},{"id":155717,"n":"Sauce apéritif  Doritos Goût salsa douce -280g","p":2.28,"u":"8,14 €/KG","img":"https://fd6-photos.leclercdrive.fr/image.ashx?id=3014476&use=l&cat=p&typeid=i","cat":284451},{"id":155776,"n":"Shampoing Le Petit Marseillais  Calendula & coco - 250ml","p":1.75,"u":"7,00 €/L","img":"https://fd6-photos.leclercdrive.fr/image.ashx?id=2684173&use=l&cat=p&typeid=i","cat":284606},{"id":155792,"n":"Compote bébé Blédina 4-6 mois Pomme coing - 4x130g","p":3.01,"u":"5,79 €/KG","img":"https://fd6-photos.leclercdrive.fr/image.ashx?id=2911205&use=l&cat=p&typeid=i","cat":312387},{"id":155793,"n":"Compote bébé Blédina 4-6 mois Pomme pruneau - 4x130g","p":2.77,"u":"5,33 €/KG","img":"https://fd6-photos.leclercdrive.fr/image.ashx?id=2911202&use=l&cat=p&typeid=i","cat":312387},{"id":155795,"n":"Soda Coca-Cola - SANS SUCRES Canette - 6x33cl","p":3.36,"u":"1,70 €/L","img":"https://fd6-photos.leclercdrive.fr/image.ashx?id=2736805&use=l&cat=p&typeid=i","cat":284530},{"id":155815,"n":"Compote avec morceaux Andros Cerise - 4x100g","p":2.81,"u":"7,03 €/KG","img":"https://fd6-photos.leclercdrive.fr/image.ashx?id=2887011&use=l&cat=p&typeid=i","cat":284416},{"id":155816,"n":"Compote avec morceaux Andros Framboise - 4x100g","p":2.79,"u":"6,98 €/KG","img":"https://fd6-photos.leclercdrive.fr/image.ashx?id=2908201&use=l&cat=p&typeid=i","cat":284416},{"id":155819,"n":"Yaourt brassé Perle de Lait Saveur Amande - 4x125g","p":2.06,"u":"4,12 €/KG","img":"https://fd6-photos.leclercdrive.fr/image.ashx?id=2939655&use=l&cat=p&typeid=i","cat":286006},{"id":155820,"n":"Salade Batavia verte 1p","p":1.29,"img":"https://fd6-photos.leclercdrive.fr/image.ashx?id=1633577&use=l&cat=p&typeid=i","cat":284352},{"id":155824,"n":"Persil lisse botte x1","p":0.99,"img":"https://fd6-photos.leclercdrive.fr/image.ashx?id=2115902&use=l&cat=p&typeid=i","cat":293607},{"id":155825,"n":"Persil frisé botte x1","p":0.99,"img":"https://fd6-photos.leclercdrive.fr/image.ashx?id=578632&use=l&cat=p&typeid=i","cat":293607},{"id":155828,"n":"Chou rouge 1p","p":1.79,"img":"https://fd6-photos.leclercdrive.fr/image.ashx?id=560850&use=l&cat=p&typeid=i","cat":284352},{"id":155829,"n":"Salade laitue verte 1p","p":1.29,"img":"https://fd6-photos.leclercdrive.fr/image.ashx?id=1633040&use=l&cat=p&typeid=i","cat":284352},{"id":155833,"n":"Feuille de chêne rouge 1p","p":1.29,"img":"https://fd6-photos.leclercdrive.fr/image.ashx?id=1633670&use=l&cat=p&typeid=i","cat":284352},{"id":155892,"n":"Blanc de Poulet Le Gaulois Sans nitrites x4 - 160g","p":2.16,"u":"13,50 €/KG","img":"https://fd6-photos.leclercdrive.fr/image.ashx?id=2962620&use=l&cat=p&typeid=i","cat":316010},{"id":155894,"n":"Blanc de Dinde Le Gaulois Sans nitrites x4 tranches -160g","p":2.16,"u":"13,50 €/KG","img":"https://fd6-photos.leclercdrive.fr/image.ashx?id=2962623&use=l&cat=p&typeid=i","cat":316010},{"id":155900,"n":"Boisson aux Fruits Jafun Tropical - 10x20cl","p":3.4,"u":"1,70 €/L","img":"https://fd6-photos.leclercdrive.fr/image.ashx?id=2992567&use=l&cat=p&typeid=i","cat":295018},{"id":155904,"n":"Cure-dents Homeside x120","p":0.4,"img":"https://fd6-photos.leclercdrive.fr/image.ashx?id=2118069&use=l&cat=p&typeid=i","cat":334135},{"id":155908,"n":"Passoire sur pied x1","p":4.5,"img":"https://fd6-photos.leclercdrive.fr/image.ashx?id=2118105&use=l&cat=p&typeid=i","cat":334135},{"id":155912,"n":"Ficelle sur carte dévidoir 60m - x1","p":2.0,"img":"https://fd6-photos.leclercdrive.fr/image.ashx?id=2118093&use=l&cat=p&typeid=i","cat":334135},{"id":155914,"n":"Spatule trendy x1","p":3.9,"img":"https://fd6-photos.leclercdrive.fr/image.ashx?id=2118102&use=l&cat=p&typeid=i","cat":334135},{"id":155949,"n":"Mini tour A4 3 tiroirs","p":12.9,"img":"https://fd6-photos.leclercdrive.fr/image.ashx?id=2118111&use=l&cat=p&typeid=i","cat":284745},{"id":155952,"n":"Poubelle ronde métal 30L","p":34.9,"img":"https://fd6-photos.leclercdrive.fr/image.ashx?id=2118054&use=l&cat=p&typeid=i","cat":335909},{"id":155959,"n":"Panier à linge gris 40L","p":7.9,"img":"https://fd6-photos.leclercdrive.fr/image.ashx?id=2118117&use=l&cat=p&typeid=i","cat":335909},{"id":155967,"n":"Poubelle à pédale Noire - 24L","p":13.49,"img":"https://fd6-photos.leclercdrive.fr/image.ashx?id=2118027&use=l&cat=p&typeid=i","cat":335909},{"id":155996,"n":"Bouchons collerette Homeside - x1","p":1.9,"img":"https://fd6-photos.leclercdrive.fr/image.ashx?id=2118075&use=l&cat=p&typeid=i","cat":334135},{"id":156013,"n":"Soba nouilles Sautées poulet 110g","p":1.61,"u":"14,64 €/KG","img":"https://fd6-photos.leclercdrive.fr/image.ashx?id=2433524&use=l&cat=p&typeid=i","cat":288992},{"id":156020,"n":"Soda Sprite Canette - 6x33cl","p":3.4,"u":"1,72 €/L","img":"https://fd6-photos.leclercdrive.fr/image.ashx?id=2973994&use=l&cat=p&typeid=i","cat":284531},{"id":156022,"n":"Soda Coca Cola Cherry Canette 6x33cl","p":3.97,"u":"2,01 €/L","img":"https://fd6-photos.leclercdrive.fr/image.ashx?id=2997226&use=l&cat=p&typeid=i","cat":284530},{"id":156067,"n":"Soda Coca-Cola Canette - 6x33cl","p":4.15,"u":"2,10 €/L","img":"https://fd6-photos.leclercdrive.fr/image.ashx?id=2997229&use=l&cat=p&typeid=i","cat":284530},{"id":156112,"n":"Oeufs au sol Paroles d'Eleveurs x12","p":3.1,"u":"0,26 €/P","img":"https://fd6-photos.leclercdrive.fr/image.ashx?id=2506026&use=l&cat=p&typeid=i","cat":284378},{"id":156135,"n":"Soda Coca-Cola canettes 12x33cl","p":8.2,"u":"2,07 €/L","img":"https://fd6-photos.leclercdrive.fr/image.ashx?id=2192940&use=l&cat=p&typeid=i","cat":284530},{"id":156138,"n":"Soda Coca-Cola Original Canettes - 20x33cl","p":13.63,"u":"2,07 €/L","img":"https://fd6-photos.leclercdrive.fr/image.ashx?id=2846766&use=l&cat=p&typeid=i","cat":284530},{"id":156139,"n":"Soda Coca-Cola - SANS SUCRES Canettes - 20x33cl","p":11.13,"u":"1,69 €/L","img":"https://fd6-photos.leclercdrive.fr/image.ashx?id=2174513&use=l&cat=p&typeid=i","cat":284530},{"id":156140,"n":"Soda Fanta Mangue fruit du dragon canettes - 6x33cl","p":3.61,"u":"1,82 €/L","img":"https://fd6-photos.leclercdrive.fr/image.ashx?id=2996118&use=l&cat=p&typeid=i","cat":284532},{"id":156141,"n":"Soda Fanta citron frappé canettes - 6x33cl","p":3.58,"u":"1,81 €/L","img":"https://fd6-photos.leclercdrive.fr/image.ashx?id=2660212&use=l&cat=p&typeid=i","cat":284532},{"id":156144,"n":"Boisson énergisante Monster Ultra Paradise - 50cl","p":1.63,"u":"3,26 €/L","img":"https://fd6-photos.leclercdrive.fr/image.ashx?id=2681457&use=l&cat=p&typeid=i","cat":284533},{"id":156145,"n":"Thé glacé Fuze tea Saveur pêche - 1,75L","p":1.86,"u":"1,06 €/L","img":"https://fd6-photos.leclercdrive.fr/image.ashx?id=2944395&use=l&cat=p&typeid=i","cat":295019},{"id":156151,"n":"Cônes Extrême Sundae Caramel - 438g","p":3.7,"u":"8,45 €/KG","img":"https://fd6-photos.leclercdrive.fr/image.ashx?id=2844034&use=l&cat=p&typeid=i","cat":284264},{"id":156156,"n":"Fromage enfant Kiri crème 8 portions à tartiner - 144g","p":2.07,"u":"0,26 €/P","img":"https://fd6-photos.leclercdrive.fr/image.ashx?id=2973562&use=l&cat=p&typeid=i","cat":314030},{"id":156165,"n":"Sauce bolognaise Bolo Balls 400g","p":2.57,"u":"6,43 €/KG","img":"https://fd6-photos.leclercdrive.fr/image.ashx?id=2918571&use=l&cat=p&typeid=i","cat":287599},{"id":156171,"n":"Sablés Michel et Augustin Parmigiano reggiano - 100g","p":2.44,"u":"24,40 €/KG","img":"https://fd6-photos.leclercdrive.fr/image.ashx?id=2114218&use=l&cat=p&typeid=i","cat":297000},{"id":156174,"n":"Biscuits fourrés BN Framboise - 285g","p":1.64,"u":"5,75 €/KG","img":"https://fd6-photos.leclercdrive.fr/image.ashx?id=2474999&use=l&cat=p&typeid=i","cat":284489},{"id":156175,"n":"Doomino St Michel Chocolat - x6","p":1.99,"u":"11,06 €/KG","img":"https://fd6-photos.leclercdrive.fr/image.ashx?id=2949979&use=l&cat=p&typeid=i","cat":284495},{"id":156188,"n":"Préparation Flan Pâtissier alsa Vanille - 740g","p":2.85,"u":"3,85 €/KG","img":"https://fd6-photos.leclercdrive.fr/image.ashx?id=2790591&use=l&cat=p&typeid=i","cat":284505},{"id":156189,"n":"Préparation Gâteau alsa Brownies - 305g","p":2.98,"u":"9,77 €/KG","img":"https://fd6-photos.leclercdrive.fr/image.ashx?id=2996440&use=l&cat=p&typeid=i","cat":284505},{"id":156198,"n":"Bière blonde Tripel Karmeliet 8,4% - 6x33cl","p":12.38,"u":"6,25 €/L","img":"https://fd6-photos.leclercdrive.fr/image.ashx?id=2675586&use=l&cat=p&typeid=i","cat":334872},{"id":156200,"n":"Wraps Old El Paso de blé nature format familial x10 - 580g","p":4.07,"u":"7,02 €/KG","img":"https://fd6-photos.leclercdrive.fr/image.ashx?id=2745352&use=l&cat=p&typeid=i","cat":288993},{"id":156223,"n":"Croquette Truite One Sterilcat Indoor formula","p":14.16,"u":"4,72 €/KG","img":"https://fd6-photos.leclercdrive.fr/image.ashx?id=2488076&use=l&cat=p&typeid=i","cat":284680},{"id":156229,"n":"Repas Purina One Spécial chat stérilisé - 680g","p":3.95,"u":"5,81 €/KG","img":"https://fd6-photos.leclercdrive.fr/image.ashx?id=2899725&use=l&cat=p&typeid=i","cat":285286},{"id":156299,"n":"Yaourt à la grecque YAOS  Vanille - 8x125g","p":4.41,"u":"4,41 €/KG","img":"https://fd6-photos.leclercdrive.fr/image.ashx?id=3007942&use=l&cat=p&typeid=i","cat":314999},{"id":156343,"n":"Abondance AOP NRT L'Atelier Fromagerie - 150g","p":3.2,"u":"21,33 €/KG","img":"https://fd6-photos.leclercdrive.fr/image.ashx?id=2123907&use=l&cat=p&typeid=i","cat":314036},{"id":156344,"n":"Fromage Beaufort AOP L'Atelier Fromagerie - 150g","p":4.49,"u":"29,93 €/KG","img":"https://fd6-photos.leclercdrive.fr/image.ashx?id=2120472&use=l&cat=p&typeid=i","cat":327294},{"id":156345,"n":"Fromage Bleu de Laqueuille L'Atelier Fromagerie - 150g","p":2.4,"u":"16,00 €/KG","img":"https://fd6-photos.leclercdrive.fr/image.ashx?id=2130002&use=l&cat=p&typeid=i","cat":327294},{"id":156346,"n":"Pointe Brie de Meaux AOP L'Atelier Fromagerie - 200g","p":3.19,"u":"15,95 €/KG","img":"https://fd6-photos.leclercdrive.fr/image.ashx?id=2123910&use=l&cat=p&typeid=i","cat":314036},{"id":156348,"n":"Cantal Entre deux AOP NRT L'Atelier Fromagerie - 200g","p":3.5,"u":"17,50 €/KG","img":"https://fd6-photos.leclercdrive.fr/image.ashx?id=2398788&use=l&cat=p&typeid=i","cat":327294},{"id":156352,"n":"Gruyère français IGP L'Atelier Fromagerie - 150g","p":2.59,"u":"17,27 €/KG","img":"https://fd6-photos.leclercdrive.fr/image.ashx?id=2123919&use=l&cat=p&typeid=i","cat":327294},{"id":156353,"n":"Rocamadour fermier AOP L'Atelier Fromagerie - 2x35g","p":2.5,"u":"35,71 €/KG","img":"https://fd6-photos.leclercdrive.fr/image.ashx?id=2697471&use=l&cat=p&typeid=i","cat":314036},{"id":156354,"n":"Saint Nectaire laitier AOP L'Atelier Fromagerie - 300g","p":4.7,"u":"15,67 €/KG","img":"https://fd6-photos.leclercdrive.fr/image.ashx?id=2115917&use=l&cat=p&typeid=i","cat":329184},{"id":156359,"n":"Crottin de chèvre Rians 3+1 offert - 240g","p":4.13,"u":"17,21 €/KG","img":"https://fd6-photos.leclercdrive.fr/image.ashx?id=2557951&use=l&cat=p&typeid=i","cat":314031},{"id":156412,"n":"Glaces Nui Caramel White chocolate & Texan pecan x4 264g","p":4.48,"u":"16,97 €/KG","img":"https://fd6-photos.leclercdrive.fr/image.ashx?id=2519900&use=l&cat=p&typeid=i","cat":284265},{"id":156423,"n":"Filets de poulet Auvergne NRT x2 Label Rouge - 265g","p":5.99,"u":"22,60 €/KG","img":"https://fd6-photos.leclercdrive.fr/image.ashx?id=2699834&use=l&cat=p&typeid=i","cat":284336},{"id":156424,"n":"Camembert Les Croisés   A chauffer - 250g","p":2.99,"u":"11,96 €/KG","img":"https://fd6-photos.leclercdrive.fr/image.ashx?id=2793299&use=l&cat=p&typeid=i","cat":314037},{"id":156428,"n":"Friandises chien Pedigree Schmackos volaille x20 - 144g","p":2.31,"u":"16,04 €/KG","img":"https://fd6-photos.leclercdrive.fr/image.ashx?id=2850174&use=l&cat=p&typeid=i","cat":294527},{"id":156461,"n":"Éponge zéro saleté rayure Surfaces délicatesx4+2 offertes","p":3.47,"u":"0,58 €/P","img":"https://fd6-photos.leclercdrive.fr/image.ashx?id=2544281&use=l&cat=p&typeid=i","cat":284667},{"id":156476,"n":"Fromage Feta Grecque Islos AOP - 150g","p":2.75,"u":"18,33 €/KG","img":"https://fd6-photos.leclercdrive.fr/image.ashx?id=2892625&use=l&cat=p&typeid=i","cat":314026},{"id":156493,"n":"Petit pot bébé Blédina 6 mois  Légumes bœuf - 2x200g","p":2.33,"u":"5,83 €/KG","img":"https://fd6-photos.leclercdrive.fr/image.ashx?id=2968091&use=l&cat=p&typeid=i","cat":312236},{"id":156494,"n":"Petit pot bébé Blédina 6 mois Riz légumes saumon - 2x200g","p":2.47,"u":"6,18 €/KG","img":"https://fd6-photos.leclercdrive.fr/image.ashx?id=2911214&use=l&cat=p&typeid=i","cat":312236},{"id":156495,"n":"Petit pot bébé Blédina 6 mois Légumes lieu - 2x200g","p":1.8,"u":"4,50 €/KG","img":"https://fd6-photos.leclercdrive.fr/image.ashx?id=2935771&use=l&cat=p&typeid=i","cat":312236},{"id":156496,"n":"Petit pot bébé Blédina 6 mois Potimarron jambon - 2x200g","p":2.1,"u":"5,25 €/KG","img":"https://fd6-photos.leclercdrive.fr/image.ashx?id=2935768&use=l&cat=p&typeid=i","cat":312236},{"id":156497,"n":"Petit pot bébé Blédina 8 mois Riz ratatouille poisson -2x200g","p":2.38,"u":"5,95 €/KG","img":"https://fd6-photos.leclercdrive.fr/image.ashx?id=2911208&use=l&cat=p&typeid=i","cat":312236},{"id":156499,"n":"Petit pot bébé Blédina 8 mois Légumes poulet - 2x200g","p":2.0,"u":"5,00 €/KG","img":"https://fd6-photos.leclercdrive.fr/image.ashx?id=2935765&use=l&cat=p&typeid=i","cat":312236},{"id":156501,"n":"Petit pot bébé Blédina 6 mois Légumes jambon - 2x200g","p":2.36,"u":"5,90 €/KG","img":"https://fd6-photos.leclercdrive.fr/image.ashx?id=2948767&use=l&cat=p&typeid=i","cat":312236},{"id":156503,"n":"Petit pot bébé Blédina 6 mois  Légumes verts poulet - 2x200g","p":2.11,"u":"5,28 €/KG","img":"https://fd6-photos.leclercdrive.fr/image.ashx?id=2983063&use=l&cat=p&typeid=i","cat":312236},{"id":156528,"n":"Petit pot bébé Blédina 4-6 mois Carotte - 2x130g","p":1.17,"u":"4,50 €/KG","img":"https://fd6-photos.leclercdrive.fr/image.ashx?id=2911870&use=l&cat=p&typeid=i","cat":312234},{"id":156538,"n":"Compote bébé Blédina 6 mois  Aux fruits - 4x130g","p":2.69,"u":"5,17 €/KG","img":"https://fd6-photos.leclercdrive.fr/image.ashx?id=2911196&use=l&cat=p&typeid=i","cat":312388},{"id":156539,"n":"Petit pot bébé Blédina 6 mois Semoule carotte dinde - 2x200g","p":2.24,"u":"5,60 €/KG","img":"https://fd6-photos.leclercdrive.fr/image.ashx?id=2935774&use=l&cat=p&typeid=i","cat":312236},{"id":156540,"n":"Petit pot bébé Blédina 6 mois Patate douce carotte-2x200g","p":2.08,"u":"5,20 €/KG","img":"https://fd6-photos.leclercdrive.fr/image.ashx?id=2951617&use=l&cat=p&typeid=i","cat":312235},{"id":156541,"n":"Petit pot bébé Blédina 6 mois Purée de panais dinde - 2x200g","p":2.2,"u":"5,50 €/KG","img":"https://fd6-photos.leclercdrive.fr/image.ashx?id=2951611&use=l&cat=p&typeid=i","cat":312236},{"id":156550,"n":"Petites Tartelettes Bonne Maman Chocolat caramel - 250g","p":2.52,"u":"10,08 €/KG","img":"https://fd6-photos.leclercdrive.fr/image.ashx?id=2962302&use=l&cat=p&typeid=i","cat":284488},{"id":156563,"n":"Petit pot bébé Blédina 6 mois Purée carotte jambon - 2x200g","p":2.27,"u":"5,68 €/KG","img":"https://fd6-photos.leclercdrive.fr/image.ashx?id=2935762&use=l&cat=p&typeid=i","cat":312236},{"id":156564,"n":"Petit pot bébé Blédina 6 mois Riz tomate poulet - 2x200g","p":2.02,"u":"5,05 €/KG","img":"https://fd6-photos.leclercdrive.fr/image.ashx?id=2951614&use=l&cat=p&typeid=i","cat":312236},{"id":156565,"n":"Litière chats Tous mes Amis Minérale parfumée - 8L","p":2.48,"u":"0,31 €/L","img":"https://fd6-photos.leclercdrive.fr/image.ashx?id=2120905&use=l&cat=p&typeid=i","cat":284683},{"id":156598,"n":"Biscuits fourrés bio Jardin Bio Chocolat - 300g","p":2.36,"u":"7,87 €/KG","img":"https://fd6-photos.leclercdrive.fr/image.ashx?id=2903353&use=l&cat=p&typeid=i","cat":284488},{"id":156774,"n":"Cahier Easybook 96pages  Jaune - grands carreaux-17x22cm","p":1.95,"img":"https://fd6-photos.leclercdrive.fr/image.ashx?id=2749062&use=l&cat=p&typeid=i","cat":284697},{"id":156911,"n":"Cahier Classeur Color Life A4 XL - Vert","p":2.87,"img":"https://fd6-photos.leclercdrive.fr/image.ashx?id=2134920&use=l&cat=p&typeid=i","cat":284745},{"id":156913,"n":"Cahier Classeur Color Life A4 XL - Bleu","p":2.87,"img":"https://fd6-photos.leclercdrive.fr/image.ashx?id=2134926&use=l&cat=p&typeid=i","cat":284745},{"id":156915,"n":"Cahier Classeur Color Life A4 XL - Rouge","p":2.87,"img":"https://fd6-photos.leclercdrive.fr/image.ashx?id=2134932&use=l&cat=p&typeid=i","cat":284745},{"id":156916,"n":"Cahier Classeur Color Life A4 XL - Bleu foncé","p":2.87,"img":"https://fd6-photos.leclercdrive.fr/image.ashx?id=2134935&use=l&cat=p&typeid=i","cat":284745},{"id":156984,"n":"Paire de ciseaux Sensoft Maped Rouge - Droitier - 13.5cm","p":2.31,"img":"https://fd6-photos.leclercdrive.fr/image.ashx?id=2129332&use=l&cat=p&typeid=i","cat":334133},{"id":156985,"n":"Paire de ciseaux Sensoft Maped Bleu - Droitier - 13.5cm","p":2.31,"img":"https://fd6-photos.leclercdrive.fr/image.ashx?id=2149306&use=l&cat=p&typeid=i","cat":334133},{"id":157038,"n":"Chemise carte blush Exacompta  Bleu pastel - 24X32cm","p":1.22,"img":"https://fd6-photos.leclercdrive.fr/image.ashx?id=2135109&use=l&cat=p&typeid=i","cat":284745},{"id":157039,"n":"Chemise carte blush Exacompta  Vert pastel - 24X32cm","p":1.22,"img":"https://fd6-photos.leclercdrive.fr/image.ashx?id=2135112&use=l&cat=p&typeid=i","cat":284745},{"id":157040,"n":"Chemise carte blush Exacompta  Orange pastel - 24X32cm","p":1.22,"img":"https://fd6-photos.leclercdrive.fr/image.ashx?id=2135115&use=l&cat=p&typeid=i","cat":284745},{"id":157507,"n":"Tube de peinture Esquisse  Noir - 20ml","p":0.99,"img":"https://fd6-photos.leclercdrive.fr/image.ashx?id=2124134&use=l&cat=p&typeid=i","cat":334133},{"id":157554,"n":"Olives noires Tropic Apéro Aux herbes de Provence - 250g","p":2.99,"u":"11,96 €/KG","img":"https://fd6-photos.leclercdrive.fr/image.ashx?id=2648229&use=l&cat=p&typeid=i","cat":316002},{"id":157590,"n":"Bière Jenlain triple 8.5° - 75cl","p":3.77,"u":"5,03 €/L","img":"https://fd6-photos.leclercdrive.fr/image.ashx?id=2732854&use=l&cat=p&typeid=i","cat":334872},{"id":157611,"n":"Bière blonde La Bête 8° - 75cl","p":4.43,"u":"5,91 €/L","img":"https://fd6-photos.leclercdrive.fr/image.ashx?id=3011242&use=l&cat=p&typeid=i","cat":334872},{"id":157638,"n":"Mon plateau apéro Gourmets charcutiers - 240g","p":6.09,"u":"25,38 €/KG","img":"https://fd6-photos.leclercdrive.fr/image.ashx?id=2123782&use=l&cat=p&typeid=i","cat":316007},{"id":157737,"n":"Lingettes Démaquillantes Nivea Peaux Sèches - x20","p":2.59,"u":"0,13 €/P","img":"https://fd6-photos.leclercdrive.fr/image.ashx?id=3005227&use=l&cat=p&typeid=i","cat":284603},{"id":157968,"n":"Capsules café Plantation Espresso Caramel n°7- x10 - 52g","p":2.4,"u":"46,15 €/KG","img":"https://fd6-photos.leclercdrive.fr/image.ashx?id=2418158&use=l&cat=p&typeid=i","cat":284749},{"id":157973,"n":"Capsules café Plantation Lungo Forte n°8 - x10 - 52g","p":2.24,"u":"43,08 €/KG","img":"https://fd6-photos.leclercdrive.fr/image.ashx?id=2867266&use=l&cat=p&typeid=i","cat":284749},{"id":157982,"n":"Boisson P'tit Déli Instantanée chocolatée - 1kg","p":4.43,"u":"4,43 €/KG","img":"https://fd6-photos.leclercdrive.fr/image.ashx?id=2124642&use=l&cat=p&typeid=i","cat":293235},{"id":158220,"n":"Rhum Havana Club 3 ans 37,5% vol - 70cl","p":15.14,"u":"21,63 €/L","img":"https://fd6-photos.leclercdrive.fr/image.ashx?id=2874096&use=l&cat=p&typeid=i","cat":284550},{"id":158363,"n":"Crème Douche Surgras Bio Cadum Karité - 500ml","p":2.34,"u":"4,68 €/L","img":"https://fd6-photos.leclercdrive.fr/image.ashx?id=2575630&use=l&cat=p&typeid=i","cat":284594},{"id":158364,"n":"Whisky Ballantine's 7 ans Blended Scotch 40% vol - 70cl","p":18.95,"pp":15.16,"u":"21,66 €/L","img":"https://fd6-photos.leclercdrive.fr/image.ashx?id=3000366&use=l&cat=p&typeid=i","cat":284547},{"id":158374,"n":"Shampoing Le Petit Marseillais  Thym & the vert - 250ml","p":1.95,"u":"7,80 €/L","img":"https://fd6-photos.leclercdrive.fr/image.ashx?id=2684176&use=l&cat=p&typeid=i","cat":284606},{"id":158390,"n":"Aiguillettes végétales HappyVore - 150g","p":3.66,"u":"24,40 €/KG","img":"https://fd6-photos.leclercdrive.fr/image.ashx?id=2787530&use=l&cat=p&typeid=i","cat":316036},{"id":158391,"n":"Nuggets végétaux HappyVore - 210g","p":3.32,"u":"15,81 €/KG","img":"https://fd6-photos.leclercdrive.fr/image.ashx?id=2965241&use=l&cat=p&typeid=i","cat":316036},{"id":158393,"n":"Chipolatas végétales HappyVore - 200g","p":3.66,"u":"18,30 €/KG","img":"https://fd6-photos.leclercdrive.fr/image.ashx?id=2736199&use=l&cat=p&typeid=i","cat":316036},{"id":158394,"n":"Merguez végétales HappyVore - 200g","p":3.93,"u":"19,65 €/KG","img":"https://fd6-photos.leclercdrive.fr/image.ashx?id=2736196&use=l&cat=p&typeid=i","cat":316036},{"id":158415,"n":"Eau gazeuse San Pellegrino Fleur d'oranger - 6x33cl","p":3.5,"u":"1,77 €/L","img":"https://fd6-photos.leclercdrive.fr/image.ashx?id=2672650&use=l&cat=p&typeid=i","cat":284536},{"id":158571,"n":"Plat bébé Blédina 8 mois  Pâtes tomate boeuf - 2x200g","p":3.06,"u":"7,65 €/KG","img":"https://fd6-photos.leclercdrive.fr/image.ashx?id=2975092&use=l&cat=p&typeid=i","cat":312236},{"id":158575,"n":"Single malt Scotch Glenfiddich Tripple Oak 40%vol - 70cl 12ans","p":34.66,"u":"49,51 €/L","img":"https://fd6-photos.leclercdrive.fr/image.ashx?id=2131596&use=l&cat=p&typeid=i","cat":284547},{"id":158621,"n":"Soda Schweppes Ginger Beer - 1L","p":1.79,"u":"1,79 €/L","img":"https://fd6-photos.leclercdrive.fr/image.ashx?id=2876233&use=l&cat=p&typeid=i","cat":284532},{"id":158631,"n":"Plat bébé soir Blédiner 8 mois  Pâtes épinards - 2x200g","p":2.83,"u":"7,08 €/KG","img":"https://fd6-photos.leclercdrive.fr/image.ashx?id=2845868&use=l&cat=p&typeid=i","cat":312239},{"id":158649,"n":"Lait céréales Blédidej 12 mois Biscuité vanille - 500ml","p":1.82,"u":"3,64 €/KG","img":"https://fd6-photos.leclercdrive.fr/image.ashx?id=2503728&use=l&cat=p&typeid=i","cat":312226},{"id":158715,"n":"Doomino St Michel Choco Noisette x6 - 180g","p":2.06,"u":"11,44 €/KG","img":"https://fd6-photos.leclercdrive.fr/image.ashx?id=2953495&use=l&cat=p&typeid=i","cat":284495},{"id":158779,"n":"Céréales Fitness  Chocolat au lait - 450g","p":2.86,"u":"6,36 €/KG","img":"https://fd6-photos.leclercdrive.fr/image.ashx?id=2922167&use=l&cat=p&typeid=i","cat":309512},{"id":158781,"n":"Céréales Fitness  Chocolat noir - 450g","p":2.88,"u":"6,40 €/KG","img":"https://fd6-photos.leclercdrive.fr/image.ashx?id=2922170&use=l&cat=p&typeid=i","cat":309512},{"id":158784,"n":"Petit pot bébé Blédina 8 mois Légumes viande poisson - 8x200g","p":8.13,"u":"5,08 €/KG","img":"https://fd6-photos.leclercdrive.fr/image.ashx?id=2935777&use=l&cat=p&typeid=i","cat":312236},{"id":158787,"n":"Petit pot bébé Blédina 6 mois Légume viande poisson - 8x200g","p":8.36,"u":"5,23 €/KG","img":"https://fd6-photos.leclercdrive.fr/image.ashx?id=2948773&use=l&cat=p&typeid=i","cat":312236},{"id":158789,"n":"Levure boulanger Vahiné x6 - 48g","p":1.08,"u":"22,50 €/KG","img":"https://fd6-photos.leclercdrive.fr/image.ashx?id=2559793&use=l&cat=p&typeid=i","cat":294686},{"id":158797,"n":"Lait céréales Blédidej 12 mois Chocolat - 500ml","p":1.89,"u":"3,78 €/L","img":"https://fd6-photos.leclercdrive.fr/image.ashx?id=2479042&use=l&cat=p&typeid=i","cat":312226},{"id":158803,"n":"Rotella Haribo Sachet bonbons réglisse - 300g","p":1.51,"u":"5,03 €/KG","img":"https://fd6-photos.leclercdrive.fr/image.ashx?id=2982402&use=l&cat=p&typeid=i","cat":304250},{"id":158834,"n":"Céréales Fitness Nature 475g","p":3.35,"u":"7,05 €/KG","img":"https://fd6-photos.leclercdrive.fr/image.ashx?id=2874084&use=l&cat=p&typeid=i","cat":309512},{"id":158891,"n":"Boisson aux fruits Jafun Tropical - 1L","p":1.19,"u":"1,19 €/L","img":"https://fd6-photos.leclercdrive.fr/image.ashx?id=2913763&use=l&cat=p&typeid=i","cat":295018},{"id":158920,"n":"Petit pot bébé Blédina 6 mois Semoule épinards merlu - 2x200g","p":2.39,"u":"5,98 €/KG","img":"https://fd6-photos.leclercdrive.fr/image.ashx?id=2935759&use=l&cat=p&typeid=i","cat":312236},{"id":158936,"n":"Pains au lait La Boulangère x10 - 350g","p":1.9,"u":"5,43 €/KG","img":"https://fd6-photos.leclercdrive.fr/image.ashx?id=2912437&use=l&cat=p&typeid=i","cat":293505},{"id":158937,"n":"Sauce Tikka Masala Patak's 450g","p":2.73,"u":"6,07 €/KG","img":"https://fd6-photos.leclercdrive.fr/image.ashx?id=2593698&use=l&cat=p&typeid=i","cat":289012},{"id":158939,"n":"Sauce Butter Chicken Patak's 450g","p":3.07,"u":"6,82 €/KG","img":"https://fd6-photos.leclercdrive.fr/image.ashx?id=2857713&use=l&cat=p&typeid=i","cat":289012},{"id":158943,"n":"Sauce Korma Patak's 450g","p":3.2,"u":"7,11 €/KG","img":"https://fd6-photos.leclercdrive.fr/image.ashx?id=2607764&use=l&cat=p&typeid=i","cat":289012},{"id":158944,"n":"Sauce Tandoori Patak's 450g","p":3.41,"u":"7,58 €/KG","img":"https://fd6-photos.leclercdrive.fr/image.ashx?id=2762265&use=l&cat=p&typeid=i","cat":289012},{"id":158949,"n":"Gaufres aux oeufs Lotus 371g","p":3.47,"u":"9,35 €/KG","img":"https://fd6-photos.leclercdrive.fr/image.ashx?id=2133849&use=l&cat=p&typeid=i","cat":294777},{"id":158966,"n":"Rainbow Pik Haribo  Sachet bonbons acidulés - 200g","p":1.75,"u":"8,75 €/KG","img":"https://fd6-photos.leclercdrive.fr/image.ashx?id=2982408&use=l&cat=p&typeid=i","cat":304250},{"id":158970,"n":"Sauce Tomacouli Panzani - 200G","p":0.81,"u":"4,05 €/KG","img":"https://fd6-photos.leclercdrive.fr/image.ashx?id=2872853&use=l&cat=p&typeid=i","cat":288384},{"id":158977,"n":"Tripe Paul et Louise 400g","p":2.51,"u":"6,28 €/KG","img":"https://fd6-photos.leclercdrive.fr/image.ashx?id=2367565&use=l&cat=p&typeid=i","cat":284441},{"id":158982,"n":"Petit pot bébé Blédina 4-6 mois Purée de poireau - 2x130g","p":1.17,"u":"4,50 €/KG","img":"https://fd6-photos.leclercdrive.fr/image.ashx?id=2911190&use=l&cat=p&typeid=i","cat":312234},{"id":159067,"n":"Bière blonde Victoria 8,5% - 75cl","p":3.54,"u":"4,72 €/L","img":"https://fd6-photos.leclercdrive.fr/image.ashx?id=2157400&use=l&cat=p&typeid=i","cat":334872},{"id":159154,"n":"Cahier spirales Esquisse Vert - 100 pages 21x29.7cm","p":2.49,"img":"https://fd6-photos.leclercdrive.fr/image.ashx?id=2138052&use=l&cat=p&typeid=i","cat":284697},{"id":159156,"n":"Cahier spirales Esquisse Vert - 100 pages 24x32 cm","p":2.99,"img":"https://fd6-photos.leclercdrive.fr/image.ashx?id=2138058&use=l&cat=p&typeid=i","cat":284697},{"id":159209,"n":"Lasagne Lustucru Selection  250g","p":2.27,"u":"9,08 €/KG","img":"https://fd6-photos.leclercdrive.fr/image.ashx?id=2792396&use=l&cat=p&typeid=i","cat":333682},{"id":159212,"n":"Bloc WC Bref Deluxe Magnolia  Toilettes propres - 50g x1","p":2.17,"u":"43,40 €/KG","img":"https://fd6-photos.leclercdrive.fr/image.ashx?id=2907581&use=l&cat=p&typeid=i","cat":284662},{"id":159220,"n":"Dos de Cabillaud Findus MSC - x4 - 440g","p":11.33,"u":"25,75 €/KG","img":"https://fd6-photos.leclercdrive.fr/image.ashx?id=2735347&use=l&cat=p&typeid=i","cat":319786},{"id":159352,"n":"Concentré à diluer Pulco Citron Fraise - 70cl","p":3.14,"u":"4,49 €/L","img":"https://fd6-photos.leclercdrive.fr/image.ashx?id=2687782&use=l&cat=p&typeid=i","cat":295020},{"id":159364,"n":"Houmous Tables du Monde 175g","p":2.25,"u":"12,86 €/KG","img":"https://fd6-photos.leclercdrive.fr/image.ashx?id=2860079&use=l&cat=p&typeid=i","cat":315999},{"id":159381,"n":"Rhum epice Lagoa 35% 70cl","p":9.99,"u":"14,27 €/L","img":"https://fd6-photos.leclercdrive.fr/image.ashx?id=2966499&use=l&cat=p&typeid=i","cat":284550},{"id":159394,"n":"Amandes émondées Vahiné 125g","p":3.89,"u":"31,12 €/KG","img":"https://fd6-photos.leclercdrive.fr/image.ashx?id=2606250&use=l&cat=p&typeid=i","cat":284357},{"id":159396,"n":"Houmous Tables du Monde Olives noires - 175g","p":2.25,"u":"12,86 €/KG","img":"https://fd6-photos.leclercdrive.fr/image.ashx?id=2138154&use=l&cat=p&typeid=i","cat":315999},{"id":159448,"n":"Boisson aux fruits Jafun Pomme Cassis Framboise - 2L","p":1.49,"u":"0,75 €/L","img":"https://fd6-photos.leclercdrive.fr/image.ashx?id=2956924&use=l&cat=p&typeid=i","cat":295018},{"id":159506,"n":"Ravioli bolognaise Turini 300g","p":1.99,"u":"6,63 €/KG","img":"https://fd6-photos.leclercdrive.fr/image.ashx?id=2989709&use=l&cat=p&typeid=i","cat":333682},{"id":159509,"n":"Girasoli Turini Mozzarella Tomates - 300g","p":2.49,"u":"8,30 €/KG","img":"https://fd6-photos.leclercdrive.fr/image.ashx?id=2989706&use=l&cat=p&typeid=i","cat":333682},{"id":159519,"n":"Pates fusili Côté Snack Raclette - 300g","p":1.99,"u":"6,63 €/KG","img":"https://fd6-photos.leclercdrive.fr/image.ashx?id=2613291&use=l&cat=p&typeid=i","cat":334983},{"id":159520,"n":"Cordon bleu Le Gaulois Escalopes - 200g","p":2.41,"u":"12,05 €/KG","img":"https://fd6-photos.leclercdrive.fr/image.ashx?id=2637102&use=l&cat=p&typeid=i","cat":333683},{"id":159522,"n":"Cremio Box Sodebo Jambon Emmental 280g","p":2.87,"u":"10,25 €/KG","img":"https://fd6-photos.leclercdrive.fr/image.ashx?id=2860196&use=l&cat=p&typeid=i","cat":334983},{"id":159621,"n":"Oeuf Bio Matines Panier du poulailler - x12","p":4.76,"u":"0,40 €/P","img":"https://fd6-photos.leclercdrive.fr/image.ashx?id=2432286&use=l&cat=p&typeid=i","cat":284378},{"id":159624,"n":"Oeufs plein air Matines Panier du poulailler - x12","p":3.2,"u":"0,27 €/P","img":"https://fd6-photos.leclercdrive.fr/image.ashx?id=2796240&use=l&cat=p&typeid=i","cat":284378},{"id":159627,"n":"Fromage Fol Epi  Originale 8 Tranches - 150g","p":2.21,"u":"14,73 €/KG","img":"https://fd6-photos.leclercdrive.fr/image.ashx?id=2456801&use=l&cat=p&typeid=i","cat":314028},{"id":159630,"n":"Pomme de terre Eco+ Epluchées - 1kg","p":1.95,"u":"1,95 €/KG","img":"https://fd6-photos.leclercdrive.fr/image.ashx?id=2699096&use=l&cat=p&typeid=i","cat":284352},{"id":159631,"n":"Betterave Eco+ 2x500g","p":1.44,"u":"1,44 €/KG","img":"https://fd6-photos.leclercdrive.fr/image.ashx?id=2669663&use=l&cat=p&typeid=i","cat":284352},{"id":159634,"n":"Oeuf Plein Air Matines Panier du Poulailler - x6","p":1.89,"u":"0,32 €/P","img":"https://fd6-photos.leclercdrive.fr/image.ashx?id=2796237&use=l&cat=p&typeid=i","cat":284378},{"id":159695,"n":"Poudre chocolatée Nesquik Poche recharge  - 430g","p":3.15,"u":"7,33 €/KG","img":"https://fd6-photos.leclercdrive.fr/image.ashx?id=2675601&use=l&cat=p&typeid=i","cat":293235},{"id":159734,"n":"Pomme Figue Bio Good Goût Gourde - 120g","p":1.59,"u":"13,25 €/KG","img":"https://fd6-photos.leclercdrive.fr/image.ashx?id=2736082&use=l&cat=p&typeid=i","cat":312387},{"id":159735,"n":"Pomme Framboise Bio Good Goût - Gourde - 120g","p":1.62,"u":"13,50 €/KG","img":"https://fd6-photos.leclercdrive.fr/image.ashx?id=2736103&use=l&cat=p&typeid=i","cat":312387},{"id":159792,"n":"Ampoule LED Standard Osram E27 7W=60 verre dépoli - x2","p":10.9,"u":"Dont 0,58 € d'éco-part.","img":"https://fd6-photos.leclercdrive.fr/image.ashx?id=2655502&use=l&cat=p&typeid=i","cat":300573},{"id":159892,"n":"Petits pots bébé P'TITE RECETTE Risotto 8M+ - 2x200g","p":2.5,"u":"6,25 €/KG","img":"https://fd6-photos.leclercdrive.fr/image.ashx?id=2737132&use=l&cat=p&typeid=i","cat":312236},{"id":159897,"n":"Fromage Enfant Kiri Crème 12 portions à tartiner - 216g","p":2.83,"u":"13,10 €/KG","img":"https://fd6-photos.leclercdrive.fr/image.ashx?id=2973565&use=l&cat=p&typeid=i","cat":314030},{"id":159903,"n":"Boisson aux fruits Jafun Tropical - 2L","p":1.75,"u":"0,88 €/L","img":"https://fd6-photos.leclercdrive.fr/image.ashx?id=2897835&use=l&cat=p&typeid=i","cat":295018},{"id":159944,"n":"Pancakes Pasquier Pépites de chocolat x10 - 350g","p":2.6,"u":"7,43 €/KG","img":"https://fd6-photos.leclercdrive.fr/image.ashx?id=2928552&use=l&cat=p&typeid=i","cat":284495},{"id":159976,"n":"Repas Enfant Poulet Et Légumes  P'tite Recette - 2x200g","p":2.37,"u":"11,85 €/KG","img":"https://fd6-photos.leclercdrive.fr/image.ashx?id=2525723&use=l&cat=p&typeid=i","cat":312236},{"id":159985,"n":"Huile moteur Tech 9 10W40 Essence - 5L","p":18.4,"u":"3,68 €/L","img":"https://fd6-photos.leclercdrive.fr/image.ashx?id=2148770&use=l&cat=p&typeid=i","cat":298253},{"id":159989,"n":"Huile moteur Tech 9 15W49 Diesel - 5L","p":15.75,"u":"3,15 €/L","img":"https://fd6-photos.leclercdrive.fr/image.ashx?id=2162672&use=l&cat=p&typeid=i","cat":298253},{"id":160101,"n":"Yaourt brassé Perle de Lait Panaché - 8x125g","p":3.43,"u":"3,43 €/KG","img":"https://fd6-photos.leclercdrive.fr/image.ashx?id=2989222&use=l&cat=p&typeid=i","cat":286006},{"id":160106,"n":"Jus innocent  tutti frutti 1.5L","p":4.11,"u":"2,74 €/L","img":"https://fd6-photos.leclercdrive.fr/image.ashx?id=2907449&use=l&cat=p&typeid=i","cat":284354},{"id":160107,"n":"Jus innocent  pomme 1.5L","p":4.14,"u":"2,76 €/L","img":"https://fd6-photos.leclercdrive.fr/image.ashx?id=2893522&use=l&cat=p&typeid=i","cat":284354},{"id":160116,"n":"Crème Brûlée au Rhum Rians De Guadeloupe - 2x100g","p":2.66,"u":"13,30 €/KG","img":"https://fd6-photos.leclercdrive.fr/image.ashx?id=2144290&use=l&cat=p&typeid=i","cat":285041},{"id":160118,"n":"Yaourt grec Delta Nature 10%MG - 300g","p":2.9,"u":"9,67 €/KG","img":"https://fd6-photos.leclercdrive.fr/image.ashx?id=2528789&use=l&cat=p&typeid=i","cat":314999},{"id":160133,"n":"Tartelette au Maroilles Le Père Glacet - 100g","p":2.17,"u":"21,70 €/KG","img":"https://fd6-photos.leclercdrive.fr/image.ashx?id=2146621&use=l&cat=p&typeid=i","cat":333680},{"id":160134,"n":"Tartare Végétal Lait d'Amande  Ail et Fines Herbes - 140g","p":2.28,"u":"16,29 €/KG","img":"https://fd6-photos.leclercdrive.fr/image.ashx?id=2928618&use=l&cat=p&typeid=i","cat":316070},{"id":160143,"n":"Dessert fruitier Andros Pomme/vanille - 4x100g","p":1.5,"u":"3,75 €/KG","img":"https://fd6-photos.leclercdrive.fr/image.ashx?id=2883937&use=l&cat=p&typeid=i","cat":284416},{"id":160147,"n":"Yaourt gourmand Mamie Nova Citron lemon curd - 2x150g","p":1.41,"u":"4,70 €/KG","img":"https://fd6-photos.leclercdrive.fr/image.ashx?id=2144638&use=l&cat=p&typeid=i","cat":284410},{"id":160392,"n":"Yaourt bifidus Activia vanille - 8x125g","p":3.18,"u":"3,18 €/KG","img":"https://fd6-photos.leclercdrive.fr/image.ashx?id=2291513&use=l&cat=p&typeid=i","cat":315000},{"id":160394,"n":"Yaourt à boire Actimel Nature - 6x100g","p":3.05,"u":"5,08 €/KG","img":"https://fd6-photos.leclercdrive.fr/image.ashx?id=2992723&use=l&cat=p&typeid=i","cat":284415},{"id":160395,"n":"Yaourt fruits bifidus Activia  Abricot - 4x125g","p":1.94,"u":"3,88 €/KG","img":"https://fd6-photos.leclercdrive.fr/image.ashx?id=2233541&use=l&cat=p&typeid=i","cat":315000},{"id":160396,"n":"Yaourt bifidus Activia céréales Granola amarante - 4x120g","p":2.22,"u":"4,63 €/KG","img":"https://fd6-photos.leclercdrive.fr/image.ashx?id=2792078&use=l&cat=p&typeid=i","cat":315000},{"id":160428,"n":"Lessive liquide fraicheur Epsil 40 lavages - 2L","p":4.6,"u":"2,30 €/L","img":"https://fd6-photos.leclercdrive.fr/image.ashx?id=2602982&use=l&cat=p&typeid=i","cat":284640},{"id":160429,"n":"Lessive liquide printemps Epsil 40 Lavages - 2L","p":4.6,"u":"2,30 €/L","img":"https://fd6-photos.leclercdrive.fr/image.ashx?id=2958347&use=l&cat=p&typeid=i","cat":284640},{"id":160430,"n":"Lessive liquide sensitive Epsil 40 lavages - 2L","p":5.99,"u":"3,00 €/L","img":"https://fd6-photos.leclercdrive.fr/image.ashx?id=2838951&use=l&cat=p&typeid=i","cat":284640},{"id":160820,"n":"Mozza Sticks Pickers by McCain Batonnets de mozzarella - 230g","p":3.57,"u":"15,52 €/KG","img":"https://fd6-photos.leclercdrive.fr/image.ashx?id=2920021&use=l&cat=p&typeid=i","cat":319822},{"id":160821,"n":"Onion rings Pickers by McCain 350g","p":3.19,"u":"9,11 €/KG","img":"https://fd6-photos.leclercdrive.fr/image.ashx?id=2920024&use=l&cat=p&typeid=i","cat":319822},{"id":160822,"n":"Italian Pops Pickers by McCain Bouchées tomates mozza - 230g","p":3.35,"u":"14,57 €/KG","img":"https://fd6-photos.leclercdrive.fr/image.ashx?id=2911588&use=l&cat=p&typeid=i","cat":319822},{"id":160823,"n":"Nacho cheese Pickers by McCain Triangles fromage poivron 230g","p":2.98,"u":"12,96 €/KG","img":"https://fd6-photos.leclercdrive.fr/image.ashx?id=2752227&use=l&cat=p&typeid=i","cat":319822},{"id":160924,"n":"Portion de cheddar Les Délices d'Amélie - 200g","p":3.45,"u":"17,25 €/KG","img":"https://fd6-photos.leclercdrive.fr/image.ashx?id=2156632&use=l&cat=p&typeid=i","cat":314028},{"id":160925,"n":"Tranchettes de cheddar Les Délices d'Amélie - 200g","p":3.32,"u":"15,09 €/KG","img":"https://fd6-photos.leclercdrive.fr/image.ashx?id=2855079&use=l&cat=p&typeid=i","cat":314028},{"id":161003,"n":"Mayonnaise Bénédicta Nature - 510g","p":2.66,"u":"5,22 €/KG","img":"https://fd6-photos.leclercdrive.fr/image.ashx?id=2548225&use=l&cat=p&typeid=i","cat":298295},{"id":161006,"n":"Mayonnaise Bénédicta Nature - 585g","p":3.0,"u":"5,13 €/KG","img":"https://fd6-photos.leclercdrive.fr/image.ashx?id=2889664&use=l&cat=p&typeid=i","cat":298295},{"id":161082,"n":"Café capsules DOLCE GUSTO Starbucks vanilla macchiato 2x6","p":4.39,"u":"33,26 €/KG","img":"https://fd6-photos.leclercdrive.fr/image.ashx?id=2986912&use=l&cat=p&typeid=i","cat":293239},{"id":161098,"n":"Shampooing solide Bionaîa Cheveux normaux bio - 85g","p":2.99,"u":"35,18 €/KG","img":"https://fd6-photos.leclercdrive.fr/image.ashx?id=2835214&use=l&cat=p&typeid=i","cat":284606},{"id":161105,"n":"Morceaux de thon Petit Navire 2x112g","p":3.18,"u":"14,20 €/KG","img":"https://fd6-photos.leclercdrive.fr/image.ashx?id=2785130&use=l&cat=p&typeid=i","cat":303867},{"id":161123,"n":"Boisson aux fruits Jafun Fraise Framboise - 2L","p":2.12,"u":"1,06 €/L","img":"https://fd6-photos.leclercdrive.fr/image.ashx?id=2865287&use=l&cat=p&typeid=i","cat":295018},{"id":161126,"n":"Boisson aux fruits Jafun Multifruits - 2L","p":1.99,"u":"1,00 €/L","img":"https://fd6-photos.leclercdrive.fr/image.ashx?id=2897832&use=l&cat=p&typeid=i","cat":295018},{"id":161130,"n":"Boissons à base de fruit Jafun Pêche Abricot - 2L","p":1.99,"u":"1,00 €/L","img":"https://fd6-photos.leclercdrive.fr/image.ashx?id=2865293&use=l&cat=p&typeid=i","cat":295018},{"id":161131,"n":"Boisson à base de fruits Jafun Pomme Kiwi - 2L","p":2.6,"u":"1,30 €/L","img":"https://fd6-photos.leclercdrive.fr/image.ashx?id=2865299&use=l&cat=p&typeid=i","cat":295018},{"id":161135,"n":"DOC Prosecco extra-dry rosé Marque Repère - 7% vol 75 cl","p":5.49,"u":"7,32 €/L","img":"https://fd6-photos.leclercdrive.fr/image.ashx?id=2977177&use=l&cat=p&typeid=i","cat":289461},{"id":161162,"n":"Biscuits colors P'tit Déli 150g","p":1.36,"u":"9,07 €/KG","img":"https://fd6-photos.leclercdrive.fr/image.ashx?id=2521770&use=l&cat=p&typeid=i","cat":284488},{"id":161167,"n":"Beef-Stick Vitakraft Gibier - 48g","p":2.05,"u":"42,71 €/KG","img":"https://fd6-photos.leclercdrive.fr/image.ashx?id=2859755&use=l&cat=p&typeid=i","cat":294527},{"id":161168,"n":"Beef-Stick Vitakraft Dinde - 48g","p":2.03,"u":"42,29 €/KG","img":"https://fd6-photos.leclercdrive.fr/image.ashx?id=2184323&use=l&cat=p&typeid=i","cat":294527},{"id":161402,"n":"Tranches de Cheddar Appetisi 130g","p":1.86,"u":"14,31 €/KG","img":"https://fd6-photos.leclercdrive.fr/image.ashx?id=2159337&use=l&cat=p&typeid=i","cat":314028},{"id":161410,"n":"Pains hot dog La Fournée Dorée Brioch' x6 - 270g","p":1.98,"u":"7,33 €/KG","img":"https://fd6-photos.leclercdrive.fr/image.ashx?id=2406136&use=l&cat=p&typeid=i","cat":284985},{"id":161433,"n":"Dragibus Doypack Haribo Sachet bonbons - 220g","p":1.88,"u":"8,55 €/KG","img":"https://fd6-photos.leclercdrive.fr/image.ashx?id=2984940&use=l&cat=p&typeid=i","cat":304250},{"id":161444,"n":"Déodorant Anti-Traces Grenade - Monsavon - x1","p":2.33,"img":"https://fd6-photos.leclercdrive.fr/image.ashx?id=2630847&use=l&cat=p&typeid=i","cat":284595},{"id":161693,"n":"Yaourt brassé végétal Andros Vanille Lait de coco - 4x100g","p":2.1,"u":"21,00 €/KG","img":"https://fd6-photos.leclercdrive.fr/image.ashx?id=2299202&use=l&cat=p&typeid=i","cat":316071},{"id":161709,"n":"Déodorant bille Men Expert Thermic Resist - 50ml","p":2.56,"u":"51,20 €/L","img":"https://fd6-photos.leclercdrive.fr/image.ashx?id=2300518&use=l&cat=p&typeid=i","cat":284618},{"id":161846,"n":"Sucre roux Tablier blanc En morceaux - 1kg","p":1.81,"u":"1,81 €/KG","img":"https://fd6-photos.leclercdrive.fr/image.ashx?id=3010437&use=l&cat=p&typeid=i","cat":284502},{"id":161862,"n":"Tartelettes sablées  3 Toques x9 - 216g","p":3.48,"u":"16,11 €/KG","img":"https://fd6-photos.leclercdrive.fr/image.ashx?id=2164330&use=l&cat=p&typeid=i","cat":284487},{"id":161891,"n":"Pain burger Beau & Bon Harry's Brioché x4 - 300g","p":2.13,"u":"7,10 €/KG","img":"https://fd6-photos.leclercdrive.fr/image.ashx?id=2526830&use=l&cat=p&typeid=i","cat":325067},{"id":161914,"n":"Boisson aux fruits Jafun Tropical light - 2L","p":1.39,"u":"0,70 €/L","img":"https://fd6-photos.leclercdrive.fr/image.ashx?id=2720184&use=l&cat=p&typeid=i","cat":295018},{"id":161915,"n":"Boisson tropical brick Jafun 6x20cl","p":2.19,"u":"1,83 €/L","img":"https://fd6-photos.leclercdrive.fr/image.ashx?id=2529617&use=l&cat=p&typeid=i","cat":295018},{"id":162163,"n":"Compotes Pom'Potes Gourdes  Pomme, Pomme Fraise - 12x90g","p":6.63,"u":"6,14 €/KG","img":"https://fd6-photos.leclercdrive.fr/image.ashx?id=3007927&use=l&cat=p&typeid=i","cat":284508},{"id":162257,"n":"Boisson pétillante Kidibul Pomme tropical - 75cl","p":2.89,"pp":1.91,"u":"2,55 €/L","img":"https://fd6-photos.leclercdrive.fr/image.ashx?id=2766063&use=l&cat=p&typeid=i","cat":289460},{"id":162271,"n":"Tablette de chocolat noir Lindt Intense 70% - 2x200g","p":6.46,"pp":4.26,"u":"10,65 €/KG","img":"https://fd6-photos.leclercdrive.fr/image.ashx?id=2208936&use=l&cat=p&typeid=i","cat":285562},{"id":162274,"n":"Sauce Crudités Benedicta  Nature légère - 295g","p":2.22,"u":"7,53 €/KG","img":"https://fd6-photos.leclercdrive.fr/image.ashx?id=2755206&use=l&cat=p&typeid=i","cat":284456},{"id":162349,"n":"Beignets de crevette L'Atelier Traiteur x6 - 140g","p":3.39,"u":"24,21 €/KG","img":"https://fd6-photos.leclercdrive.fr/image.ashx?id=2852961&use=l&cat=p&typeid=i","cat":333673},{"id":162353,"n":"Acras morue L'Atelier Traiteur 200g","p":2.45,"u":"12,25 €/KG","img":"https://fd6-photos.leclercdrive.fr/image.ashx?id=2635706&use=l&cat=p&typeid=i","cat":333673},{"id":162357,"n":"Samoussas L'Atelier Traiteur Boeuf curry - 220g","p":3.32,"u":"15,09 €/KG","img":"https://fd6-photos.leclercdrive.fr/image.ashx?id=2635709&use=l&cat=p&typeid=i","cat":333673},{"id":162358,"n":"Saucisson Mini Justin Bridou Bâton de Berger Noisette - 80g","p":2.4,"u":"30,00 €/KG","img":"https://fd6-photos.leclercdrive.fr/image.ashx?id=2165251&use=l&cat=p&typeid=i","cat":316006},{"id":162403,"n":"Nems au porc L'Atelier Traiteur 280g","p":2.85,"u":"10,18 €/KG","img":"https://fd6-photos.leclercdrive.fr/image.ashx?id=2967682&use=l&cat=p&typeid=i","cat":333673},{"id":162407,"n":"Lasagnes à la bolognaise L'Atelier Traiteur - 900g","p":7.29,"u":"8,10 €/KG","img":"https://fd6-photos.leclercdrive.fr/image.ashx?id=2972367&use=l&cat=p&typeid=i","cat":333666},{"id":162570,"n":"Sauce apéritif Doritos Goût salsa épicée -280g","p":2.46,"u":"8,79 €/KG","img":"https://fd6-photos.leclercdrive.fr/image.ashx?id=3014473&use=l&cat=p&typeid=i","cat":284451},{"id":162571,"n":"Sauce apéritif Doritos Goût fromage -280g","p":2.51,"u":"8,96 €/KG","img":"https://fd6-photos.leclercdrive.fr/image.ashx?id=2170208&use=l&cat=p&typeid=i","cat":284451},{"id":162572,"n":"Sauce apéritif Doritos Goût sour cream -280g","p":2.39,"u":"8,54 €/KG","img":"https://fd6-photos.leclercdrive.fr/image.ashx?id=2167528&use=l&cat=p&typeid=i","cat":284451},{"id":162575,"n":"Maquereaux Petit Navire Vin blanc citron&romarin - 175g","p":1.72,"u":"10,18 €/KG","img":"https://fd6-photos.leclercdrive.fr/image.ashx?id=2523906&use=l&cat=p&typeid=i","cat":303868},{"id":162596,"n":"Boisson aux fruits Jafun Orange - 2L","p":1.49,"u":"0,75 €/L","img":"https://fd6-photos.leclercdrive.fr/image.ashx?id=2897829&use=l&cat=p&typeid=i","cat":295018},{"id":162597,"n":"Lait concentré Régilait Sucré demi-écrémé - 300g","p":1.69,"u":"5,63 €/KG","img":"https://fd6-photos.leclercdrive.fr/image.ashx?id=2169956&use=l&cat=p&typeid=i","cat":293236},{"id":162604,"n":"Parmentier L'Atelier Traiteur Boeuf - 750g","p":7.75,"u":"10,33 €/KG","img":"https://fd6-photos.leclercdrive.fr/image.ashx?id=2976651&use=l&cat=p&typeid=i","cat":333666},{"id":162613,"n":"Paëlla royale L'Atelier Traiteur - 900g","p":6.98,"u":"7,76 €/KG","img":"https://fd6-photos.leclercdrive.fr/image.ashx?id=3012451&use=l&cat=p&typeid=i","cat":333666},{"id":162614,"n":"Couscous L'Atelier Traiteur 900g","p":8.99,"u":"9,99 €/KG","img":"https://fd6-photos.leclercdrive.fr/image.ashx?id=2812614&use=l&cat=p&typeid=i","cat":333666},{"id":162615,"n":"Gratin dauphinois L'Atelier Traiteur - 750g","p":7.29,"u":"9,72 €/KG","img":"https://fd6-photos.leclercdrive.fr/image.ashx?id=2208027&use=l&cat=p&typeid=i","cat":333666},{"id":162738,"n":"Shampooing Le Petit Marseillais Calendula & Coco - 2x 250ml","p":3.5,"u":"7,00 €/L","img":"https://fd6-photos.leclercdrive.fr/image.ashx?id=2668530&use=l&cat=p&typeid=i","cat":284606},{"id":162823,"n":"Bière blonde La Bête 8° - 6x25cl","p":8.14,"u":"5,43 €/L","img":"https://fd6-photos.leclercdrive.fr/image.ashx?id=3011245&use=l&cat=p&typeid=i","cat":334872},{"id":162852,"n":"Vin de France rosé Cinsault Cuvée Jean-Baptiste - 3L","p":11.69,"u":"3,90 €/L","img":"https://fd6-photos.leclercdrive.fr/image.ashx?id=2171563&use=l&cat=p&typeid=i","cat":289558},{"id":163021,"n":"Biscuits Knoppers Lait / Noisettes - 6x25g","p":2.19,"u":"14,60 €/KG","img":"https://fd6-photos.leclercdrive.fr/image.ashx?id=2659151&use=l&cat=p&typeid=i","cat":284488},{"id":163133,"n":"Bière ambrée Kwak 8.4% - 75cl","p":4.6,"u":"6,13 €/L","img":"https://fd6-photos.leclercdrive.fr/image.ashx?id=2948423&use=l&cat=p&typeid=i","cat":334872},{"id":163143,"n":"Dragibus Soft Haribo Sachet bonbons - 300g","p":1.36,"u":"4,53 €/KG","img":"https://fd6-photos.leclercdrive.fr/image.ashx?id=2806123&use=l&cat=p&typeid=i","cat":304250},{"id":163145,"n":"Dragibus Original Haribo Multipack bonbons - 250g","p":1.79,"u":"7,16 €/KG","img":"https://fd6-photos.leclercdrive.fr/image.ashx?id=2984943&use=l&cat=p&typeid=i","cat":304250},{"id":163147,"n":"Bonbons Haribo Dragolo - 750g","p":4.52,"u":"6,03 €/KG","img":"https://fd6-photos.leclercdrive.fr/image.ashx?id=2803586&use=l&cat=p&typeid=i","cat":304250},{"id":163185,"n":"Assiettes plates Homeside 23cm blanc sans film PE - x100","p":3.99,"u":"0,04 €/P","img":"https://fd6-photos.leclercdrive.fr/image.ashx?id=2177418&use=l&cat=p&typeid=i","cat":334134},{"id":163341,"n":"Gobelets 25cl Homeside Noir - x12","p":1.5,"u":"0,13 €/P","img":"https://fd6-photos.leclercdrive.fr/image.ashx?id=2708958&use=l&cat=p&typeid=i","cat":334134},{"id":163350,"n":"Gobelets 25cl Homeside Chaud/froid - 25","p":1.9,"u":"0,08 €/P","img":"https://fd6-photos.leclercdrive.fr/image.ashx?id=2177355&use=l&cat=p&typeid=i","cat":334134},{"id":163354,"n":"Gobelets 20cl Eco+ Blanc - x50","p":1.26,"u":"0,03 €/P","img":"https://fd6-photos.leclercdrive.fr/image.ashx?id=2176608&use=l&cat=p&typeid=i","cat":334134},{"id":163358,"n":"Gobelets 25cl Homeside Rose nude - x12","p":1.5,"u":"0,13 €/P","img":"https://fd6-photos.leclercdrive.fr/image.ashx?id=2708979&use=l&cat=p&typeid=i","cat":334134},{"id":163362,"n":"Gobelets double paroi Homeside 10cl Carton kraft - x10","p":1.4,"u":"0,14 €/P","img":"https://fd6-photos.leclercdrive.fr/image.ashx?id=2181584&use=l&cat=p&typeid=i","cat":334134},{"id":163420,"n":"Smarties Mini Bonbons Chocolats 21 boites - 315g","p":3.96,"u":"12,57 €/KG","img":"https://fd6-photos.leclercdrive.fr/image.ashx?id=2740862&use=l&cat=p&typeid=i","cat":304238},{"id":163453,"n":"Pâté de dinde au cumin Le Pâtureur - 200g","p":4.79,"u":"23,95 €/KG","img":"https://fd6-photos.leclercdrive.fr/image.ashx?id=2467399&use=l&cat=p&typeid=i","cat":305149},{"id":163476,"n":"Petit pot bébé Bledina 6 mois purée Carottes Choux fleurs","p":2.31,"u":"5,78 €/KG","img":"https://fd6-photos.leclercdrive.fr/image.ashx?id=2909509&use=l&cat=p&typeid=i","cat":312235},{"id":163521,"n":"Petit pot bébé Blédina 4-6 mois Épinards - 2x130g","p":1.58,"u":"6,08 €/KG","img":"https://fd6-photos.leclercdrive.fr/image.ashx?id=2986167&use=l&cat=p&typeid=i","cat":312234},{"id":163525,"n":"Petit pot bébé Blédina 6 mois Haricot carotte veau - 2x200g","p":2.17,"u":"5,43 €/KG","img":"https://fd6-photos.leclercdrive.fr/image.ashx?id=2935756&use=l&cat=p&typeid=i","cat":312236},{"id":163526,"n":"Petit pot bébé bledina 6 mois  Purée légumes agneau - 2x200g","p":2.24,"u":"5,60 €/KG","img":"https://fd6-photos.leclercdrive.fr/image.ashx?id=2976770&use=l&cat=p&typeid=i","cat":312236},{"id":163529,"n":"Compote bébé Blédina 4-6 mois Pomme - 2x130g","p":1.41,"u":"5,42 €/KG","img":"https://fd6-photos.leclercdrive.fr/image.ashx?id=2911211&use=l&cat=p&typeid=i","cat":312387},{"id":163534,"n":"Isey Skyr Fraise - 400g","p":2.94,"u":"7,35 €/KG","img":"https://fd6-photos.leclercdrive.fr/image.ashx?id=2601193&use=l&cat=p&typeid=i","cat":315000},{"id":163541,"n":"Isey Skyr Stracciatella - 400g","p":2.79,"u":"6,98 €/KG","img":"https://fd6-photos.leclercdrive.fr/image.ashx?id=2598621&use=l&cat=p&typeid=i","cat":315000},{"id":163543,"n":"Isey Skyr Vanille - 400g","p":3.05,"u":"7,63 €/KG","img":"https://fd6-photos.leclercdrive.fr/image.ashx?id=2598609&use=l&cat=p&typeid=i","cat":315000},{"id":163613,"n":"Mozzarella fromage râpé  Les Croisés - 150g","p":1.39,"u":"9,27 €/KG","img":"https://fd6-photos.leclercdrive.fr/image.ashx?id=2178848&use=l&cat=p&typeid=i","cat":314035},{"id":163640,"n":"Poireaux émincés Bio Bio Village - 600g","p":1.99,"u":"3,32 €/KG","img":"https://fd6-photos.leclercdrive.fr/image.ashx?id=2898098&use=l&cat=p&typeid=i","cat":319805},{"id":163706,"n":"Poisson Pané Cabillaud MSC Façon Fish & Chips x4 - 400g","p":5.87,"u":"14,68 €/KG","img":"https://fd6-photos.leclercdrive.fr/image.ashx?id=2985351&use=l&cat=p&typeid=i","cat":319788},{"id":163749,"n":"Mousseline Purina Gourmet Boeuf nappé de sauce - 4x57g","p":2.89,"u":"12,68 €/KG","img":"https://fd6-photos.leclercdrive.fr/image.ashx?id=2861773&use=l&cat=p&typeid=i","cat":285286},{"id":163750,"n":"Mousseline Purina Gourmet Poulet nappé de sauce - 4x57g","p":3.1,"u":"13,60 €/KG","img":"https://fd6-photos.leclercdrive.fr/image.ashx?id=2864197&use=l&cat=p&typeid=i","cat":285286},{"id":163843,"n":"Bière Ch'ti Signature Triple - 8.5%vol 75cl","p":3.13,"u":"4,17 €/L","img":"https://fd6-photos.leclercdrive.fr/image.ashx?id=2560945&use=l&cat=p&typeid=i","cat":334872},{"id":163844,"n":"Bière Ch'ti IPA - 6%vol - 75cl","p":3.73,"u":"4,97 €/L","img":"https://fd6-photos.leclercdrive.fr/image.ashx?id=2560948&use=l&cat=p&typeid=i","cat":334872},{"id":163908,"n":"Bacon L'Atelier Charcuterie 10 tranches - 100g","p":2.17,"u":"21,70 €/KG","img":"https://fd6-photos.leclercdrive.fr/image.ashx?id=2794814&use=l&cat=p&typeid=i","cat":316007},{"id":163926,"n":"Saucisses de Strasbourg L'Atelier Charcuterie x4 - 280g","p":4.32,"u":"15,43 €/KG","img":"https://fd6-photos.leclercdrive.fr/image.ashx?id=2905868&use=l&cat=p&typeid=i","cat":316012},{"id":163927,"n":"Miel de France Lune de Miel Liquide - 250g","p":3.6,"u":"14,40 €/KG","img":"https://fd6-photos.leclercdrive.fr/image.ashx?id=2693527&use=l&cat=p&typeid=i","cat":287643},{"id":163928,"n":"Miel de France Lune de Miel Crémeux- 250g","p":3.14,"u":"12,56 €/KG","img":"https://fd6-photos.leclercdrive.fr/image.ashx?id=2338766&use=l&cat=p&typeid=i","cat":287643},{"id":163930,"n":"Chorizo doux tranché L'Atelier Charcuterie - 100g","p":2.46,"u":"24,60 €/KG","img":"https://fd6-photos.leclercdrive.fr/image.ashx?id=2856666&use=l&cat=p&typeid=i","cat":316007},{"id":163931,"n":"Chiffonnade de chorizo L'Atelier Charcuterie - 80g","p":1.99,"u":"24,88 €/KG","img":"https://fd6-photos.leclercdrive.fr/image.ashx?id=2846577&use=l&cat=p&typeid=i","cat":316007},{"id":164235,"n":"Bière Triple Lefort 75cl","p":4.0,"u":"5,33 €/L","img":"https://fd6-photos.leclercdrive.fr/image.ashx?id=2398682&use=l&cat=p&typeid=i","cat":334872},{"id":164271,"n":"Café grains Méo  Excellence - 1kg","p":18.22,"u":"18,22 €/KG","img":"https://fd6-photos.leclercdrive.fr/image.ashx?id=2601521&use=l&cat=p&typeid=i","cat":293237},{"id":164367,"n":"Pizza Turini 4 fromages - 200g","p":1.31,"u":"6,55 €/KG","img":"https://fd6-photos.leclercdrive.fr/image.ashx?id=2839941&use=l&cat=p&typeid=i","cat":333679},{"id":164416,"n":"Concombre fromage blanc Menu Fraîcheur - 500g","p":2.49,"u":"4,98 €/KG","img":"https://fd6-photos.leclercdrive.fr/image.ashx?id=2901479&use=l&cat=p&typeid=i","cat":333657},{"id":164448,"n":"Yaourt à la Grecque Yaos Coco - 4x125g + 2 offert","p":1.9,"u":"3,80 €/KG","img":"https://fd6-photos.leclercdrive.fr/image.ashx?id=2817314&use=l&cat=p&typeid=i","cat":314999},{"id":164449,"n":"Yaourt à la Grecque Yaos Citron - 4x125g + 2 offerts","p":2.22,"u":"2,96 €/KG","img":"https://fd6-photos.leclercdrive.fr/image.ashx?id=2561631&use=l&cat=p&typeid=i","cat":314999},{"id":164500,"n":"Gelée douche Ushuaïa Café & Açaï - 300ml","p":2.1,"u":"8,40 €/L","img":"https://fd6-photos.leclercdrive.fr/image.ashx?id=2445337&use=l&cat=p&typeid=i","cat":284594},{"id":164541,"n":"Maïs Bonduelle Sans Résidu De Pesticides 285g","p":1.35,"u":"4,74 €/KG","img":"https://fd6-photos.leclercdrive.fr/image.ashx?id=2972892&use=l&cat=p&typeid=i","cat":312611},{"id":164582,"n":"Gel douche Bio Ushuaïa Coco - 250ml","p":3.17,"u":"12,68 €/L","img":"https://fd6-photos.leclercdrive.fr/image.ashx?id=2439332&use=l&cat=p&typeid=i","cat":284594},{"id":164583,"n":"Gel Lavant enfant Cadum Corps & cheveux - 750ml","p":4.59,"u":"6,12 €/L","img":"https://fd6-photos.leclercdrive.fr/image.ashx?id=2839496&use=l&cat=p&typeid=i","cat":284594},{"id":164593,"n":"Gel douche Shampoing Ushuaïa Minéraux Marins - 300ml","p":1.89,"u":"6,30 €/L","img":"https://fd6-photos.leclercdrive.fr/image.ashx?id=2445349&use=l&cat=p&typeid=i","cat":284606},{"id":164594,"n":"Gel Douche Hydratant Ushuaïa Grenade des Açores - 300ml","p":2.13,"u":"7,10 €/L","img":"https://fd6-photos.leclercdrive.fr/image.ashx?id=2446983&use=l&cat=p&typeid=i","cat":284594},{"id":164595,"n":"Gel Douche Délassant Ushuaïa Ylang de Madagascar - 300ml","p":1.94,"u":"6,47 €/L","img":"https://fd6-photos.leclercdrive.fr/image.ashx?id=2445346&use=l&cat=p&typeid=i","cat":284594},{"id":164596,"n":"Gel Douche Tonifiant Ushuaïa Extrait de Cèdre - 300ml","p":2.06,"u":"6,87 €/L","img":"https://fd6-photos.leclercdrive.fr/image.ashx?id=2445343&use=l&cat=p&typeid=i","cat":284594},{"id":164602,"n":"Lessive liquide fraîcheur ECO+ 40 lavages - 2L","p":2.16,"u":"1,08 €/L","img":"https://fd6-photos.leclercdrive.fr/image.ashx?id=2597988&use=l&cat=p&typeid=i","cat":284640},{"id":164603,"n":"Lessive liquide fleurie Epsil 25 lavages - 1,25L","p":3.9,"u":"3,12 €/L","img":"https://fd6-photos.leclercdrive.fr/image.ashx?id=2603000&use=l&cat=p&typeid=i","cat":284640},{"id":164604,"n":"Lessive liquide fraîcheur Epsil 25 lavages - 1,25L","p":3.33,"u":"2,66 €/L","img":"https://fd6-photos.leclercdrive.fr/image.ashx?id=2602994&use=l&cat=p&typeid=i","cat":284640},{"id":164607,"n":"Blended whisky Eco+ 40% - 70cl","p":10.93,"u":"15,61 €/L","img":"https://fd6-photos.leclercdrive.fr/image.ashx?id=2907150&use=l&cat=p&typeid=i","cat":284547},{"id":164828,"n":"Café moulu Méo Gastronomique  - 500g","p":8.14,"u":"16,28 €/KG","img":"https://fd6-photos.leclercdrive.fr/image.ashx?id=2571305&use=l&cat=p&typeid=i","cat":284750},{"id":164869,"n":"Raclette nature pasteurisée L'Atelier Fromagerie - 250g","p":3.39,"u":"13,56 €/KG","img":"https://fd6-photos.leclercdrive.fr/image.ashx?id=2856362&use=l&cat=p&typeid=i","cat":314036},{"id":164870,"n":"Raclette au poivre pasteurisée L'Atelier Fromagerie - 250g","p":3.75,"u":"15,00 €/KG","img":"https://fd6-photos.leclercdrive.fr/image.ashx?id=2856365&use=l&cat=p&typeid=i","cat":314036},{"id":164871,"n":"Raclette fumée pasteurisée L'Atelier Fromagerie - 250g","p":3.75,"u":"15,00 €/KG","img":"https://fd6-photos.leclercdrive.fr/image.ashx?id=2856368&use=l&cat=p&typeid=i","cat":314036},{"id":164873,"n":"Raclette à l'oignon pasteurisée L'Atelier Fromagerie - 250g","p":3.75,"u":"15,00 €/KG","img":"https://fd6-photos.leclercdrive.fr/image.ashx?id=2856371&use=l&cat=p&typeid=i","cat":314036},{"id":164878,"n":"Poulet écrasé de pomme de terre L'Atelier Traiteur - 300g","p":3.75,"u":"12,50 €/KG","img":"https://fd6-photos.leclercdrive.fr/image.ashx?id=2258751&use=l&cat=p&typeid=i","cat":333665},{"id":165036,"n":"Huile de Douche Ushuaia  Monoï & Fleur de Tiaré - 300ml","p":2.29,"u":"7,63 €/L","img":"https://fd6-photos.leclercdrive.fr/image.ashx?id=2445352&use=l&cat=p&typeid=i","cat":284594},{"id":165062,"n":"Gel Lubrifiant Intime Cherry Arome Cerise Durex 100ml","p":10.35,"u":"103,50 €/L","img":"https://fd6-photos.leclercdrive.fr/image.ashx?id=2960696&use=l&cat=p&typeid=i","cat":285160},{"id":165138,"n":"Crème de fleur de sureau  Giffard 16% - 50cl","p":5.5,"pp":4.95,"u":"9,90 €/L","img":"https://fd6-photos.leclercdrive.fr/image.ashx?id=2219165&use=l&cat=p&typeid=i","cat":286032},{"id":165156,"n":"Jus MultiFruits Désucré Jafaden - 1L","p":1.69,"u":"1,69 €/L","img":"https://fd6-photos.leclercdrive.fr/image.ashx?id=2497971&use=l&cat=p&typeid=i","cat":284917},{"id":165169,"n":"Préservatifs Contact +  Manix - x 12","p":7.36,"u":"0,61 €/P","img":"https://fd6-photos.leclercdrive.fr/image.ashx?id=2194301&use=l&cat=p&typeid=i","cat":284631},{"id":165198,"n":"Pate à tartiner Bonne Maman Noisette et cacao - 250g","p":3.24,"u":"12,96 €/KG","img":"https://fd6-photos.leclercdrive.fr/image.ashx?id=2891103&use=l&cat=p&typeid=i","cat":284481},{"id":165199,"n":"Pate à tartiner Bonne Maman Noisette et cacao - 360g","p":3.82,"u":"10,61 €/KG","img":"https://fd6-photos.leclercdrive.fr/image.ashx?id=2891106&use=l&cat=p&typeid=i","cat":284481},{"id":165200,"n":"Pate à tartiner Bonne Maman Noisette et cacao - 580g","p":6.1,"u":"10,52 €/KG","img":"https://fd6-photos.leclercdrive.fr/image.ashx?id=2891109&use=l&cat=p&typeid=i","cat":284481},{"id":165210,"n":"Compotes Pom'Potes Gourdes  5 Fruits Roses - 4x90g","p":2.3,"u":"6,39 €/KG","img":"https://fd6-photos.leclercdrive.fr/image.ashx?id=3010906&use=l&cat=p&typeid=i","cat":284508},{"id":165642,"n":"Protège matelas Tissaïa Basics Blanc - 140x190cm","p":8.94,"img":"https://fd6-photos.leclercdrive.fr/image.ashx?id=2219428&use=l&cat=p&typeid=i","cat":286694},{"id":165656,"n":"Diffuseur Glade avec bâtonnets Lavandin & Santal - 80ml","p":7.48,"u":"93,50 €/L","img":"https://fd6-photos.leclercdrive.fr/image.ashx?id=2266083&use=l&cat=p&typeid=i","cat":311627},{"id":165669,"n":"Tête de recharge Dentamyl Brosse à dent souple - x3","p":1.0,"u":"0,33 €/P","img":"https://fd6-photos.leclercdrive.fr/image.ashx?id=2791015&use=l&cat=p&typeid=i","cat":284614},{"id":165670,"n":"Tête de recharge Dentamyl Brosse à dent médium - x3","p":1.0,"u":"0,33 €/P","img":"https://fd6-photos.leclercdrive.fr/image.ashx?id=2791018&use=l&cat=p&typeid=i","cat":284614},{"id":165671,"n":"Tête de recharge Dentamyl Brosse à dent dure - x3","p":1.0,"u":"0,33 €/P","img":"https://fd6-photos.leclercdrive.fr/image.ashx?id=2791021&use=l&cat=p&typeid=i","cat":284614},{"id":165678,"n":"Crème Whisky Baileys Caramel salé 17% vol - 70cl","p":12.99,"u":"18,56 €/L","img":"https://fd6-photos.leclercdrive.fr/image.ashx?id=2351475&use=l&cat=p&typeid=i","cat":286032},{"id":165689,"n":"Gel douche Hydratant Ushuaïa Orchidée du Mexique - 300ml","p":2.24,"u":"7,47 €/L","img":"https://fd6-photos.leclercdrive.fr/image.ashx?id=2445340&use=l&cat=p&typeid=i","cat":284594},{"id":165690,"n":"Gel douche bio Ushuaïa Vanille - 250ml","p":3.54,"u":"14,16 €/L","img":"https://fd6-photos.leclercdrive.fr/image.ashx?id=2439326&use=l&cat=p&typeid=i","cat":284594},{"id":165691,"n":"Gel douche bio Ushuaïa Fleur d'Oranger - 250ml","p":3.17,"u":"12,68 €/L","img":"https://fd6-photos.leclercdrive.fr/image.ashx?id=2439329&use=l&cat=p&typeid=i","cat":284594},{"id":165696,"n":"Smarties Chocolat Noël Moulage Père Noël - 85g","p":3.19,"u":"37,53 €/KG","img":"https://fd6-photos.leclercdrive.fr/image.ashx?id=2202968&use=l&cat=p&typeid=i","cat":327592},{"id":165801,"n":"Sauce bolognaise Eco+ 420g","p":1.13,"u":"2,69 €/KG","img":"https://fd6-photos.leclercdrive.fr/image.ashx?id=2634845&use=l&cat=p&typeid=i","cat":287599},{"id":166304,"n":"Croquettes poisson pané Findus MSC Ail Fines Herbes x6 - 300g","p":2.87,"u":"9,57 €/KG","img":"https://fd6-photos.leclercdrive.fr/image.ashx?id=3008752&use=l&cat=p&typeid=i","cat":319788},{"id":166377,"n":"Lessive eco-recharge Uni Vert Fleur x30 lavages - 1,05L","p":4.12,"u":"3,92 €/L","img":"https://fd6-photos.leclercdrive.fr/image.ashx?id=2838942&use=l&cat=p&typeid=i","cat":284640},{"id":166389,"n":"Ginger beer Bundaberg sans alcool - 37,5cl","p":1.87,"u":"4,99 €/L","img":"https://fd6-photos.leclercdrive.fr/image.ashx?id=2352038&use=l&cat=p&typeid=i","cat":334877},{"id":166403,"n":"Lessive eco-recharge Uni Vert Aloe x30 lavages - 1.05L","p":4.12,"u":"3,92 €/L","img":"https://fd6-photos.leclercdrive.fr/image.ashx?id=2669780&use=l&cat=p&typeid=i","cat":284640},{"id":166404,"n":"Lessive eco-recharge Uni Vert  Aloe Vera x42 lavages - 1.5L","p":5.91,"u":"3,94 €/L","img":"https://fd6-photos.leclercdrive.fr/image.ashx?id=2955056&use=l&cat=p&typeid=i","cat":284640},{"id":166419,"n":"Signature Patato Pops McCain Pommes de terre - 650g","p":2.93,"u":"4,51 €/KG","img":"https://fd6-photos.leclercdrive.fr/image.ashx?id=2752233&use=l&cat=p&typeid=i","cat":319792},{"id":166457,"n":"Masque reconstructeur Elsève Full Resist - 680ml","p":11.89,"u":"17,49 €/L","img":"https://fd6-photos.leclercdrive.fr/image.ashx?id=2520491&use=l&cat=p&typeid=i","cat":284608},{"id":166460,"n":"Shampoing solide Ultra Doux Cheveux fragiles à secs - 60g","p":4.24,"u":"70,67 €/KG","img":"https://fd6-photos.leclercdrive.fr/image.ashx?id=2647095&use=l&cat=p&typeid=i","cat":284606},{"id":166674,"n":"Confiture Douceur du Verger Fraise - 750g","p":2.15,"u":"2,87 €/KG","img":"https://fd6-photos.leclercdrive.fr/image.ashx?id=2965545&use=l&cat=p&typeid=i","cat":284480},{"id":166675,"n":"Confiture Douceur du Verger Abricot - 370g","p":1.27,"u":"3,43 €/KG","img":"https://fd6-photos.leclercdrive.fr/image.ashx?id=2965569&use=l&cat=p&typeid=i","cat":284480},{"id":166686,"n":"Yaourt protéiné Hipro  Coco 0%mg - 2x160g","p":2.4,"u":"7,50 €/KG","img":"https://fd6-photos.leclercdrive.fr/image.ashx?id=2807423&use=l&cat=p&typeid=i","cat":315000},{"id":166687,"n":"Yaourt protéiné Hipro 0%mg  Banane beurre cacahuète -2x160g","p":2.42,"u":"7,56 €/KG","img":"https://fd6-photos.leclercdrive.fr/image.ashx?id=2807426&use=l&cat=p&typeid=i","cat":315000},{"id":166689,"n":"Yaourt Velouté Fruix Danone Brassé mutlifruits - 8x125g","p":2.8,"u":"2,80 €/KG","img":"https://fd6-photos.leclercdrive.fr/image.ashx?id=2912953&use=l&cat=p&typeid=i","cat":284410},{"id":166750,"n":"Lessive concentrée Epsil Printemps x28 - 980ml","p":3.29,"u":"3,36 €/L","img":"https://fd6-photos.leclercdrive.fr/image.ashx?id=2450155&use=l&cat=p&typeid=i","cat":284640},{"id":166752,"n":"Lessive tri-dose Orient Epsil x20 - 490ml","p":4.49,"u":"9,16 €/L","img":"https://fd6-photos.leclercdrive.fr/image.ashx?id=2450116&use=l&cat=p&typeid=i","cat":284641},{"id":166753,"n":"Apéritif Apérol Spritz 12.5% vol - 1L","p":14.76,"u":"14,76 €/L","img":"https://fd6-photos.leclercdrive.fr/image.ashx?id=2957287&use=l&cat=p&typeid=i","cat":286032},{"id":166754,"n":"Spéculoos pocket P'tit Déli 168g","p":0.85,"u":"5,06 €/KG","img":"https://fd6-photos.leclercdrive.fr/image.ashx?id=2245598&use=l&cat=p&typeid=i","cat":284487},{"id":166756,"n":"Blanc de poulet Fleury Michon Sans nitrite x4 - 130g","p":1.89,"u":"14,54 €/KG","img":"https://fd6-photos.leclercdrive.fr/image.ashx?id=2954833&use=l&cat=p&typeid=i","cat":316010},{"id":166757,"n":"Filet de poulet rôti Fleury Michon sans nitrite x6 - 160g","p":2.79,"u":"17,44 €/KG","img":"https://fd6-photos.leclercdrive.fr/image.ashx?id=2954830&use=l&cat=p&typeid=i","cat":316010},{"id":166759,"n":"Filet poulet rôti Fleury Michon  sans nitrite x4 - 116g","p":2.16,"u":"18,62 €/KG","img":"https://fd6-photos.leclercdrive.fr/image.ashx?id=2955173&use=l&cat=p&typeid=i","cat":316010},{"id":166819,"n":"Sucre en poudre Tablier Blanc 1kg","p":1.53,"u":"1,53 €/KG","img":"https://fd6-photos.leclercdrive.fr/image.ashx?id=3010434&use=l&cat=p&typeid=i","cat":284502},{"id":166828,"n":"Blanc de poulet Fleury Michon Sans nitrite x6 - 195g","p":3.27,"u":"16,77 €/KG","img":"https://fd6-photos.leclercdrive.fr/image.ashx?id=2962848&use=l&cat=p&typeid=i","cat":316010},{"id":166876,"n":"Lessive bi-doses Xeor Fraîcheur x30","p":5.24,"u":"7,13 €/L","img":"https://fd6-photos.leclercdrive.fr/image.ashx?id=2838945&use=l&cat=p&typeid=i","cat":284641},{"id":166878,"n":"Lessive bi-doses Xeor Savon de Marseille x30","p":5.24,"u":"7,13 €/L","img":"https://fd6-photos.leclercdrive.fr/image.ashx?id=2838948&use=l&cat=p&typeid=i","cat":284641},{"id":166893,"n":"Bonbons Trolli Pop eye 75g","p":1.85,"u":"24,67 €/KG","img":"https://fd6-photos.leclercdrive.fr/image.ashx?id=2854015&use=l&cat=p&typeid=i","cat":304250},{"id":167011,"n":"Pur jus de clémentine Jafaden 90cl","p":2.15,"u":"2,39 €/L","img":"https://fd6-photos.leclercdrive.fr/image.ashx?id=2723162&use=l&cat=p&typeid=i","cat":285435},{"id":167147,"n":"Calendrier de l'Avent Kinder Chalet Père Noël - 184g","p":9.75,"u":"52,99 €/KG","img":"https://fd6-photos.leclercdrive.fr/image.ashx?id=2214276&use=l&cat=p&typeid=i","cat":336112},{"id":167148,"n":"Calendrier de l'Avent Kinder Chalet du Père Noël - 234g","p":11.06,"u":"47,26 €/KG","img":"https://fd6-photos.leclercdrive.fr/image.ashx?id=2402484&use=l&cat=p&typeid=i","cat":336112},{"id":167171,"n":"Sucette guimauve Xmas Fizzy  Père Noel - 35g","p":1.63,"u":"46,57 €/KG","img":"https://fd6-photos.leclercdrive.fr/image.ashx?id=2305166&use=l&cat=p&typeid=i","cat":327592},{"id":167179,"n":"Truffles original The belgian Truffles original - 200g","p":3.95,"u":"19,75 €/KG","img":"https://fd6-photos.leclercdrive.fr/image.ashx?id=2306456&use=l&cat=p&typeid=i","cat":327600},{"id":167180,"n":"Truffles praliné The belgian Truffles praliné  - 200g","p":3.95,"u":"19,75 €/KG","img":"https://fd6-photos.leclercdrive.fr/image.ashx?id=2214138&use=l&cat=p&typeid=i","cat":327600},{"id":167220,"n":"Calendrier de l'Avent Smarties chocolat Noël - 223g","p":10.17,"img":"https://fd6-photos.leclercdrive.fr/image.ashx?id=2960081&use=l&cat=p&typeid=i","cat":336112},{"id":167222,"n":"Calendrier de l'Avent Galak Chocolat Noël - 196,8g","p":10.18,"u":"51,68 €/KG","img":"https://fd6-photos.leclercdrive.fr/image.ashx?id=2902382&use=l&cat=p&typeid=i","cat":336112},{"id":167232,"n":"Calendrier de l'Avent KitKat chocolat Noël - 209,6g","p":10.17,"u":"48,66 €/KG","img":"https://fd6-photos.leclercdrive.fr/image.ashx?id=2765378&use=l&cat=p&typeid=i","cat":336112},{"id":167238,"n":"Escargots noir et lait Revillon Papillotes Noir Lait - 370g","p":10.99,"u":"29,70 €/KG","img":"https://fd6-photos.leclercdrive.fr/image.ashx?id=2661205&use=l&cat=p&typeid=i","cat":327597},{"id":167239,"n":"Festif Truffes Revillon Noir 70% - 370g","p":10.99,"u":"29,70 €/KG","img":"https://fd6-photos.leclercdrive.fr/image.ashx?id=2661199&use=l&cat=p&typeid=i","cat":327597},{"id":167240,"n":"Festif rochers Revillon Noir 70% & lait - 370g","p":10.99,"u":"29,70 €/KG","img":"https://fd6-photos.leclercdrive.fr/image.ashx?id=2661661&use=l&cat=p&typeid=i","cat":327597},{"id":167243,"n":"Papillotes Révillon Noir 70% Féerique- 360g","p":10.99,"u":"30,53 €/KG","img":"https://fd6-photos.leclercdrive.fr/image.ashx?id=2863272&use=l&cat=p&typeid=i","cat":327597},{"id":167244,"n":"Papillotes Revillon Lait   Féerique - 360g","p":10.99,"u":"30,53 €/KG","img":"https://fd6-photos.leclercdrive.fr/image.ashx?id=2863269&use=l&cat=p&typeid=i","cat":327597},{"id":167247,"n":"Papillotes Révillon Lait et Blanc - 360g","p":10.99,"u":"30,53 €/KG","img":"https://fd6-photos.leclercdrive.fr/image.ashx?id=2863278&use=l&cat=p&typeid=i","cat":327597},{"id":167248,"n":"Papillote Révillon Noir Lait et Blanc Féerique - 360g","p":10.99,"u":"30,53 €/KG","img":"https://fd6-photos.leclercdrive.fr/image.ashx?id=2863121&use=l&cat=p&typeid=i","cat":327597},{"id":167306,"n":"Soupe Déshydratée Oignon KNORR 4 portions - 94g","p":1.55,"u":"16,49 €/KG","img":"https://fd6-photos.leclercdrive.fr/image.ashx?id=2780088&use=l&cat=p&typeid=i","cat":284463},{"id":167338,"n":"Croustilles Star Belin Salé - 90g","p":1.5,"u":"16,67 €/KG","img":"https://fd6-photos.leclercdrive.fr/image.ashx?id=3002222&use=l&cat=p&typeid=i","cat":284449},{"id":167375,"n":"Pois chiches d'aucy Bien Cultivés - 250g","p":2.02,"u":"8,08 €/KG","img":"https://fd6-photos.leclercdrive.fr/image.ashx?id=2800764&use=l&cat=p&typeid=i","cat":312609},{"id":167389,"n":"Pur jus d'orange Jafaden Sans pulpe - 90cl","p":2.15,"u":"2,39 €/L","img":"https://fd6-photos.leclercdrive.fr/image.ashx?id=2723159&use=l&cat=p&typeid=i","cat":285435},{"id":167390,"n":"Pur jus de pamplemousse Jafaden Avec pulpe - 90cl","p":1.88,"u":"2,09 €/L","img":"https://fd6-photos.leclercdrive.fr/image.ashx?id=2819639&use=l&cat=p&typeid=i","cat":285435},{"id":167391,"n":"Jus de pomme Jafaden 90cl","p":1.91,"u":"2,12 €/L","img":"https://fd6-photos.leclercdrive.fr/image.ashx?id=2723171&use=l&cat=p&typeid=i","cat":285435},{"id":167392,"n":"Jus d'ananas Jafaden 90cl","p":2.21,"u":"2,46 €/L","img":"https://fd6-photos.leclercdrive.fr/image.ashx?id=2819642&use=l&cat=p&typeid=i","cat":285435},{"id":167393,"n":"Boisson au jus de citron Jafaden - 90cl","p":1.87,"u":"2,08 €/L","img":"https://fd6-photos.leclercdrive.fr/image.ashx?id=2723177&use=l&cat=p&typeid=i","cat":285435},{"id":167394,"n":"Pur jus multifruits Jafaden Pomme pêche abricot - 90cl","p":2.09,"u":"2,32 €/L","img":"https://fd6-photos.leclercdrive.fr/image.ashx?id=2723180&use=l&cat=p&typeid=i","cat":285435},{"id":167397,"n":"Pur jus d'orange Jafaden Avec pulpe - 90cl","p":2.21,"u":"2,46 €/L","img":"https://fd6-photos.leclercdrive.fr/image.ashx?id=2723156&use=l&cat=p&typeid=i","cat":285435},{"id":167420,"n":"Compote bébé Blédina 6 mois  Pomme mangue - 4x130g","p":2.66,"u":"5,12 €/KG","img":"https://fd6-photos.leclercdrive.fr/image.ashx?id=2901656&use=l&cat=p&typeid=i","cat":312387},{"id":167529,"n":"Lait bébé en poudre Gallia Calisma 1er âge 0-6 mois 830g","p":15.79,"u":"19,02 €/KG","img":"https://fd6-photos.leclercdrive.fr/image.ashx?id=2456201&use=l&cat=p&typeid=i","cat":284726},{"id":167530,"n":"Lait bébé en poudre Gallia Calisma 2e âge 6-12 mois 830g","p":15.07,"u":"18,16 €/KG","img":"https://fd6-photos.leclercdrive.fr/image.ashx?id=2479730&use=l&cat=p&typeid=i","cat":284727},{"id":167531,"n":"Lait bébé poudre Gallia Relais Calisma  1er âge 0-6 mois 830g","p":19.78,"u":"23,83 €/KG","img":"https://fd6-photos.leclercdrive.fr/image.ashx?id=2462460&use=l&cat=p&typeid=i","cat":284726},{"id":167532,"n":"Lait bébé poudre Gallia Relais Calisma 2e âge 6-12 mois 830g","p":18.39,"u":"22,16 €/KG","img":"https://fd6-photos.leclercdrive.fr/image.ashx?id=2911217&use=l&cat=p&typeid=i","cat":284727},{"id":167533,"n":"Tagliatelle Lustucru Selection  360g","p":1.32,"u":"3,67 €/KG","img":"https://fd6-photos.leclercdrive.fr/image.ashx?id=2885351&use=l&cat=p&typeid=i","cat":333682},{"id":167534,"n":"Tagliatelle Lustucru Selection  Maxi 600g","p":2.18,"u":"3,63 €/KG","img":"https://fd6-photos.leclercdrive.fr/image.ashx?id=2792399&use=l&cat=p&typeid=i","cat":333682},{"id":167535,"n":"Fettucini Lustucru Selection  350g","p":2.01,"u":"5,74 €/KG","img":"https://fd6-photos.leclercdrive.fr/image.ashx?id=2792402&use=l&cat=p&typeid=i","cat":333682},{"id":167639,"n":"Protège matelas Tissaïa Basics Blanc - 90x190cm","p":6.94,"img":"https://fd6-photos.leclercdrive.fr/image.ashx?id=2219425&use=l&cat=p&typeid=i","cat":286694},{"id":167784,"n":"Pâte brisée Herta Tarte en Or - 230g","p":2.24,"u":"9,74 €/KG","img":"https://fd6-photos.leclercdrive.fr/image.ashx?id=2907935&use=l&cat=p&typeid=i","cat":333681},{"id":167868,"n":"Couscous parfumé Tipiak Aux épices du monde - 4x65g","p":1.49,"u":"5,73 €/KG","img":"https://fd6-photos.leclercdrive.fr/image.ashx?id=2846694&use=l&cat=p&typeid=i","cat":284429},{"id":167954,"n":"Beurre doux Le Campagnou Moulé - 500g","p":4.49,"u":"8,98 €/KG","img":"https://fd6-photos.leclercdrive.fr/image.ashx?id=2223466&use=l&cat=p&typeid=i","cat":284379},{"id":167959,"n":"Tzatziki dégustation Tables du Monde - 175g","p":2.25,"u":"12,86 €/KG","img":"https://fd6-photos.leclercdrive.fr/image.ashx?id=2222528&use=l&cat=p&typeid=i","cat":315999},{"id":168007,"n":"Purée de fruits Charles & Alice Pommes Kiwi - 4x97g","p":1.79,"u":"4,61 €/KG","img":"https://fd6-photos.leclercdrive.fr/image.ashx?id=2757701&use=l&cat=p&typeid=i","cat":284416},{"id":168097,"n":"Purée fruit bébé Blédina 6 mois Pomme pêche fraise - 4x100g","p":2.02,"u":"5,05 €/KG","img":"https://fd6-photos.leclercdrive.fr/image.ashx?id=2983027&use=l&cat=p&typeid=i","cat":312388},{"id":168151,"n":"Biscuit bébé Blédina 15 mois  Céréales pépites chocolat -168g","p":2.77,"u":"16,49 €/KG","img":"https://fd6-photos.leclercdrive.fr/image.ashx?id=2892421&use=l&cat=p&typeid=i","cat":312227},{"id":168154,"n":"Repas bébé Blédichef 12 mois Pdt céleri saumon -230g","p":2.16,"u":"9,39 €/KG","img":"https://fd6-photos.leclercdrive.fr/image.ashx?id=2223238&use=l&cat=p&typeid=i","cat":312237},{"id":168168,"n":"Huile d'olive Cauvin Vierge Extra - 75cl","p":9.38,"u":"12,51 €/L","img":"https://fd6-photos.leclercdrive.fr/image.ashx?id=2498353&use=l&cat=p&typeid=i","cat":284453},{"id":168169,"n":"Ferments Lactiques Tablier Blanc - 8g","p":2.42,"u":"302,50 €/KG","img":"https://fd6-photos.leclercdrive.fr/image.ashx?id=2487488&use=l&cat=p&typeid=i","cat":284504},{"id":168171,"n":"Grandi girasoli Rana Ricotta, Épinards, Mascarpone - 250g","p":3.54,"u":"14,16 €/KG","img":"https://fd6-photos.leclercdrive.fr/image.ashx?id=2433759&use=l&cat=p&typeid=i","cat":333682},{"id":168203,"n":"Gressins torinese Florelli 125g","p":1.64,"u":"13,12 €/KG","img":"https://fd6-photos.leclercdrive.fr/image.ashx?id=2806372&use=l&cat=p&typeid=i","cat":289010},{"id":168301,"n":"Skyr Yoplait  Nature 0%Mg - 850g","p":3.21,"u":"3,78 €/KG","img":"https://fd6-photos.leclercdrive.fr/image.ashx?id=2884444&use=l&cat=p&typeid=i","cat":315000},{"id":168307,"n":"Poulet émincé Isla Délice Spécial Kebab's - 400g","p":5.87,"u":"14,68 €/KG","img":"https://fd6-photos.leclercdrive.fr/image.ashx?id=2226457&use=l&cat=p&typeid=i","cat":319780},{"id":168316,"n":"Steaks hachés Charal Pur Bœuf 5% MG 4x100g - 400g","p":8.24,"u":"20,60 €/KG","img":"https://fd6-photos.leclercdrive.fr/image.ashx?id=2741994&use=l&cat=p&typeid=i","cat":319778},{"id":168327,"n":"Mini Boulettes Charal Happy Family x50 - 750g","p":7.93,"u":"10,57 €/KG","img":"https://fd6-photos.leclercdrive.fr/image.ashx?id=2956457&use=l&cat=p&typeid=i","cat":319779},{"id":168354,"n":"Mascara Maybelline Sensational  - 1 pièce","p":8.95,"pp":5.91,"img":"https://fd6-photos.leclercdrive.fr/image.ashx?id=3010792&use=l&cat=p&typeid=i","cat":287029},{"id":168391,"n":"Jus de pomme désucré Jafaden 1L","p":1.39,"u":"1,39 €/L","img":"https://fd6-photos.leclercdrive.fr/image.ashx?id=2227035&use=l&cat=p&typeid=i","cat":284522},{"id":168569,"n":"Boulettes au bœuf Charal x30 - 900g","p":8.1,"u":"9,00 €/KG","img":"https://fd6-photos.leclercdrive.fr/image.ashx?id=2901845&use=l&cat=p&typeid=i","cat":319779},{"id":168652,"n":"Calendrier de l'Avent Kinder Ferrero Sélection - 295g","p":13.89,"u":"47,08 €/KG","img":"https://fd6-photos.leclercdrive.fr/image.ashx?id=2940525&use=l&cat=p&typeid=i","cat":336112},{"id":168656,"n":"Schoko-bons white Kinder Chocolat - 300g","p":6.65,"u":"22,17 €/KG","img":"https://fd6-photos.leclercdrive.fr/image.ashx?id=2918071&use=l&cat=p&typeid=i","cat":327592},{"id":168725,"n":"Riz au lait La Laitière Nature - 4x115g","p":1.6,"u":"3,48 €/KG","img":"https://fd6-photos.leclercdrive.fr/image.ashx?id=2642201&use=l&cat=p&typeid=i","cat":284418},{"id":168868,"n":"Essuie-tout Uni Vert 2 = 4 rouleaux","p":2.72,"u":"1,36 €/P","img":"https://fd6-photos.leclercdrive.fr/image.ashx?id=2333715&use=l&cat=p&typeid=i","cat":284635},{"id":168869,"n":"Papier toilette Uni Vert 2 plis 4=12 - x4","p":3.38,"u":"0,85 €/P","img":"https://fd6-photos.leclercdrive.fr/image.ashx?id=2333718&use=l&cat=p&typeid=i","cat":284634},{"id":168871,"n":"Mouchoirs Boîte 3 plis Univert Mouchoir papier non blanchi x80","p":1.26,"u":"0,02 €/P","img":"https://fd6-photos.leclercdrive.fr/image.ashx?id=2571941&use=l&cat=p&typeid=i","cat":284638},{"id":168990,"n":"Burgers Eco+ x10 - 1kg","p":6.53,"u":"6,53 €/KG","img":"https://fd6-photos.leclercdrive.fr/image.ashx?id=2966523&use=l&cat=p&typeid=i","cat":319778},{"id":168991,"n":"Filet de poulet Eco+ 1kg","p":7.39,"u":"7,39 €/KG","img":"https://fd6-photos.leclercdrive.fr/image.ashx?id=2652200&use=l&cat=p&typeid=i","cat":319780},{"id":168992,"n":"Nuggets de volaille Eco+ 500g","p":2.18,"u":"4,36 €/KG","img":"https://fd6-photos.leclercdrive.fr/image.ashx?id=2965795&use=l&cat=p&typeid=i","cat":319780},{"id":168993,"n":"Viande hachée Eco+  800g","p":8.3,"u":"10,38 €/KG","img":"https://fd6-photos.leclercdrive.fr/image.ashx?id=2966526&use=l&cat=p&typeid=i","cat":319779},{"id":168994,"n":"Yaourt Enfant Petits Filous Tubs Aromatisés - x15","p":3.24,"u":"5,84 €/KG","img":"https://fd6-photos.leclercdrive.fr/image.ashx?id=2811038&use=l&cat=p&typeid=i","cat":284415},{"id":168995,"n":"Yaourt brassé Perle de Lait Vanille - 4x125g","p":2.0,"u":"4,00 €/KG","img":"https://fd6-photos.leclercdrive.fr/image.ashx?id=2939715&use=l&cat=p&typeid=i","cat":314999},{"id":169003,"n":"Yaourt brassé Perle de Lait Nature - 4x125g","p":1.86,"u":"3,72 €/KG","img":"https://fd6-photos.leclercdrive.fr/image.ashx?id=2939706&use=l&cat=p&typeid=i","cat":314999},{"id":169006,"n":"Cocktail de fruits de mer Eco+ Précuit - 500g","p":3.81,"u":"7,62 €/KG","img":"https://fd6-photos.leclercdrive.fr/image.ashx?id=2800219&use=l&cat=p&typeid=i","cat":319787},{"id":169026,"n":"Pané de colin d'Alaska Eco+ x5 - 800g","p":4.48,"u":"5,60 €/KG","img":"https://fd6-photos.leclercdrive.fr/image.ashx?id=2804323&use=l&cat=p&typeid=i","cat":319788},{"id":169028,"n":"Filet de colin d'Alaska Eco MSC - 1kg","p":5.87,"u":"5,87 €/KG","img":"https://fd6-photos.leclercdrive.fr/image.ashx?id=2545924&use=l&cat=p&typeid=i","cat":319786},{"id":169057,"n":"Pizza Margherita Eco+ x3 - 900g","p":2.62,"u":"2,91 €/KG","img":"https://fd6-photos.leclercdrive.fr/image.ashx?id=2626778&use=l&cat=p&typeid=i","cat":284256},{"id":169069,"n":"Tranches saveur Emmental  Violife 100% végan - 200g","p":2.47,"u":"12,35 €/KG","img":"https://fd6-photos.leclercdrive.fr/image.ashx?id=2687089&use=l&cat=p&typeid=i","cat":316070},{"id":169072,"n":"Yaourt brassé Perle de Lait Citron  - 4x125g","p":2.01,"u":"4,19 €/P","img":"https://fd6-photos.leclercdrive.fr/image.ashx?id=2939712&use=l&cat=p&typeid=i","cat":314999},{"id":169130,"n":"Monster Munch Goût Cheddar - 85g","p":1.08,"u":"12,71 €/KG","img":"https://fd6-photos.leclercdrive.fr/image.ashx?id=2971610&use=l&cat=p&typeid=i","cat":284449},{"id":169205,"n":"Pomme de terre four/gratin 2.5kg","p":3.59,"u":"1,44 €/KG","img":"https://fd6-photos.leclercdrive.fr/image.ashx?id=1632776&use=l&cat=p&typeid=i","cat":284352},{"id":169216,"n":"Yaourt brassé Perle de Lait Coco - 4x125g","p":2.09,"u":"4,18 €/KG","img":"https://fd6-photos.leclercdrive.fr/image.ashx?id=2939709&use=l&cat=p&typeid=i","cat":286006},{"id":169218,"n":"Yaourt brassé Perle de Lait Nature - 8x125g","p":3.27,"u":"3,27 €/KG","img":"https://fd6-photos.leclercdrive.fr/image.ashx?id=2989225&use=l&cat=p&typeid=i","cat":284409},{"id":169342,"n":"Lardons fumés Herta 200g","p":2.24,"u":"11,20 €/KG","img":"https://fd6-photos.leclercdrive.fr/image.ashx?id=2939307&use=l&cat=p&typeid=i","cat":316011},{"id":169344,"n":"Lardons fumés Herta Sans nitrite - 2x75g","p":1.83,"u":"12,20 €/KG","img":"https://fd6-photos.leclercdrive.fr/image.ashx?id=2731369&use=l&cat=p&typeid=i","cat":316011},{"id":169345,"n":"Lardons nature Herta 200g","p":2.24,"u":"11,20 €/KG","img":"https://fd6-photos.leclercdrive.fr/image.ashx?id=2731357&use=l&cat=p&typeid=i","cat":316011},{"id":169346,"n":"Allumettes fumées Herta Sans nitrite - 2x75g","p":1.85,"u":"12,33 €/KG","img":"https://fd6-photos.leclercdrive.fr/image.ashx?id=2868903&use=l&cat=p&typeid=i","cat":316011},{"id":169347,"n":"Allumettes nature Herta Sans nitrite - 2x75g","p":1.92,"u":"12,80 €/KG","img":"https://fd6-photos.leclercdrive.fr/image.ashx?id=2868906&use=l&cat=p&typeid=i","cat":316011},{"id":169351,"n":"Allumettes fumées Herta 200g","p":1.99,"u":"9,95 €/KG","img":"https://fd6-photos.leclercdrive.fr/image.ashx?id=2817458&use=l&cat=p&typeid=i","cat":316011},{"id":169353,"n":"Pâte feuilletée Herta Tarte en Or - 230g","p":0.93,"u":"4,04 €/KG","img":"https://fd6-photos.leclercdrive.fr/image.ashx?id=2918658&use=l&cat=p&typeid=i","cat":333681},{"id":169354,"n":"Pâte brisée Herta Tarte en Or - 230g","p":0.99,"u":"4,30 €/KG","img":"https://fd6-photos.leclercdrive.fr/image.ashx?id=2739189&use=l&cat=p&typeid=i","cat":333681},{"id":169365,"n":"Pâte feuilletée rectangulaire  Herta Tarte en Or - 230g","p":1.33,"u":"5,78 €/KG","img":"https://fd6-photos.leclercdrive.fr/image.ashx?id=2721697&use=l&cat=p&typeid=i","cat":333681},{"id":169367,"n":"Pâte feuilletée Herta Tarte en Or -30%MG - 230g","p":1.43,"u":"6,22 €/KG","img":"https://fd6-photos.leclercdrive.fr/image.ashx?id=2814524&use=l&cat=p&typeid=i","cat":333681},{"id":169384,"n":"AOC Côtes de Bergerac moelleux Terrasses d'Autan - BIB 3L","p":10.99,"u":"3,66 €/L","img":"https://fd6-photos.leclercdrive.fr/image.ashx?id=2765713&use=l&cat=p&typeid=i","cat":289557},{"id":169429,"n":"Tendres Effilés en Gelée Felix Selection poissons 12x85g","p":5.06,"u":"4,96 €/KG","img":"https://fd6-photos.leclercdrive.fr/image.ashx?id=2995439&use=l&cat=p&typeid=i","cat":285286},{"id":169430,"n":"Tendres Effilés en Gelée Felix Selection campagne 12x85g","p":5.04,"u":"4,94 €/KG","img":"https://fd6-photos.leclercdrive.fr/image.ashx?id=2957668&use=l&cat=p&typeid=i","cat":285286},{"id":169432,"n":"Tendres Effilés en Gelée Felix Selection mixte - 24x85g","p":9.0,"u":"4,41 €/KG","img":"https://fd6-photos.leclercdrive.fr/image.ashx?id=2869651&use=l&cat=p&typeid=i","cat":285286},{"id":169436,"n":"Tendres Effilés en Gelée Felix Selection Mixte - 24x85g","p":9.68,"u":"4,75 €/KG","img":"https://fd6-photos.leclercdrive.fr/image.ashx?id=2957677&use=l&cat=p&typeid=i","cat":285286},{"id":169447,"n":"Emincés En Gelée Felix Selection mixte - 12x85g","p":4.27,"u":"4,19 €/KG","img":"https://fd6-photos.leclercdrive.fr/image.ashx?id=2869657&use=l&cat=p&typeid=i","cat":285286},{"id":169448,"n":"Emincés En Gelée  Felix Volaille légumes - 12x85g","p":4.24,"u":"4,16 €/KG","img":"https://fd6-photos.leclercdrive.fr/image.ashx?id=2909212&use=l&cat=p&typeid=i","cat":285286},{"id":169455,"n":"Sensations en gelée Felix 12x85g","p":5.53,"u":"5,42 €/KG","img":"https://fd6-photos.leclercdrive.fr/image.ashx?id=2957278&use=l&cat=p&typeid=i","cat":285286},{"id":169457,"n":"Sensation en gelée Felix Sélection mixte - 24x85g","p":9.86,"u":"4,83 €/KG","img":"https://fd6-photos.leclercdrive.fr/image.ashx?id=2378435&use=l&cat=p&typeid=i","cat":285286},{"id":169482,"n":"Yaourt à boire chocolat danette milkshake - 500g","p":2.68,"u":"5,36 €/KG","img":"https://fd6-photos.leclercdrive.fr/image.ashx?id=2684901&use=l&cat=p&typeid=i","cat":284415},{"id":169559,"n":"Père Noël Smarties Bleu - 85g","p":3.19,"u":"37,53 €/KG","img":"https://fd6-photos.leclercdrive.fr/image.ashx?id=2265626&use=l&cat=p&typeid=i","cat":327592},{"id":170029,"n":"Vin Blanc AOP Côtes de Bergerac Clément Bosquet - 75cl","p":2.95,"u":"3,93 €/L","img":"https://fd6-photos.leclercdrive.fr/image.ashx?id=2845500&use=l&cat=p&typeid=i","cat":289557},{"id":170032,"n":"Bloc Foie Gras Canard poivre de Madagascar Delpeyrat 330g","p":14.99,"u":"45,42 €/KG","img":"https://fd6-photos.leclercdrive.fr/image.ashx?id=2569365&use=l&cat=p&typeid=i","cat":305148},{"id":170561,"n":"Friandises chien Tous mes Amis Sticks au Boeuf - 3x11g","p":0.5,"u":"15,15 €/KG","img":"https://fd6-photos.leclercdrive.fr/image.ashx?id=2302265&use=l&cat=p&typeid=i","cat":294527},{"id":170571,"n":"Barres KINDER BUENO White  Chocolat Blanc x3 - 117g","p":3.08,"u":"26,32 €/KG","img":"https://fd6-photos.leclercdrive.fr/image.ashx?id=2792981&use=l&cat=p&typeid=i","cat":284498},{"id":170585,"n":"AOC Pacherenc du Vic Bilh sec Carte d'Or - 75cl","p":5.54,"u":"7,39 €/L","img":"https://fd6-photos.leclercdrive.fr/image.ashx?id=2246347&use=l&cat=p&typeid=i","cat":289557},{"id":170778,"n":"Bloc de foie gras Jean Larnaudie - 230g","p":23.2,"u":"100,87 €/KG","img":"https://fd6-photos.leclercdrive.fr/image.ashx?id=2915811&use=l&cat=p&typeid=i","cat":316008},{"id":170828,"n":"Chips Tortilla Old El Paso Chili - 185g","p":2.36,"u":"12,76 €/KG","img":"https://fd6-photos.leclercdrive.fr/image.ashx?id=2444525&use=l&cat=p&typeid=i","cat":288993},{"id":170929,"n":"Gaufres fines pur beurre Vergeoise - Boîte - 600g","p":9.5,"u":"15,83 €/KG","img":"https://fd6-photos.leclercdrive.fr/image.ashx?id=2939553&use=l&cat=p&typeid=i","cat":294777},{"id":170939,"n":"Mini Blinis Labeyrie 155g","p":1.8,"u":"11,61 €/KG","img":"https://fd6-photos.leclercdrive.fr/image.ashx?id=2971589&use=l&cat=p&typeid=i","cat":285191},{"id":170957,"n":"Confiture Douceur du Verger Abricot - 750g","p":2.49,"u":"3,32 €/KG","img":"https://fd6-photos.leclercdrive.fr/image.ashx?id=2965581&use=l&cat=p&typeid=i","cat":284480},{"id":171004,"n":"Ramen nouilles Tanoshi Soja Caramel - 360g","p":2.23,"u":"6,19 €/KG","img":"https://fd6-photos.leclercdrive.fr/image.ashx?id=2922971&use=l&cat=p&typeid=i","cat":288992},{"id":171012,"n":"Café Moulu San Marco Intenso n°9 - 2x250g","p":10.49,"u":"20,98 €/KG","img":"https://fd6-photos.leclercdrive.fr/image.ashx?id=2646044&use=l&cat=p&typeid=i","cat":284750},{"id":171028,"n":"Ravioles & Noix de St-Jacques Saint-Jean - 310g","p":3.39,"u":"10,94 €/KG","img":"https://fd6-photos.leclercdrive.fr/image.ashx?id=2421234&use=l&cat=p&typeid=i","cat":333665},{"id":171029,"n":"Ravioles & morilles Saint-Jean Sauce poivre - 310g","p":3.39,"u":"10,94 €/KG","img":"https://fd6-photos.leclercdrive.fr/image.ashx?id=2488938&use=l&cat=p&typeid=i","cat":333682},{"id":171031,"n":"Ravioles & poulet rôti  Saint-Jean - 310g","p":3.39,"u":"10,94 €/KG","img":"https://fd6-photos.leclercdrive.fr/image.ashx?id=2488935&use=l&cat=p&typeid=i","cat":333665},{"id":171070,"n":"Gel douche So Bio Etic Abricot bio - 450ml","p":5.04,"u":"11,20 €/L","img":"https://fd6-photos.leclercdrive.fr/image.ashx?id=2793629&use=l&cat=p&typeid=i","cat":284594},{"id":171072,"n":"Gel douche So Bio Etic Verveine Citron bio - 450ml","p":5.15,"u":"11,44 €/L","img":"https://fd6-photos.leclercdrive.fr/image.ashx?id=2813468&use=l&cat=p&typeid=i","cat":284594},{"id":171187,"n":"Barres glacées Snickers  Caramel & Cacahuètes x12 - 547g","p":5.11,"u":"9,34 €/KG","img":"https://fd6-photos.leclercdrive.fr/image.ashx?id=2295505&use=l&cat=p&typeid=i","cat":284264},{"id":171188,"n":"Glace Barre Glacée Snickers  Caramel & Cacahuètes x6 - 274g","p":3.32,"u":"12,12 €/KG","img":"https://fd6-photos.leclercdrive.fr/image.ashx?id=2295508&use=l&cat=p&typeid=i","cat":284264},{"id":171191,"n":"Barre glacée Mars  Caramel x6 - 240g","p":2.88,"img":"https://fd6-photos.leclercdrive.fr/image.ashx?id=2295924&use=l&cat=p&typeid=i","cat":284264},{"id":171192,"n":"Barre glacée Mars  Chocolat & Caramel x12 - 480g","p":5.18,"u":"10,79 €/KG","img":"https://fd6-photos.leclercdrive.fr/image.ashx?id=2295927&use=l&cat=p&typeid=i","cat":284264},{"id":171409,"n":"Sac poubelle Elembal 50L - x40","p":5.99,"u":"0,15 €/P","img":"https://fd6-photos.leclercdrive.fr/image.ashx?id=2793311&use=l&cat=p&typeid=i","cat":285168},{"id":171708,"n":"Tagliatelle Lustucru 2x600g","p":2.89,"u":"2,41 €/KG","img":"https://fd6-photos.leclercdrive.fr/image.ashx?id=2271168&use=l&cat=p&typeid=i","cat":333682},{"id":171719,"n":"Lessive Epsil Perfect Tri-Doses Fleurie x20 - 490ml","p":4.49,"u":"9,16 €/L","img":"https://fd6-photos.leclercdrive.fr/image.ashx?id=2450119&use=l&cat=p&typeid=i","cat":284641},{"id":171836,"n":"Céréales Trésor Kellogg's Chocolat au lait - 620g","p":4.37,"u":"7,05 €/KG","img":"https://fd6-photos.leclercdrive.fr/image.ashx?id=2598334&use=l&cat=p&typeid=i","cat":309513},{"id":171839,"n":"Yaourts Light & Free Aux fruits rouges 0% - 8x125g","p":3.24,"u":"3,24 €/KG","img":"https://fd6-photos.leclercdrive.fr/image.ashx?id=3008014&use=l&cat=p&typeid=i","cat":315000},{"id":171846,"n":"Skyr vanille Délisse 450g","p":1.89,"u":"4,20 €/KG","img":"https://fd6-photos.leclercdrive.fr/image.ashx?id=2992585&use=l&cat=p&typeid=i","cat":315000},{"id":172584,"n":"Fromage blanc 0%MG Light & Free Fraise - 4x120g","p":2.14,"u":"4,46 €/KG","img":"https://fd6-photos.leclercdrive.fr/image.ashx?id=3007999&use=l&cat=p&typeid=i","cat":315000},{"id":172585,"n":"Fromage blanc 0%MG Light & Free Pêche - 4x120g","p":2.37,"u":"4,94 €/KG","img":"https://fd6-photos.leclercdrive.fr/image.ashx?id=3008002&use=l&cat=p&typeid=i","cat":315000},{"id":172588,"n":"Fromage blanc 0%MG Light & Free Nature - 8x100g","p":3.08,"u":"3,85 €/KG","img":"https://fd6-photos.leclercdrive.fr/image.ashx?id=3008008&use=l&cat=p&typeid=i","cat":315000},{"id":172592,"n":"Fromage blanc 0%MG Light & Free Vanille - 4x120g","p":2.13,"u":"4,44 €/KG","img":"https://fd6-photos.leclercdrive.fr/image.ashx?id=3008005&use=l&cat=p&typeid=i","cat":315000},{"id":172651,"n":"Essuie-tout Renova Active Absorption - x16","p":9.05,"u":"0,57 €/P","img":"https://fd6-photos.leclercdrive.fr/image.ashx?id=2260120&use=l&cat=p&typeid=i","cat":284635},{"id":172727,"n":"Eau aromatisée San Pellegrino Melograno e arancia - 6x33cl","p":4.08,"u":"2,06 €/L","img":"https://fd6-photos.leclercdrive.fr/image.ashx?id=2551555&use=l&cat=p&typeid=i","cat":284536},{"id":172731,"n":"Tablette chocolat Milka Chocolat au lait - 3x100g","p":4.16,"u":"13,87 €/KG","img":"https://fd6-photos.leclercdrive.fr/image.ashx?id=3009137&use=l&cat=p&typeid=i","cat":284497},{"id":172794,"n":"Kinder Mix peluche Kinder Chien - 133g","p":12.49,"u":"93,91 €/KG","img":"https://fd6-photos.leclercdrive.fr/image.ashx?id=2261034&use=l&cat=p&typeid=i","cat":327789},{"id":172828,"n":"Yaourt à boire protéiné Hipro  Coco 0%mg - 300g","p":2.08,"u":"6,93 €/KG","img":"https://fd6-photos.leclercdrive.fr/image.ashx?id=2865617&use=l&cat=p&typeid=i","cat":315000},{"id":172829,"n":"Yaourt à boire protéiné Hipro  Mangue 0%mg - 300g","p":2.26,"u":"7,53 €/KG","img":"https://fd6-photos.leclercdrive.fr/image.ashx?id=2807432&use=l&cat=p&typeid=i","cat":315000},{"id":172909,"n":"Saucisses fumées Clermont x4 - 500g","p":5.42,"u":"10,84 €/KG","img":"https://fd6-photos.leclercdrive.fr/image.ashx?id=2290137&use=l&cat=p&typeid=i","cat":316012},{"id":172913,"n":"Crépinettes de porc Clermont x4 - 440g","p":6.47,"u":"14,70 €/KG","img":"https://fd6-photos.leclercdrive.fr/image.ashx?id=2267804&use=l&cat=p&typeid=i","cat":284332},{"id":172919,"n":"Kit choucroute Clermont 1kg","p":10.14,"u":"10,14 €/KG","img":"https://fd6-photos.leclercdrive.fr/image.ashx?id=2788631&use=l&cat=p&typeid=i","cat":333666},{"id":173448,"n":"Cacahuètes Curly Sweety Caramélisées - 150g","p":1.79,"u":"11,93 €/KG","img":"https://fd6-photos.leclercdrive.fr/image.ashx?id=2599233&use=l&cat=p&typeid=i","cat":284449},{"id":173587,"n":"Bloc Cuvette WC Multiblocs Flex Lavande x3","p":2.5,"u":"0,83 €/P","img":"https://fd6-photos.leclercdrive.fr/image.ashx?id=2269919&use=l&cat=p&typeid=i","cat":284662},{"id":173608,"n":"Lessive Bébé Persavon Abricot Bio - x30 - 1,5l","p":5.4,"u":"3,60 €/L","img":"https://fd6-photos.leclercdrive.fr/image.ashx?id=2997061&use=l&cat=p&typeid=i","cat":284640},{"id":173995,"n":"Miel de fleurs Lune de Miel 500g dont 30% offert","p":2.99,"u":"5,98 €/KG","img":"https://fd6-photos.leclercdrive.fr/image.ashx?id=2513094&use=l&cat=p&typeid=i","cat":287643},{"id":173997,"n":"mousse au chocolat noisette danette - 4x60g","p":1.74,"u":"7,25 €/P","img":"https://fd6-photos.leclercdrive.fr/image.ashx?id=2941478&use=l&cat=p&typeid=i","cat":284417},{"id":174145,"n":"Confiture Douceur du Verger Cerises - 370 g","p":1.27,"u":"3,43 €/KG","img":"https://fd6-photos.leclercdrive.fr/image.ashx?id=2965599&use=l&cat=p&typeid=i","cat":284480},{"id":174148,"n":"Confiture Douceur du Verger Pêches - 370 g","p":1.6,"u":"4,32 €/KG","img":"https://fd6-photos.leclercdrive.fr/image.ashx?id=2965602&use=l&cat=p&typeid=i","cat":284480},{"id":174149,"n":"Confiture Douceur du Verger Fraises - 370 g","p":1.11,"u":"3,00 €/KG","img":"https://fd6-photos.leclercdrive.fr/image.ashx?id=2965539&use=l&cat=p&typeid=i","cat":284480},{"id":174150,"n":"Confiture Douceur du Verger Framboises - 370 g","p":1.99,"u":"5,38 €/KG","img":"https://fd6-photos.leclercdrive.fr/image.ashx?id=2965575&use=l&cat=p&typeid=i","cat":284480},{"id":174151,"n":"Confiture Douceur du Verger 4 fruits rouges - 370 g","p":1.18,"u":"3,19 €/KG","img":"https://fd6-photos.leclercdrive.fr/image.ashx?id=2965548&use=l&cat=p&typeid=i","cat":284480},{"id":174152,"n":"Sauce Tomate Provençale Panzani - 210G","p":1.31,"u":"6,24 €/KG","img":"https://fd6-photos.leclercdrive.fr/image.ashx?id=2880691&use=l&cat=p&typeid=i","cat":299047},{"id":174153,"n":"Sauce tomates cuisinées Panzani 210g","p":1.17,"u":"5,57 €/KG","img":"https://fd6-photos.leclercdrive.fr/image.ashx?id=2880688&use=l&cat=p&typeid=i","cat":299047},{"id":174154,"n":"Sauce Tomate Basilic Panzani - 210G","p":1.25,"u":"5,95 €/KG","img":"https://fd6-photos.leclercdrive.fr/image.ashx?id=2881290&use=l&cat=p&typeid=i","cat":288384},{"id":174155,"n":"Sauce tomate Panzani Provençale - 425g","p":1.4,"u":"3,29 €/KG","img":"https://fd6-photos.leclercdrive.fr/image.ashx?id=2742866&use=l&cat=p&typeid=i","cat":288384},{"id":174156,"n":"Sauce tomates cuisinées Panzani 425g","p":1.86,"u":"4,38 €/KG","img":"https://fd6-photos.leclercdrive.fr/image.ashx?id=2977276&use=l&cat=p&typeid=i","cat":288384},{"id":174157,"n":"Sauce Tomate Basilic Panzani - 400G","p":2.26,"u":"5,65 €/KG","img":"https://fd6-photos.leclercdrive.fr/image.ashx?id=2968088&use=l&cat=p&typeid=i","cat":288384},{"id":174158,"n":"Sauce Tomate Provençale Panzani - 650G","p":2.3,"u":"3,54 €/KG","img":"https://fd6-photos.leclercdrive.fr/image.ashx?id=2977942&use=l&cat=p&typeid=i","cat":299047},{"id":174159,"n":"Sauce Tomate Basilic Panzani - 650G","p":2.48,"u":"3,82 €/KG","img":"https://fd6-photos.leclercdrive.fr/image.ashx?id=2977945&use=l&cat=p&typeid=i","cat":288384},{"id":174160,"n":"Sauce tomates fraîches Panzani 3x190g","p":2.7,"u":"4,74 €/KG","img":"https://fd6-photos.leclercdrive.fr/image.ashx?id=2835274&use=l&cat=p&typeid=i","cat":288384},{"id":174189,"n":"Beignets de calamar Eco+ 500g","p":2.81,"u":"5,62 €/KG","img":"https://fd6-photos.leclercdrive.fr/image.ashx?id=2690955&use=l&cat=p&typeid=i","cat":319788},{"id":174196,"n":"Viande hachée 15% MG Férial 1kg","p":14.49,"u":"14,49 €/KG","img":"https://fd6-photos.leclercdrive.fr/image.ashx?id=2630094&use=l&cat=p&typeid=i","cat":284332},{"id":174221,"n":"Pur jus d'orange Eco  Avec pulpe - 1L","p":2.07,"u":"2,07 €/L","img":"https://fd6-photos.leclercdrive.fr/image.ashx?id=2843102&use=l&cat=p&typeid=i","cat":285435},{"id":174222,"n":"Pur jus d'orange Eco  Sans pulpe - 1L","p":2.07,"u":"2,07 €/L","img":"https://fd6-photos.leclercdrive.fr/image.ashx?id=2779874&use=l&cat=p&typeid=i","cat":285435},{"id":174223,"n":"Pur jus de pomme Eco  1L","p":1.47,"u":"1,47 €/L","img":"https://fd6-photos.leclercdrive.fr/image.ashx?id=2779877&use=l&cat=p&typeid=i","cat":285435},{"id":174347,"n":"Chips à la crevette Suzi Wan 50g","p":1.28,"u":"25,60 €/KG","img":"https://fd6-photos.leclercdrive.fr/image.ashx?id=2270572&use=l&cat=p&typeid=i","cat":288992},{"id":174398,"n":"Eponges grattantes Eco + x6","p":0.96,"u":"0,16 €/P","img":"https://fd6-photos.leclercdrive.fr/image.ashx?id=2761295&use=l&cat=p&typeid=i","cat":284667},{"id":174489,"n":"Mini saucisson sec Saint Azay 160g","p":2.74,"u":"17,13 €/KG","img":"https://fd6-photos.leclercdrive.fr/image.ashx?id=2922709&use=l&cat=p&typeid=i","cat":316006},{"id":174517,"n":"Pur jus multifruits Jafaden 90cl","p":1.7,"u":"1,89 €/L","img":"https://fd6-photos.leclercdrive.fr/image.ashx?id=2723153&use=l&cat=p&typeid=i","cat":285435},{"id":174521,"n":"Délice gelée Vitakraft Viande et Poisson - 6x85g","p":4.21,"u":"8,25 €/KG","img":"https://fd6-photos.leclercdrive.fr/image.ashx?id=2283306&use=l&cat=p&typeid=i","cat":285286},{"id":174586,"n":"IGP Côtes de Gascogne Colombard Petit Manseng - 75 cl","p":4.95,"u":"6,60 €/L","img":"https://fd6-photos.leclercdrive.fr/image.ashx?id=2996842&use=l&cat=p&typeid=i","cat":289557},{"id":174710,"n":"Confiture Douceur du Verger Mirabelles - 370g","p":1.64,"u":"4,43 €/KG","img":"https://fd6-photos.leclercdrive.fr/image.ashx?id=2965560&use=l&cat=p&typeid=i","cat":284480},{"id":174712,"n":"Confiture Douceur du Verger Figues - 370g","p":1.57,"u":"4,24 €/KG","img":"https://fd6-photos.leclercdrive.fr/image.ashx?id=2965587&use=l&cat=p&typeid=i","cat":284480},{"id":174815,"n":"Confiture Douceur du Verger Myrtilles - 370g","p":1.72,"u":"4,65 €/KG","img":"https://fd6-photos.leclercdrive.fr/image.ashx?id=2965590&use=l&cat=p&typeid=i","cat":284480},{"id":174875,"n":"Gelée douceur du Verger Groseilles - 370g","p":1.29,"u":"3,49 €/KG","img":"https://fd6-photos.leclercdrive.fr/image.ashx?id=2965563&use=l&cat=p&typeid=i","cat":284480},{"id":174876,"n":"Gelée Douceur du Verger Coing - 370g","p":1.29,"u":"3,49 €/KG","img":"https://fd6-photos.leclercdrive.fr/image.ashx?id=2965566&use=l&cat=p&typeid=i","cat":284480},{"id":174881,"n":"Carottes râpées Bonduelle Au Citron de Sicile - 320g","p":1.39,"u":"4,34 €/KG","img":"https://fd6-photos.leclercdrive.fr/image.ashx?id=2894194&use=l&cat=p&typeid=i","cat":333657},{"id":174884,"n":"Céleri remoulade Bonduelle Au Fromage blanc - 320g","p":1.64,"u":"5,13 €/KG","img":"https://fd6-photos.leclercdrive.fr/image.ashx?id=2904709&use=l&cat=p&typeid=i","cat":333657},{"id":174886,"n":"Aubergine Eco+ 500g","p":0.99,"u":"1,98 €/KG","img":"https://fd6-photos.leclercdrive.fr/image.ashx?id=2907153&use=l&cat=p&typeid=i","cat":284352},{"id":174931,"n":"Steak haché façon bouchère x4 Soutenons Nos Agriculteurs 400g","p":6.39,"u":"15,98 €/KG","img":"https://fd6-photos.leclercdrive.fr/image.ashx?id=2968070&use=l&cat=p&typeid=i","cat":319778},{"id":174941,"n":"Fromage blanc Engagé Soutenons Nos Agriculteurs 1kg","p":2.09,"u":"2,09 €/KG","img":"https://fd6-photos.leclercdrive.fr/image.ashx?id=2987175&use=l&cat=p&typeid=i","cat":284409},{"id":175031,"n":"Oeufs plein air Engagé Soutenons Nos Agriculteurs x6","p":1.59,"u":"0,27 €/P","img":"https://fd6-photos.leclercdrive.fr/image.ashx?id=2291984&use=l&cat=p&typeid=i","cat":284378},{"id":175037,"n":"Protège-slips Tena Lady Ultra mini+ - x24","p":3.19,"u":"0,13 €/P","img":"https://fd6-photos.leclercdrive.fr/image.ashx?id=2285522&use=l&cat=p&typeid=i","cat":284628},{"id":175098,"n":"Tartines croustillantes Wasa Sésame - 250g","p":2.33,"u":"9,32 €/KG","img":"https://fd6-photos.leclercdrive.fr/image.ashx?id=3011860&use=l&cat=p&typeid=i","cat":284479},{"id":175122,"n":"Crème Douche Nourrissante Cadum Surgras Coco - 750ml","p":4.22,"u":"5,63 €/L","img":"https://fd6-photos.leclercdrive.fr/image.ashx?id=2393284&use=l&cat=p&typeid=i","cat":284594},{"id":175303,"n":"Skyr Siggi's  Citron - 2x140g","p":2.21,"u":"7,89 €/KG","img":"https://fd6-photos.leclercdrive.fr/image.ashx?id=2673082&use=l&cat=p&typeid=i","cat":315000},{"id":175419,"n":"Citrons jaunes non traités Panier du Primeur Sachet x4","p":1.89,"u":"0,47 €/P","img":"https://fd6-photos.leclercdrive.fr/image.ashx?id=2930906&use=l&cat=p&typeid=i","cat":284356},{"id":175420,"n":"Citron à jus Filière Panier du Primeur Sachet 1kg","p":2.79,"u":"2,79 €/KG","img":"https://fd6-photos.leclercdrive.fr/image.ashx?id=2627667&use=l&cat=p&typeid=i","cat":284356},{"id":175551,"n":"Confit de canard du Sud-Ouest Nos Régions ont du Talent  420g","p":8.39,"u":"19,98 €/KG","img":"https://fd6-photos.leclercdrive.fr/image.ashx?id=2753544&use=l&cat=p&typeid=i","cat":284339},{"id":175557,"n":"Crème Visage Jour Nivea Matifiante Peaux Mixtes - 50ml","p":3.86,"u":"77,20 €/L","img":"https://fd6-photos.leclercdrive.fr/image.ashx?id=2659139&use=l&cat=p&typeid=i","cat":325345},{"id":175560,"n":"Sérum nutrition Vitanove 100ml","p":3.99,"u":"39,90 €/L","img":"https://fd6-photos.leclercdrive.fr/image.ashx?id=2691441&use=l&cat=p&typeid=i","cat":284608},{"id":175572,"n":"Thé noir Earl Grey Bio Village Bio - x20 - 36g","p":1.09,"u":"30,28 €/KG","img":"https://fd6-photos.leclercdrive.fr/image.ashx?id=2897913&use=l&cat=p&typeid=i","cat":293233},{"id":175574,"n":"Sauce bolognaise Panzani Extra riche - 400g","p":3.07,"u":"7,68 €/KG","img":"https://fd6-photos.leclercdrive.fr/image.ashx?id=2887527&use=l&cat=p&typeid=i","cat":299047},{"id":175576,"n":"Sachet fraicheur chat Sheba Filets au poulet et thon - 60g","p":1.08,"u":"18,00 €/KG","img":"https://fd6-photos.leclercdrive.fr/image.ashx?id=2292464&use=l&cat=p&typeid=i","cat":285286},{"id":175578,"n":"Sachet fraicheur chat Sheba Filets aux crevettes - 60g","p":1.09,"u":"18,17 €/KG","img":"https://fd6-photos.leclercdrive.fr/image.ashx?id=2292467&use=l&cat=p&typeid=i","cat":285286},{"id":175579,"n":"Pur jus Bio Village Bio Pomme  - 1L","p":2.14,"u":"2,14 €/L","img":"https://fd6-photos.leclercdrive.fr/image.ashx?id=2285081&use=l&cat=p&typeid=i","cat":284522},{"id":175582,"n":"Sachet fraicheur chat Sheba Soupe filets de poulet - 4x40g","p":2.95,"u":"18,44 €/KG","img":"https://fd6-photos.leclercdrive.fr/image.ashx?id=2292590&use=l&cat=p&typeid=i","cat":285286},{"id":175583,"n":"AOP Vin Rouge Rhône HVE Côtes du Rhône Héritages 75cl","p":5.99,"pp":4.49,"u":"5,99 €/L","img":"https://fd6-photos.leclercdrive.fr/image.ashx?id=2285654&use=l&cat=p&typeid=i","cat":289556},{"id":175585,"n":"Sachet fraicheur chat Sheba Soupe filets de thon - 4x40g","p":3.09,"u":"19,31 €/KG","img":"https://fd6-photos.leclercdrive.fr/image.ashx?id=2292593&use=l&cat=p&typeid=i","cat":285286},{"id":175586,"n":"Lentilles vertes Vivien Paille 1kg","p":3.6,"pp":2.38,"u":"2,38 €/KG","img":"https://fd6-photos.leclercdrive.fr/image.ashx?id=2285093&use=l&cat=p&typeid=i","cat":284430},{"id":175603,"n":"Thé vert bio Bio Village Menthe x20 - 36g","p":1.65,"u":"45,83 €/KG","img":"https://fd6-photos.leclercdrive.fr/image.ashx?id=2897907&use=l&cat=p&typeid=i","cat":293233},{"id":175682,"n":"Merguez x6 Charcuterie des Flandres - 330g","p":5.04,"u":"15,27 €/KG","img":"https://fd6-photos.leclercdrive.fr/image.ashx?id=2294036&use=l&cat=p&typeid=i","cat":284334},{"id":175692,"n":"Crocacoq x3 Charcuterie des Flandres - 230g","p":3.91,"u":"17,00 €/KG","img":"https://fd6-photos.leclercdrive.fr/image.ashx?id=2305079&use=l&cat=p&typeid=i","cat":333683},{"id":175713,"n":"Bière \"La Goudale\" Rubis - 6x25cl","p":4.45,"u":"2,97 €/L","img":"https://fd6-photos.leclercdrive.fr/image.ashx?id=2778245&use=l&cat=p&typeid=i","cat":334878},{"id":175732,"n":"AOC Champagne De Castellane  Commodore - Brut rosé - 75cl","p":21.55,"u":"28,73 €/L","img":"https://fd6-photos.leclercdrive.fr/image.ashx?id=2443823&use=l&cat=p&typeid=i","cat":284542},{"id":175760,"n":"Biscuit Caprice Chocolat Praliné - 115g","p":1.75,"u":"15,22 €/KG","img":"https://fd6-photos.leclercdrive.fr/image.ashx?id=2484999&use=l&cat=p&typeid=i","cat":284488},{"id":175790,"n":"Sachet fraicheur chat Sheba Filets au poulet - 60g","p":1.13,"u":"18,83 €/KG","img":"https://fd6-photos.leclercdrive.fr/image.ashx?id=2287523&use=l&cat=p&typeid=i","cat":285286},{"id":175900,"n":"Limoncello Villa Cardea 25° - 70cl","p":10.89,"u":"15,56 €/L","img":"https://fd6-photos.leclercdrive.fr/image.ashx?id=2828928&use=l&cat=p&typeid=i","cat":284551},{"id":175933,"n":"Pain de mie La Boulangère Avoine et graines - 500g","p":2.07,"u":"4,14 €/KG","img":"https://fd6-photos.leclercdrive.fr/image.ashx?id=2912431&use=l&cat=p&typeid=i","cat":325068},{"id":175990,"n":"Sachets repas Gourmet Purina Perle Duo à la viande - 4x85g","p":2.52,"u":"7,41 €/KG","img":"https://fd6-photos.leclercdrive.fr/image.ashx?id=2901121&use=l&cat=p&typeid=i","cat":285286},{"id":175999,"n":"Barquette chien Cesar Terrine veau et carottes - 300g","p":1.7,"u":"5,67 €/KG","img":"https://fd6-photos.leclercdrive.fr/image.ashx?id=2289249&use=l&cat=p&typeid=i","cat":284673},{"id":176027,"n":"Frites Classiques McCain Just Au Four - 700g","p":2.51,"u":"3,59 €/KG","img":"https://fd6-photos.leclercdrive.fr/image.ashx?id=2997340&use=l&cat=p&typeid=i","cat":319791},{"id":176029,"n":"Frites Classiques McCain Just Au Four - 1,69kg","p":5.11,"u":"3,02 €/KG","img":"https://fd6-photos.leclercdrive.fr/image.ashx?id=2771319&use=l&cat=p&typeid=i","cat":319791},{"id":176030,"n":"Frites Allumettes McCain Just Au Four - 700g","p":2.59,"u":"3,70 €/KG","img":"https://fd6-photos.leclercdrive.fr/image.ashx?id=2772491&use=l&cat=p&typeid=i","cat":319791},{"id":176031,"n":"Frites Allumettes McCain Just Au Four - 1,69kg","p":5.26,"u":"3,11 €/KG","img":"https://fd6-photos.leclercdrive.fr/image.ashx?id=2997343&use=l&cat=p&typeid=i","cat":319791},{"id":176033,"n":"Frites Steakhouse McCain Just Au Four - 700g","p":2.67,"u":"3,81 €/KG","img":"https://fd6-photos.leclercdrive.fr/image.ashx?id=2737921&use=l&cat=p&typeid=i","cat":319791},{"id":176034,"n":"Frites Express McCain Just Au Four - 600g","p":3.12,"u":"5,20 €/KG","img":"https://fd6-photos.leclercdrive.fr/image.ashx?id=2997337&use=l&cat=p&typeid=i","cat":319791},{"id":176036,"n":"Frites friteuse McCain Tradition - 1,080kg","p":2.73,"u":"2,53 €/KG","img":"https://fd6-photos.leclercdrive.fr/image.ashx?id=2737930&use=l&cat=p&typeid=i","cat":319791},{"id":176040,"n":"Frites friteuse McCain Golden Allumette - 1,080kg","p":2.97,"u":"2,75 €/KG","img":"https://fd6-photos.leclercdrive.fr/image.ashx?id=2737939&use=l&cat=p&typeid=i","cat":319791},{"id":176043,"n":"La Frite Belge McCain 1.080kg","p":3.09,"u":"2,86 €/KG","img":"https://fd6-photos.leclercdrive.fr/image.ashx?id=2737942&use=l&cat=p&typeid=i","cat":319791},{"id":176239,"n":"Gnocchi Lustucru Selection  390g","p":1.65,"u":"4,23 €/KG","img":"https://fd6-photos.leclercdrive.fr/image.ashx?id=2965999&use=l&cat=p&typeid=i","cat":333682},{"id":176295,"n":"Bonbons Ricola  Eucalyptus - 70g","p":1.85,"u":"26,43 €/KG","img":"https://fd6-photos.leclercdrive.fr/image.ashx?id=2647853&use=l&cat=p&typeid=i","cat":304252},{"id":176387,"n":"Masque Hydra-Régénérant Elsève Hyaluron Repulp - 310ml","p":5.38,"u":"17,35 €/L","img":"https://fd6-photos.leclercdrive.fr/image.ashx?id=2865878&use=l&cat=p&typeid=i","cat":284608},{"id":176391,"n":"Sérum Hydra-Texturisant Elsève Cheveux Déshydratés - 150ml","p":12.52,"u":"83,47 €/L","img":"https://fd6-photos.leclercdrive.fr/image.ashx?id=2870677&use=l&cat=p&typeid=i","cat":284608},{"id":176400,"n":"Gnocchi à poeler Lustucru  Lot de 2 + 1 offert - 900g","p":3.19,"u":"3,54 €/KG","img":"https://fd6-photos.leclercdrive.fr/image.ashx?id=2446671&use=l&cat=p&typeid=i","cat":333682},{"id":176436,"n":"Mini BN Cœur de Lait 175g","p":1.99,"u":"11,37 €/KG","img":"https://fd6-photos.leclercdrive.fr/image.ashx?id=2730484&use=l&cat=p&typeid=i","cat":284489},{"id":176580,"n":"Margarine ProActiv Expert Tartine Doux - 225g","p":2.39,"pp":1.67,"u":"7,42 €/KG","img":"https://fd6-photos.leclercdrive.fr/image.ashx?id=2352035&use=l&cat=p&typeid=i","cat":315229},{"id":176594,"n":"Oeufs Flandr'Oeufs Calibre gros x20","p":4.99,"u":"0,25 €/P","img":"https://fd6-photos.leclercdrive.fr/image.ashx?id=2688698&use=l&cat=p&typeid=i","cat":284378},{"id":176595,"n":"Oeufs plein air Flandr'Oeufs  x6","p":1.89,"u":"0,32 €/P","img":"https://fd6-photos.leclercdrive.fr/image.ashx?id=2333303&use=l&cat=p&typeid=i","cat":284378},{"id":176596,"n":"Oeufs plein air Flandr'Oeufs x12","p":3.39,"u":"0,28 €/P","img":"https://fd6-photos.leclercdrive.fr/image.ashx?id=2333297&use=l&cat=p&typeid=i","cat":284378},{"id":176755,"n":"Lessive en poudre Uni Vert 1,25kg","p":3.89,"u":"3,11 €/KG","img":"https://fd6-photos.leclercdrive.fr/image.ashx?id=2450107&use=l&cat=p&typeid=i","cat":284642},{"id":176846,"n":"Knacki Original Herta x6 - 210g","p":1.61,"u":"7,67 €/KG","img":"https://fd6-photos.leclercdrive.fr/image.ashx?id=2299070&use=l&cat=p&typeid=i","cat":316012},{"id":176847,"n":"Knacki Original Herta x10 - 350g","p":1.74,"u":"4,97 €/KG","img":"https://fd6-photos.leclercdrive.fr/image.ashx?id=2304111&use=l&cat=p&typeid=i","cat":316012},{"id":176848,"n":"Knacki Original Herta Sans nitrite x6 - 210g","p":2.4,"u":"11,43 €/KG","img":"https://fd6-photos.leclercdrive.fr/image.ashx?id=2299073&use=l&cat=p&typeid=i","cat":316012},{"id":176906,"n":"Le Burger Végétal  Nature x2 - 220g","p":3.15,"u":"14,32 €/KG","img":"https://fd6-photos.leclercdrive.fr/image.ashx?id=2336950&use=l&cat=p&typeid=i","cat":316036},{"id":176929,"n":"Burger Moelleux Férial x2 - 220g","p":3.09,"u":"14,05 €/KG","img":"https://fd6-photos.leclercdrive.fr/image.ashx?id=2888407&use=l&cat=p&typeid=i","cat":284332},{"id":176930,"n":"Burger Moelleux Férial x4 - 440g","p":5.79,"u":"13,16 €/KG","img":"https://fd6-photos.leclercdrive.fr/image.ashx?id=2888410&use=l&cat=p&typeid=i","cat":284332},{"id":176931,"n":"Boulettes de Boeuf et Porc Férial x28 - 700g","p":7.99,"u":"11,41 €/KG","img":"https://fd6-photos.leclercdrive.fr/image.ashx?id=2625119&use=l&cat=p&typeid=i","cat":284332},{"id":176957,"n":"Beurre Bio Ethiquable  100% cacahuètes - 350g","p":4.86,"u":"13,89 €/KG","img":"https://fd6-photos.leclercdrive.fr/image.ashx?id=2755729&use=l&cat=p&typeid=i","cat":284481},{"id":176988,"n":"Bonbon à sucer Ricola Menthol Stévia - 50g","p":1.67,"u":"33,40 €/KG","img":"https://fd6-photos.leclercdrive.fr/image.ashx?id=2382201&use=l&cat=p&typeid=i","cat":304252},{"id":176989,"n":"Bonbon à sucer Ricola Sans sucres -50g","p":1.67,"u":"33,40 €/KG","img":"https://fd6-photos.leclercdrive.fr/image.ashx?id=2382204&use=l&cat=p&typeid=i","cat":304252},{"id":176990,"n":"Bonbon à sucer Ricola Citron melisse stévia - 50g","p":1.5,"u":"30,00 €/KG","img":"https://fd6-photos.leclercdrive.fr/image.ashx?id=2382207&use=l&cat=p&typeid=i","cat":304252},{"id":177003,"n":"Tiramisu au spéculoos Equador 2x100g","p":2.25,"u":"11,25 €/KG","img":"https://fd6-photos.leclercdrive.fr/image.ashx?id=2566691&use=l&cat=p&typeid=i","cat":284419},{"id":177037,"n":"Pommeau de Normandie Père Magloire - 70cl","p":8.92,"u":"12,74 €/L","img":"https://fd6-photos.leclercdrive.fr/image.ashx?id=2304431&use=l&cat=p&typeid=i","cat":284913},{"id":177050,"n":"Boudins blancs au foie gras Lartigue & Fils - 250g","p":5.79,"pp":4.05,"u":"16,20 €/KG","img":"https://fd6-photos.leclercdrive.fr/image.ashx?id=2306069&use=l&cat=p&typeid=i","cat":316012},{"id":177052,"n":"Boudins blancs aux Morilles Lartigue & Fils - 250g","p":5.79,"pp":4.05,"u":"16,20 €/KG","img":"https://fd6-photos.leclercdrive.fr/image.ashx?id=2306066&use=l&cat=p&typeid=i","cat":316012},{"id":177054,"n":"Écume de Wimereux 200g","p":3.99,"u":"19,95 €/KG","img":"https://fd6-photos.leclercdrive.fr/image.ashx?id=2304443&use=l&cat=p&typeid=i","cat":329558},{"id":177111,"n":"Pralines Raffaello Noix de coco amandes x26 - 260g","p":7.05,"u":"27,12 €/KG","img":"https://fd6-photos.leclercdrive.fr/image.ashx?id=2964030&use=l&cat=p&typeid=i","cat":327595},{"id":177112,"n":"Moulage chocolat Kinder Pain d'épice - 35g","p":1.75,"u":"50,00 €/KG","img":"https://fd6-photos.leclercdrive.fr/image.ashx?id=2619291&use=l&cat=p&typeid=i","cat":327592},{"id":177216,"n":"Bière blanche sans alcool 1664 0,0° - 6x25cl","p":5.08,"u":"3,39 €/L","img":"https://fd6-photos.leclercdrive.fr/image.ashx?id=2907890&use=l&cat=p&typeid=i","cat":334877},{"id":177257,"n":"Yaourt à la Grecque Nat&Vie Mangue Passion - 4x115g","p":2.6,"u":"5,65 €/KG","img":"https://fd6-photos.leclercdrive.fr/image.ashx?id=2901485&use=l&cat=p&typeid=i","cat":316071},{"id":177319,"n":"Boulgour Tipiak 450g","p":1.98,"u":"4,40 €/KG","img":"https://fd6-photos.leclercdrive.fr/image.ashx?id=2766445&use=l&cat=p&typeid=i","cat":284429},{"id":177381,"n":"Bière blonde Ch'ti 6.8% vol. - 75cl","p":2.69,"u":"3,59 €/L","img":"https://fd6-photos.leclercdrive.fr/image.ashx?id=2840169&use=l&cat=p&typeid=i","cat":334852},{"id":177401,"n":"Vin Blanc Mousseux Soirée Blanche - 75cl","p":4.9,"pp":3.23,"u":"4,31 €/L","img":"https://fd6-photos.leclercdrive.fr/image.ashx?id=2305409&use=l&cat=p&typeid=i","cat":284544},{"id":177456,"n":"Délice sauce Vitakraft Viande Poisson - 12x85g","p":7.99,"u":"7,83 €/KG","img":"https://fd6-photos.leclercdrive.fr/image.ashx?id=2308174&use=l&cat=p&typeid=i","cat":285286},{"id":177480,"n":"Saucisses de Toulouse Férial Label Rouge - X4 - 400g","p":4.09,"u":"10,23 €/KG","img":"https://fd6-photos.leclercdrive.fr/image.ashx?id=2835241&use=l&cat=p&typeid=i","cat":284334},{"id":177482,"n":"Haché Moelleux nature Férial 500g","p":5.39,"u":"10,78 €/KG","img":"https://fd6-photos.leclercdrive.fr/image.ashx?id=2710888&use=l&cat=p&typeid=i","cat":284332},{"id":177643,"n":"Gnocchi Roll à poêler Lustucru Format maxi - 500g","p":2.93,"u":"5,86 €/KG","img":"https://fd6-photos.leclercdrive.fr/image.ashx?id=2786210&use=l&cat=p&typeid=i","cat":333682},{"id":177649,"n":"Bâtonnets surimi Fleury Michon Moelleux MSC  x32 - 512g","p":4.8,"u":"9,38 €/KG","img":"https://fd6-photos.leclercdrive.fr/image.ashx?id=2688926&use=l&cat=p&typeid=i","cat":285189},{"id":177655,"n":"Blanc de poulet Fleury Michon Doré au Four x6 - 190g","p":1.81,"u":"9,53 €/KG","img":"https://fd6-photos.leclercdrive.fr/image.ashx?id=3004972&use=l&cat=p&typeid=i","cat":316010},{"id":177657,"n":"Blanc de dinde Fleury Michon Doré au Four x4 - 160g","p":2.23,"u":"13,94 €/KG","img":"https://fd6-photos.leclercdrive.fr/image.ashx?id=2816868&use=l&cat=p&typeid=i","cat":316010},{"id":177670,"n":"Crème fraîche entière Yoplait 30%MG - 450g","p":1.94,"u":"4,31 €/KG","img":"https://fd6-photos.leclercdrive.fr/image.ashx?id=2811044&use=l&cat=p&typeid=i","cat":284381},{"id":177676,"n":"Skyr Yoplait  Nature 0%MG - 8x100G","p":3.4,"u":"4,25 €/KG","img":"https://fd6-photos.leclercdrive.fr/image.ashx?id=2884450&use=l&cat=p&typeid=i","cat":315000},{"id":177677,"n":"Skyr Yoplait  Lit Fruits Rouges 0%MG - 8x100G","p":3.2,"u":"4,00 €/KG","img":"https://fd6-photos.leclercdrive.fr/image.ashx?id=2884453&use=l&cat=p&typeid=i","cat":315000},{"id":177704,"n":"Knacki Original Herta 100% Porc - 210g","p":2.26,"u":"10,76 €/KG","img":"https://fd6-photos.leclercdrive.fr/image.ashx?id=2309417&use=l&cat=p&typeid=i","cat":316012},{"id":177705,"n":"Roquette Florette 80g","p":1.64,"u":"20,50 €/KG","img":"https://fd6-photos.leclercdrive.fr/image.ashx?id=2692428&use=l&cat=p&typeid=i","cat":284353},{"id":177717,"n":"Bière blonde Ch'ti  6,8° - 33cl","p":1.49,"u":"4,52 €/L","img":"https://fd6-photos.leclercdrive.fr/image.ashx?id=2309615&use=l&cat=p&typeid=i","cat":334873},{"id":177914,"n":"Yaourt à boire Actimel Vanille - 8x100g","p":3.45,"u":"4,31 €/KG","img":"https://fd6-photos.leclercdrive.fr/image.ashx?id=2939190&use=l&cat=p&typeid=i","cat":284415},{"id":177941,"n":"Courgettes Bio Bio Village Filet - 750g","p":3.99,"u":"5,32 €/KG","img":"https://fd6-photos.leclercdrive.fr/image.ashx?id=2625695&use=l&cat=p&typeid=i","cat":284352},{"id":178074,"n":"Aubergine Bio Bio Village x2","p":2.29,"u":"1,15 €/P","img":"https://fd6-photos.leclercdrive.fr/image.ashx?id=2928333&use=l&cat=p&typeid=i","cat":284352},{"id":178087,"n":"Moulage chocolat Kinder Abeilles - 35g","p":1.75,"u":"50,00 €/KG","img":"https://fd6-photos.leclercdrive.fr/image.ashx?id=2313042&use=l&cat=p&typeid=i","cat":327592},{"id":178108,"n":"Burrata de vache Casa Azzurra 125g","p":2.93,"u":"23,44 €/KG","img":"https://fd6-photos.leclercdrive.fr/image.ashx?id=2927549&use=l&cat=p&typeid=i","cat":314026},{"id":178109,"n":"Burrata IGP Tradizioni d'Italia 120g","p":2.9,"u":"24,17 €/KG","img":"https://fd6-photos.leclercdrive.fr/image.ashx?id=2904022&use=l&cat=p&typeid=i","cat":314026},{"id":178110,"n":"Pizza Dr.Oetker Ristorante Thon - 355g","p":2.6,"u":"7,32 €/KG","img":"https://fd6-photos.leclercdrive.fr/image.ashx?id=2993056&use=l&cat=p&typeid=i","cat":284256},{"id":178111,"n":"Pizza Dr.Oetker Ristorante 4 fromages - 340g","p":2.47,"u":"7,26 €/KG","img":"https://fd6-photos.leclercdrive.fr/image.ashx?id=2993050&use=l&cat=p&typeid=i","cat":284256},{"id":178112,"n":"Pizza Dr.Oetker Ristorante Mozzarella - 335g","p":2.63,"u":"7,85 €/KG","img":"https://fd6-photos.leclercdrive.fr/image.ashx?id=2993062&use=l&cat=p&typeid=i","cat":284256},{"id":178113,"n":"Pizza Dr.Oetker Ristorante  Vegetale aux légumes - 385g","p":2.87,"u":"7,45 €/KG","img":"https://fd6-photos.leclercdrive.fr/image.ashx?id=2993068&use=l&cat=p&typeid=i","cat":284256},{"id":178114,"n":"Pizza Ristorante Dr Oetker Royale - 350g","p":2.88,"u":"8,23 €/KG","img":"https://fd6-photos.leclercdrive.fr/image.ashx?id=2993044&use=l&cat=p&typeid=i","cat":284256},{"id":178144,"n":"Thé glacé MayTea Saveur Pêche - 1,2L","p":1.93,"u":"1,61 €/L","img":"https://fd6-photos.leclercdrive.fr/image.ashx?id=2648661&use=l&cat=p&typeid=i","cat":295019},{"id":178147,"n":"Céréales Trésor Kellogg's Chocolat noisettes - 620g","p":4.37,"u":"7,05 €/KG","img":"https://fd6-photos.leclercdrive.fr/image.ashx?id=2598331&use=l&cat=p&typeid=i","cat":309513},{"id":178161,"n":"Pizza Dr.Oetker Ristorante Jambon salami champignons 345g","p":2.84,"u":"8,23 €/KG","img":"https://fd6-photos.leclercdrive.fr/image.ashx?id=2993059&use=l&cat=p&typeid=i","cat":284256},{"id":178163,"n":"Thé glacé MayTea Saveur Menthe - 1,2L","p":2.01,"u":"1,68 €/L","img":"https://fd6-photos.leclercdrive.fr/image.ashx?id=2648664&use=l&cat=p&typeid=i","cat":295019},{"id":178253,"n":"Yaourt aux fruits Eco+ Panaché - 12x125g","p":2.47,"u":"1,65 €/KG","img":"https://fd6-photos.leclercdrive.fr/image.ashx?id=2849635&use=l&cat=p&typeid=i","cat":284410},{"id":178260,"n":"Truite fumée Eco+ 100g","p":2.35,"u":"23,50 €/KG","img":"https://fd6-photos.leclercdrive.fr/image.ashx?id=2973505&use=l&cat=p&typeid=i","cat":285188},{"id":178299,"n":"Alietum Etat sauvage Biologique - 75cl","p":4.75,"u":"6,33 €/L","img":"https://fd6-photos.leclercdrive.fr/image.ashx?id=2316255&use=l&cat=p&typeid=i","cat":334872},{"id":178343,"n":"Gaufres de liège chocolat Eco + 300g","p":1.43,"u":"4,77 €/KG","img":"https://fd6-photos.leclercdrive.fr/image.ashx?id=2315764&use=l&cat=p&typeid=i","cat":294777},{"id":178346,"n":"Thé glacé MayTea Saveur Framboise - 1,2L","p":2.03,"u":"1,69 €/L","img":"https://fd6-photos.leclercdrive.fr/image.ashx?id=2643863&use=l&cat=p&typeid=i","cat":295019},{"id":178355,"n":"Hachis Parmentier Fleury Michon à l'Emmental - 300g","p":3.66,"u":"12,20 €/KG","img":"https://fd6-photos.leclercdrive.fr/image.ashx?id=3003248&use=l&cat=p&typeid=i","cat":333665},{"id":178357,"n":"Salade Piémontaise  L'Atelier Traiteur - 300g","p":2.81,"u":"9,37 €/KG","img":"https://fd6-photos.leclercdrive.fr/image.ashx?id=2345649&use=l&cat=p&typeid=i","cat":333657},{"id":178358,"n":"Gratin d'Endives au jambon sans nitrite Fleury michon - 280g","p":3.6,"u":"12,86 €/KG","img":"https://fd6-photos.leclercdrive.fr/image.ashx?id=3003254&use=l&cat=p&typeid=i","cat":333665},{"id":178362,"n":"Gelée Eclaircissante 100% Ultra Blond effet soleil","p":8.68,"u":"57,87 €/L","img":"https://fd6-photos.leclercdrive.fr/image.ashx?id=2575603&use=l&cat=p&typeid=i","cat":288899},{"id":178369,"n":"Salade lyonnaise museau boeuf L'Atelier Traiteur VPF -  300g","p":3.19,"u":"10,63 €/KG","img":"https://fd6-photos.leclercdrive.fr/image.ashx?id=2933358&use=l&cat=p&typeid=i","cat":333657},{"id":178553,"n":"Eau Cologne Eco + Lavande 1L","p":2.53,"u":"2,53 €/L","img":"https://fd6-photos.leclercdrive.fr/image.ashx?id=2690859&use=l&cat=p&typeid=i","cat":291525},{"id":178554,"n":"Eau de Cologne Eco + Fraîcheur 500ml","p":1.97,"u":"3,94 €/L","img":"https://fd6-photos.leclercdrive.fr/image.ashx?id=3001196&use=l&cat=p&typeid=i","cat":291525},{"id":178564,"n":"Farine de riz complet Bio Bio Village - 500g","p":3.19,"u":"6,38 €/KG","img":"https://fd6-photos.leclercdrive.fr/image.ashx?id=2801798&use=l&cat=p&typeid=i","cat":288382},{"id":178566,"n":"Eau de Cologne Eco + Ambre 500ml","p":1.9,"u":"3,80 €/L","img":"https://fd6-photos.leclercdrive.fr/image.ashx?id=2690925&use=l&cat=p&typeid=i","cat":291525},{"id":178572,"n":"Patchs Chauffants Primoplast X2","p":4.99,"u":"2,50 €/P","img":"https://fd6-photos.leclercdrive.fr/image.ashx?id=2856600&use=l&cat=p&typeid=i","cat":284630},{"id":178625,"n":"Recharge gel douche Sanex Zéro% Tous types de peaux - 500ml","p":3.06,"u":"6,12 €/L","img":"https://fd6-photos.leclercdrive.fr/image.ashx?id=2859986&use=l&cat=p&typeid=i","cat":284594},{"id":178777,"n":"Taboulé poulet  L'Atelier Traiteur - 300g","p":2.85,"u":"9,50 €/KG","img":"https://fd6-photos.leclercdrive.fr/image.ashx?id=2861881&use=l&cat=p&typeid=i","cat":333657},{"id":178791,"n":"Huile d'olive Terra Delyssa Bio - 75cl","p":10.52,"u":"14,03 €/L","img":"https://fd6-photos.leclercdrive.fr/image.ashx?id=2736847&use=l&cat=p&typeid=i","cat":284453},{"id":178793,"n":"Salade Strasbourgeoise L'Atelier Traiteur - 300g","p":2.99,"u":"9,97 €/KG","img":"https://fd6-photos.leclercdrive.fr/image.ashx?id=2680560&use=l&cat=p&typeid=i","cat":333657},{"id":178797,"n":"Carottes râpées aux agrumes L'Atelier Traiteur - 300g","p":1.71,"u":"5,70 €/KG","img":"https://fd6-photos.leclercdrive.fr/image.ashx?id=2345634&use=l&cat=p&typeid=i","cat":333657},{"id":178798,"n":"Taboulé à l'Oriental L'Atelier Traiteur - 300g","p":1.94,"u":"6,47 €/KG","img":"https://fd6-photos.leclercdrive.fr/image.ashx?id=2345637&use=l&cat=p&typeid=i","cat":333657},{"id":178845,"n":"Tampons Tampax Compak  Avec applicateur - Super+ - x22","p":3.26,"u":"0,15 €/P","img":"https://fd6-photos.leclercdrive.fr/image.ashx?id=2850405&use=l&cat=p&typeid=i","cat":284626},{"id":178872,"n":"Spray hydratant FPS 50+ Lovea Monoï de Tahiti - 150ml","p":10.43,"u":"69,53 €/L","img":"https://fd6-photos.leclercdrive.fr/image.ashx?id=2666980&use=l&cat=p&typeid=i","cat":325355},{"id":178891,"n":"Soin nuit anti-âge Nivea  Peaux matures et sèches - 50ml","p":13.44,"u":"268,80 €/L","img":"https://fd6-photos.leclercdrive.fr/image.ashx?id=2321535&use=l&cat=p&typeid=i","cat":325345},{"id":178897,"n":"Bière rouge Kwak 8% - 75cl","p":4.6,"u":"6,13 €/L","img":"https://fd6-photos.leclercdrive.fr/image.ashx?id=2548318&use=l&cat=p&typeid=i","cat":334872},{"id":178899,"n":"Bière blonde Kwak 7,4% - 75cl","p":4.6,"u":"6,13 €/L","img":"https://fd6-photos.leclercdrive.fr/image.ashx?id=2548321&use=l&cat=p&typeid=i","cat":334872},{"id":178948,"n":"Gâteau Savane Brossard Tout chocolat pocket x7 210g","p":2.44,"u":"11,62 €/KG","img":"https://fd6-photos.leclercdrive.fr/image.ashx?id=2870728&use=l&cat=p&typeid=i","cat":294776},{"id":178949,"n":"Gâteau Savane Brossard Max Barr' Pocket x7 - 210g","p":2.41,"u":"11,48 €/KG","img":"https://fd6-photos.leclercdrive.fr/image.ashx?id=2870731&use=l&cat=p&typeid=i","cat":294776},{"id":178950,"n":"Eponge Spontex  Flash - x2","p":2.57,"u":"85,67 €/KG","img":"https://fd6-photos.leclercdrive.fr/image.ashx?id=2657781&use=l&cat=p&typeid=i","cat":284667},{"id":178976,"n":"Beurre moulé Grand Fermage Sel de mer - 80% MG - 125g","p":1.74,"u":"13,92 €/KG","img":"https://fd6-photos.leclercdrive.fr/image.ashx?id=2985330&use=l&cat=p&typeid=i","cat":284379},{"id":178977,"n":"Bûche de Chèvre Soignon  120g","p":2.01,"u":"16,75 €/KG","img":"https://fd6-photos.leclercdrive.fr/image.ashx?id=2676717&use=l&cat=p&typeid=i","cat":314031},{"id":179020,"n":"Brosse à Dents Signal Protection Intégrale Medium x4","p":1.61,"u":"0,40 €/P","img":"https://fd6-photos.leclercdrive.fr/image.ashx?id=2773913&use=l&cat=p&typeid=i","cat":284614},{"id":179021,"n":"Brosse à dents Signal  Souple x4","p":1.61,"u":"0,40 €/P","img":"https://fd6-photos.leclercdrive.fr/image.ashx?id=2660314&use=l&cat=p&typeid=i","cat":284614},{"id":179031,"n":"Gel douche Sanex zéro 0% Peaux normales - 475ml","p":3.23,"u":"6,80 €/L","img":"https://fd6-photos.leclercdrive.fr/image.ashx?id=2648851&use=l&cat=p&typeid=i","cat":284594},{"id":179056,"n":"Dentifrice Signal Integral 8  Fraîcheur et détox -75ml","p":1.81,"u":"24,13 €/L","img":"https://fd6-photos.leclercdrive.fr/image.ashx?id=2960228&use=l&cat=p&typeid=i","cat":284612},{"id":179087,"n":"Liquide Vaisselle Paic Citron - 750ml","p":1.67,"u":"2,23 €/L","img":"https://fd6-photos.leclercdrive.fr/image.ashx?id=2322835&use=l&cat=p&typeid=i","cat":284655},{"id":179088,"n":"Liquide Vaisselle Paic Citron Vert - 750ml","p":1.88,"u":"2,51 €/L","img":"https://fd6-photos.leclercdrive.fr/image.ashx?id=2322838&use=l&cat=p&typeid=i","cat":284655},{"id":179256,"n":"Jus Ocean Spray Classic  Cranberry - 1L","p":1.98,"u":"1,98 €/L","img":"https://fd6-photos.leclercdrive.fr/image.ashx?id=2324021&use=l&cat=p&typeid=i","cat":284915},{"id":179263,"n":"Sérum de nuit L'Oréal Paris Age Perfect anti-âge - 30ml","p":11.97,"pp":7.9,"u":"263,33 €/L","img":"https://fd6-photos.leclercdrive.fr/image.ashx?id=2867536&use=l&cat=p&typeid=i","cat":325345},{"id":179264,"n":"Sérum repulpant L'Oréal Paris Revitalift anti-rides - 20ml","p":16.19,"u":"809,50 €/L","img":"https://fd6-photos.leclercdrive.fr/image.ashx?id=2867539&use=l&cat=p&typeid=i","cat":325345},{"id":179289,"n":"Risotto Saint-Jean Canard et Girolles - 300g","p":3.39,"u":"11,30 €/KG","img":"https://fd6-photos.leclercdrive.fr/image.ashx?id=2488467&use=l&cat=p&typeid=i","cat":333665},{"id":179290,"n":"Risotto Saint-Jean Chorizo Crème de Poivrons 300g","p":3.39,"u":"11,30 €/KG","img":"https://fd6-photos.leclercdrive.fr/image.ashx?id=2489488&use=l&cat=p&typeid=i","cat":333665},{"id":179299,"n":"Lait bébé Candia Baby  croissance 3ème âge - 6x1L","p":10.96,"u":"1,83 €/L","img":"https://fd6-photos.leclercdrive.fr/image.ashx?id=2963349&use=l&cat=p&typeid=i","cat":284728},{"id":179301,"n":"Eau Micellaire Garnier Peaux Sèches, Sensibles - 400ml","p":2.83,"u":"7,08 €/L","img":"https://fd6-photos.leclercdrive.fr/image.ashx?id=2323637&use=l&cat=p&typeid=i","cat":284603},{"id":179303,"n":"Gel douche 3en1 Ushuaïa Agrumes - 300ml","p":2.12,"u":"7,07 €/L","img":"https://fd6-photos.leclercdrive.fr/image.ashx?id=2446986&use=l&cat=p&typeid=i","cat":284594},{"id":179326,"n":"Gel douche Sanex Zéro 0% Peaux sèches - 475ml","p":3.23,"u":"6,80 €/L","img":"https://fd6-photos.leclercdrive.fr/image.ashx?id=2692857&use=l&cat=p&typeid=i","cat":284594},{"id":179352,"n":"Eco recharge gel douche Sanex 0% Peaux sèches - 500ml","p":3.01,"u":"6,02 €/L","img":"https://fd6-photos.leclercdrive.fr/image.ashx?id=2866199&use=l&cat=p&typeid=i","cat":284594},{"id":179374,"n":"Champagne Germain Président Rosé - 75cl","p":28.8,"u":"38,40 €/L","img":"https://fd6-photos.leclercdrive.fr/image.ashx?id=2999255&use=l&cat=p&typeid=i","cat":284542},{"id":179379,"n":"Capsules de café Arabica x40 - 280g","p":4.78,"u":"22,98 €/KG","img":"https://fd6-photos.leclercdrive.fr/image.ashx?id=2873652&use=l&cat=p&typeid=i","cat":284749},{"id":179384,"n":"Pâte à tartiner Eco+ 750g - aux noissettes","p":2.47,"u":"3,29 €/KG","img":"https://fd6-photos.leclercdrive.fr/image.ashx?id=2841148&use=l&cat=p&typeid=i","cat":284481},{"id":179403,"n":"Eau gazeuse Vichy Célestins 6x1,15L","p":3.72,"u":"0,54 €/L","img":"https://fd6-photos.leclercdrive.fr/image.ashx?id=2376542&use=l&cat=p&typeid=i","cat":284536},{"id":179413,"n":"Piles Alcalines Energizer Max 9V - pack de 2","p":9.07,"img":"https://fd6-photos.leclercdrive.fr/image.ashx?id=2850713&use=l&cat=p&typeid=i","cat":300572},{"id":179417,"n":"Pile Alcalines Energizer  Max AA/LR6 - x6","p":7.45,"img":"https://fd6-photos.leclercdrive.fr/image.ashx?id=2737198&use=l&cat=p&typeid=i","cat":300572},{"id":179418,"n":"Pile Alcalines Energizer Max AAA/LR03 - x6","p":8.19,"img":"https://fd6-photos.leclercdrive.fr/image.ashx?id=2850722&use=l&cat=p&typeid=i","cat":300572},{"id":179422,"n":"Spray désodorisant Airwick Neutralisateur Coton - 237ml","p":3.52,"u":"14,85 €/L","img":"https://fd6-photos.leclercdrive.fr/image.ashx?id=2792822&use=l&cat=p&typeid=i","cat":311626},{"id":179431,"n":"Brioche Pitch Chocolat x8 - 300g","p":1.81,"u":"6,03 €/KG","img":"https://fd6-photos.leclercdrive.fr/image.ashx?id=2452119&use=l&cat=p&typeid=i","cat":293505},{"id":179432,"n":"Brioches Pitch Fraise x8 - 300g","p":1.95,"u":"6,50 €/KG","img":"https://fd6-photos.leclercdrive.fr/image.ashx?id=2452116&use=l&cat=p&typeid=i","cat":293505},{"id":179433,"n":"Brioche Pitch Chocolat au lait x8 - 300g","p":2.24,"u":"7,47 €/KG","img":"https://fd6-photos.leclercdrive.fr/image.ashx?id=2452113&use=l&cat=p&typeid=i","cat":293505},{"id":179437,"n":"Brioches Pitch Pépites chocolat x8 - 300g","p":2.31,"u":"7,70 €/KG","img":"https://fd6-photos.leclercdrive.fr/image.ashx?id=2452107&use=l&cat=p&typeid=i","cat":293505},{"id":179438,"n":"Brioche Pitch Pépites de chocolat x12 - 450g","p":3.32,"u":"7,38 €/KG","img":"https://fd6-photos.leclercdrive.fr/image.ashx?id=2452104&use=l&cat=p&typeid=i","cat":293505},{"id":179440,"n":"Brioches Pitch  Choco barre lait x8 - 300g","p":2.34,"u":"7,80 €/KG","img":"https://fd6-photos.leclercdrive.fr/image.ashx?id=2454115&use=l&cat=p&typeid=i","cat":293505},{"id":179442,"n":"Brioches Pitch Choco barre noisette x8 - 300g","p":2.76,"u":"9,20 €/KG","img":"https://fd6-photos.leclercdrive.fr/image.ashx?id=2454112&use=l&cat=p&typeid=i","cat":293505},{"id":179487,"n":"Gel douche Sanex Zéro 0% Peaux sèches - 2x475ml","p":6.3,"u":"6,63 €/L","img":"https://fd6-photos.leclercdrive.fr/image.ashx?id=2676921&use=l&cat=p&typeid=i","cat":284594},{"id":179488,"n":"Gel douche Sanex Zéro 0% Peaux normales - 2x475ml","p":6.3,"u":"6,63 €/L","img":"https://fd6-photos.leclercdrive.fr/image.ashx?id=2676924&use=l&cat=p&typeid=i","cat":284594},{"id":179524,"n":"Jambon Fleury Michon Label  Rouge sans nitrite x2 - 80g","p":2.56,"u":"32,00 €/KG","img":"https://fd6-photos.leclercdrive.fr/image.ashx?id=2923954&use=l&cat=p&typeid=i","cat":316009},{"id":179533,"n":"Soda Fanta citron  bouteille - 1.25L","p":1.68,"u":"1,34 €/L","img":"https://fd6-photos.leclercdrive.fr/image.ashx?id=2659394&use=l&cat=p&typeid=i","cat":284532},{"id":179645,"n":"Limonade double zest Lorina Bouteille - 1,25L","p":1.27,"u":"1,02 €/L","img":"https://fd6-photos.leclercdrive.fr/image.ashx?id=2723836&use=l&cat=p&typeid=i","cat":284531},{"id":179669,"n":"Liquide vaisselle Paic Citron - 1,5L","p":2.78,"u":"1,85 €/L","img":"https://fd6-photos.leclercdrive.fr/image.ashx?id=2328673&use=l&cat=p&typeid=i","cat":284655},{"id":179757,"n":"Compote Charles & Alices Pommes Mirabelles - 4x97g","p":1.64,"u":"4,23 €/KG","img":"https://fd6-photos.leclercdrive.fr/image.ashx?id=2757353&use=l&cat=p&typeid=i","cat":284416},{"id":179770,"n":"Bière Rince cochon triple 75cl","p":4.23,"u":"5,64 €/L","img":"https://fd6-photos.leclercdrive.fr/image.ashx?id=2475747&use=l&cat=p&typeid=i","cat":334872},{"id":179852,"n":"Super smoothie Innocent defense - 750ml","p":3.76,"u":"5,01 €/L","img":"https://fd6-photos.leclercdrive.fr/image.ashx?id=2329136&use=l&cat=p&typeid=i","cat":285435},{"id":179860,"n":"Glaces Kinder Bueno noisettes chocolat lait x4 248g","p":3.82,"u":"15,40 €/KG","img":"https://fd6-photos.leclercdrive.fr/image.ashx?id=2759068&use=l&cat=p&typeid=i","cat":284264},{"id":179881,"n":"Crème glacée Ben & Jerry's Cookie Vermont-Ster - 324g","p":5.68,"u":"17,53 €/KG","img":"https://fd6-photos.leclercdrive.fr/image.ashx?id=2793044&use=l&cat=p&typeid=i","cat":284725},{"id":179939,"n":"Bâtonnets Trium vanille choco blanc fruits rouges x4 - 274g","p":2.69,"u":"9,82 €/KG","img":"https://fd6-photos.leclercdrive.fr/image.ashx?id=2758312&use=l&cat=p&typeid=i","cat":284265},{"id":179940,"n":"Crousti apéro bio Jardin Bio Cacahuètes - 85g","p":1.8,"u":"21,18 €/KG","img":"https://fd6-photos.leclercdrive.fr/image.ashx?id=2329239&use=l&cat=p&typeid=i","cat":284449},{"id":179967,"n":"Beurre de cacahuete Jardin Bio Bio - Creamy - 500g","p":6.06,"u":"12,12 €/KG","img":"https://fd6-photos.leclercdrive.fr/image.ashx?id=2926503&use=l&cat=p&typeid=i","cat":284481},{"id":179973,"n":"Rosso  14,4% - 1L","p":3.52,"u":"3,52 €/L","img":"https://fd6-photos.leclercdrive.fr/image.ashx?id=2675747&use=l&cat=p&typeid=i","cat":284913},{"id":179974,"n":"Bianco 14,4% - 1L","p":3.52,"u":"3,52 €/L","img":"https://fd6-photos.leclercdrive.fr/image.ashx?id=2800231&use=l&cat=p&typeid=i","cat":284913},{"id":179979,"n":"AOC Crémant d'Alsace brut 75cl","p":5.35,"u":"7,13 €/L","img":"https://fd6-photos.leclercdrive.fr/image.ashx?id=2888932&use=l&cat=p&typeid=i","cat":284545},{"id":179985,"n":"Bière ambrée Ch'ti   6,2°  -75cl","p":2.96,"u":"3,95 €/L","img":"https://fd6-photos.leclercdrive.fr/image.ashx?id=2329473&use=l&cat=p&typeid=i","cat":334852},{"id":179997,"n":"Vin rosé  Festalie 75cl - sans alcool","p":2.99,"u":"3,99 €/L","img":"https://fd6-photos.leclercdrive.fr/image.ashx?id=2781188&use=l&cat=p&typeid=i","cat":289558},{"id":180012,"n":"Vin rouge sans alcool - 75cl","p":2.99,"u":"3,99 €/L","img":"https://fd6-photos.leclercdrive.fr/image.ashx?id=2329446&use=l&cat=p&typeid=i","cat":289556},{"id":180024,"n":"Tablette de chocolat noir Lindt Noisette caramel - 100g","p":2.58,"u":"25,80 €/KG","img":"https://fd6-photos.leclercdrive.fr/image.ashx?id=2881296&use=l&cat=p&typeid=i","cat":284956},{"id":180036,"n":"Vin blanc Saint-Veran Au Mont - 75cl","p":11.5,"u":"15,33 €/L","img":"https://fd6-photos.leclercdrive.fr/image.ashx?id=2939100&use=l&cat=p&typeid=i","cat":289557},{"id":180039,"n":"AOP côte de Provence Vin rosé - 75cl","p":8.9,"u":"11,87 €/L","img":"https://fd6-photos.leclercdrive.fr/image.ashx?id=2935134&use=l&cat=p&typeid=i","cat":289558},{"id":180041,"n":"Chips Tuiles Pringles Paprika - 175g","p":1.8,"u":"10,29 €/KG","img":"https://fd6-photos.leclercdrive.fr/image.ashx?id=2902301&use=l&cat=p&typeid=i","cat":287899},{"id":180044,"n":"Filtres à café brun Melitta FSC 1x4 - 80 filtres","p":1.74,"u":"11,84 €/KG","img":"https://fd6-photos.leclercdrive.fr/image.ashx?id=2908276&use=l&cat=p&typeid=i","cat":284751},{"id":180061,"n":"Thé vert bio Bio village  36g","p":1.33,"u":"36,94 €/KG","img":"https://fd6-photos.leclercdrive.fr/image.ashx?id=2897910&use=l&cat=p&typeid=i","cat":293233},{"id":180065,"n":"Rillettes de thon Petit Navire 125g","p":2.12,"u":"16,96 €/KG","img":"https://fd6-photos.leclercdrive.fr/image.ashx?id=2533388&use=l&cat=p&typeid=i","cat":303867},{"id":180066,"n":"Cidre brut Eco+ 4% - 75cl","p":1.59,"u":"2,12 €/L","img":"https://fd6-photos.leclercdrive.fr/image.ashx?id=2903920&use=l&cat=p&typeid=i","cat":334880},{"id":180069,"n":"Rillettes au saumon  Petit Navire - 125g","p":1.92,"u":"15,36 €/KG","img":"https://fd6-photos.leclercdrive.fr/image.ashx?id=2533391&use=l&cat=p&typeid=i","cat":305147},{"id":180071,"n":"Cidre doux Eco+ 2% - 75cl","p":1.59,"u":"2,12 €/L","img":"https://fd6-photos.leclercdrive.fr/image.ashx?id=2903926&use=l&cat=p&typeid=i","cat":334880},{"id":180074,"n":"Fond de veau Maggi - 240g","p":3.47,"u":"14,46 €/KG","img":"https://fd6-photos.leclercdrive.fr/image.ashx?id=2918047&use=l&cat=p&typeid=i","cat":288379},{"id":180079,"n":"Biscuits chocolats Kinder Duo Chocolat blanc et lait - 150g","p":2.08,"u":"13,87 €/KG","img":"https://fd6-photos.leclercdrive.fr/image.ashx?id=2959127&use=l&cat=p&typeid=i","cat":284488},{"id":180083,"n":"Pastis Eco+ 40% - 1L","p":15.1,"u":"15,10 €/L","img":"https://fd6-photos.leclercdrive.fr/image.ashx?id=2637823&use=l&cat=p&typeid=i","cat":284548},{"id":180121,"n":"Riz curry et poulet individuel William Saurin - 300g","p":3.48,"u":"11,60 €/KG","img":"https://fd6-photos.leclercdrive.fr/image.ashx?id=2335184&use=l&cat=p&typeid=i","cat":284953},{"id":180150,"n":"Crème de coco - brique de 400ml","p":2.93,"u":"7,33 €/L","img":"https://fd6-photos.leclercdrive.fr/image.ashx?id=2906901&use=l&cat=p&typeid=i","cat":288992},{"id":180154,"n":"Chewing-gum Freedent Myrtille sans sucres 5x10 dragées -70g","p":2.16,"u":"30,86 €/KG","img":"https://fd6-photos.leclercdrive.fr/image.ashx?id=2330356&use=l&cat=p&typeid=i","cat":304251},{"id":180155,"n":"Chewing-gum Freedent White Fraise 5x10 dragées - 70g","p":3.2,"u":"45,71 €/KG","img":"https://fd6-photos.leclercdrive.fr/image.ashx?id=2330359&use=l&cat=p&typeid=i","cat":304251},{"id":180157,"n":"Gelée de Groseilles Bonne Maman - 370g","p":1.86,"u":"5,03 €/KG","img":"https://fd6-photos.leclercdrive.fr/image.ashx?id=2482975&use=l&cat=p&typeid=i","cat":284480},{"id":180171,"n":"Olives Tramier apéro  farcies Poivron - 130g","p":2.42,"u":"18,62 €/KG","img":"https://fd6-photos.leclercdrive.fr/image.ashx?id=2648899&use=l&cat=p&typeid=i","cat":284450},{"id":180175,"n":"Friandises chien Pedigree Rodeo poulet bacon x7 - 123g","p":2.14,"u":"17,40 €/KG","img":"https://fd6-photos.leclercdrive.fr/image.ashx?id=2937941&use=l&cat=p&typeid=i","cat":294527},{"id":180180,"n":"Ramen Tanoshi saveur boeuf nouilles japonaises - 360g","p":2.09,"u":"5,81 €/KG","img":"https://fd6-photos.leclercdrive.fr/image.ashx?id=2922974&use=l&cat=p&typeid=i","cat":288992},{"id":180181,"n":"Sardines à l'huile d'olive Connétable - 135g","p":2.76,"u":"20,44 €/KG","img":"https://fd6-photos.leclercdrive.fr/image.ashx?id=2762115&use=l&cat=p&typeid=i","cat":305146},{"id":180184,"n":"Sardines Connétable marinade citron-basilic sans huile -140g","p":1.61,"u":"11,50 €/KG","img":"https://fd6-photos.leclercdrive.fr/image.ashx?id=2797858&use=l&cat=p&typeid=i","cat":305146},{"id":180187,"n":"Sauce Pesto Tomates Basilic Panzani - 200G","p":1.85,"u":"9,25 €/KG","img":"https://fd6-photos.leclercdrive.fr/image.ashx?id=2977930&use=l&cat=p&typeid=i","cat":287599},{"id":180196,"n":"Brioches Pitch  Pomme poire - x8 - 300g","p":2.7,"u":"9,00 €/KG","img":"https://fd6-photos.leclercdrive.fr/image.ashx?id=2454100&use=l&cat=p&typeid=i","cat":293505},{"id":180197,"n":"Langue Pik Haribo Sachet bonbons acidulés - 180g","p":1.83,"u":"10,17 €/KG","img":"https://fd6-photos.leclercdrive.fr/image.ashx?id=2984949&use=l&cat=p&typeid=i","cat":304250},{"id":180201,"n":"Thé Earl Grey Twinings 50 sachets - 100g","p":3.97,"u":"39,70 €/KG","img":"https://fd6-photos.leclercdrive.fr/image.ashx?id=2893018&use=l&cat=p&typeid=i","cat":293233},{"id":180204,"n":"Nouilles instantanées Tanoshi Blé bœuf - sachet 85g","p":0.92,"u":"10,82 €/KG","img":"https://fd6-photos.leclercdrive.fr/image.ashx?id=2955791&use=l&cat=p&typeid=i","cat":288992},{"id":180213,"n":"Beurre Elle&Vire Demi-Sel - 60% MG - 250g","p":2.79,"u":"11,16 €/KG","img":"https://fd6-photos.leclercdrive.fr/image.ashx?id=2763454&use=l&cat=p&typeid=i","cat":284379},{"id":180233,"n":"Crème de marrons vanille  Douceur du Verger - 500g","p":2.11,"u":"4,22 €/KG","img":"https://fd6-photos.leclercdrive.fr/image.ashx?id=2691471&use=l&cat=p&typeid=i","cat":284506},{"id":180247,"n":"Double concentré de tomates  Eco+ - 440g","p":1.31,"u":"2,98 €/KG","img":"https://fd6-photos.leclercdrive.fr/image.ashx?id=3012370&use=l&cat=p&typeid=i","cat":288384},{"id":180274,"n":"Chips Vico Poulet rôti - 125g","p":1.49,"u":"11,92 €/KG","img":"https://fd6-photos.leclercdrive.fr/image.ashx?id=2921295&use=l&cat=p&typeid=i","cat":284447},{"id":180302,"n":"Biscuits Palmier St Michel  au beurre - 87g","p":1.25,"u":"14,37 €/KG","img":"https://fd6-photos.leclercdrive.fr/image.ashx?id=2555379&use=l&cat=p&typeid=i","cat":284487},{"id":180303,"n":"Biscuits galettes St Michel au  beurre 1905 - 150g","p":1.58,"u":"10,53 €/KG","img":"https://fd6-photos.leclercdrive.fr/image.ashx?id=2937766&use=l&cat=p&typeid=i","cat":284487},{"id":180304,"n":"Semoule de couscous moyen Eco+ - 1kg","p":1.05,"u":"1,05 €/KG","img":"https://fd6-photos.leclercdrive.fr/image.ashx?id=2790858&use=l&cat=p&typeid=i","cat":284429},{"id":180305,"n":"Pâté de foie Eco+ x3 - 234g","p":1.33,"u":"5,68 €/KG","img":"https://fd6-photos.leclercdrive.fr/image.ashx?id=2690853&use=l&cat=p&typeid=i","cat":305149},{"id":180307,"n":"Patée pour chat Eco+ boeuf et à la carotte - 410g","p":0.97,"u":"2,37 €/KG","img":"https://fd6-photos.leclercdrive.fr/image.ashx?id=2879931&use=l&cat=p&typeid=i","cat":285601},{"id":180311,"n":"Double concentré de tomates  Eco+ - 200g","p":1.22,"u":"6,10 €/KG","img":"https://fd6-photos.leclercdrive.fr/image.ashx?id=2794820&use=l&cat=p&typeid=i","cat":288384},{"id":180313,"n":"Bouchées pour chat Eco+ Truite saumon et légumes - 410g","p":0.71,"u":"1,73 €/KG","img":"https://fd6-photos.leclercdrive.fr/image.ashx?id=2330897&use=l&cat=p&typeid=i","cat":285601},{"id":180317,"n":"Pistaches non salées Tokapi 125g","p":2.33,"u":"18,64 €/KG","img":"https://fd6-photos.leclercdrive.fr/image.ashx?id=2793302&use=l&cat=p&typeid=i","cat":284448},{"id":180321,"n":"Palmiers feuilletés Tokapi olive - 75g","p":1.84,"u":"24,53 €/KG","img":"https://fd6-photos.leclercdrive.fr/image.ashx?id=2331243&use=l&cat=p&typeid=i","cat":297000},{"id":180326,"n":"Chips Mazingarbe 150g","p":2.6,"u":"17,33 €/KG","img":"https://fd6-photos.leclercdrive.fr/image.ashx?id=2378234&use=l&cat=p&typeid=i","cat":284447},{"id":180327,"n":"Pâtée pour chats Eco+ poisson et à la carotte - 410g","p":0.7,"u":"1,71 €/KG","img":"https://fd6-photos.leclercdrive.fr/image.ashx?id=2794175&use=l&cat=p&typeid=i","cat":285601},{"id":180333,"n":"Grignot' cacahuètes Tokapi - 140g","p":0.99,"u":"7,07 €/KG","img":"https://fd6-photos.leclercdrive.fr/image.ashx?id=2331066&use=l&cat=p&typeid=i","cat":284449},{"id":180337,"n":"Tortillas de blé Bio Village  nature Bio - x6 - 240g","p":2.19,"u":"9,13 €/KG","img":"https://fd6-photos.leclercdrive.fr/image.ashx?id=2729299&use=l&cat=p&typeid=i","cat":288993},{"id":180340,"n":"Lait bébé 1A GUIGOZ OPTIPRO  0-6 mois - 2x600g","p":21.05,"u":"17,54 €/KG","img":"https://fd6-photos.leclercdrive.fr/image.ashx?id=2846147&use=l&cat=p&typeid=i","cat":284726},{"id":180344,"n":"Fromage enfant Mini Babybel 6 portions goûter - 132g","p":2.25,"u":"17,05 €/KG","img":"https://fd6-photos.leclercdrive.fr/image.ashx?id=2970822&use=l&cat=p&typeid=i","cat":314030},{"id":180345,"n":"Fromage enfant Mini Babybel 12 portions goûter - 264g","p":4.29,"u":"16,25 €/KG","img":"https://fd6-photos.leclercdrive.fr/image.ashx?id=2970825&use=l&cat=p&typeid=i","cat":314030},{"id":180347,"n":"Chips Pom'lisse nature sans sel - 125g","p":1.19,"u":"9,52 €/KG","img":"https://fd6-photos.leclercdrive.fr/image.ashx?id=2919661&use=l&cat=p&typeid=i","cat":284447},{"id":180348,"n":"Rondelles de cornichons Rustica aigres doux - 185g","p":1.59,"u":"8,59 €/KG","img":"https://fd6-photos.leclercdrive.fr/image.ashx?id=2916725&use=l&cat=p&typeid=i","cat":284458},{"id":180350,"n":"Vinaigre d'alcool Bio Village  blanc 8% Bio - 1L","p":1.05,"u":"1,05 €/L","img":"https://fd6-photos.leclercdrive.fr/image.ashx?id=2869528&use=l&cat=p&typeid=i","cat":325365},{"id":180351,"n":"Friandises chat Sheba Creamy snacks poulet - 4x12g","p":2.87,"u":"59,79 €/KG","img":"https://fd6-photos.leclercdrive.fr/image.ashx?id=2331147&use=l&cat=p&typeid=i","cat":285285},{"id":180352,"n":"Friandises chat Sheba Creamy snacks saumon - 4x12g","p":2.88,"u":"60,00 €/KG","img":"https://fd6-photos.leclercdrive.fr/image.ashx?id=2331150&use=l&cat=p&typeid=i","cat":285285},{"id":180360,"n":"Tablette de chocolat noir Lindt Sel rose de l'Himalaya - 100g","p":2.79,"u":"27,90 €/KG","img":"https://fd6-photos.leclercdrive.fr/image.ashx?id=2750393&use=l&cat=p&typeid=i","cat":284956},{"id":180391,"n":"Bonbons Lutti Fili Dooo XL Fraise - 180g","p":1.88,"u":"10,44 €/KG","img":"https://fd6-photos.leclercdrive.fr/image.ashx?id=2817449&use=l&cat=p&typeid=i","cat":304250},{"id":180397,"n":"Barres Chocolatées KINDER BUENO  Chocolat au Lait x3 - 129g","p":2.22,"u":"17,21 €/KG","img":"https://fd6-photos.leclercdrive.fr/image.ashx?id=2762295&use=l&cat=p&typeid=i","cat":284498},{"id":180401,"n":"Mayonnaise Bénédicta Nature - 255g","p":1.79,"u":"7,02 €/KG","img":"https://fd6-photos.leclercdrive.fr/image.ashx?id=2658734&use=l&cat=p&typeid=i","cat":298295},{"id":180405,"n":"Thon au Naturel Petit Navire 2x112g","p":4.6,"u":"20,54 €/KG","img":"https://fd6-photos.leclercdrive.fr/image.ashx?id=2944618&use=l&cat=p&typeid=i","cat":303867},{"id":180407,"n":"Filets maquereaux Petit Navire sans peau huile d'olive - 145g","p":2.53,"u":"17,45 €/KG","img":"https://fd6-photos.leclercdrive.fr/image.ashx?id=2523915&use=l&cat=p&typeid=i","cat":303868},{"id":180418,"n":"Pois chiches Sultanines 530g","p":1.63,"u":"3,08 €/KG","img":"https://fd6-photos.leclercdrive.fr/image.ashx?id=2331363&use=l&cat=p&typeid=i","cat":312609},{"id":180432,"n":"Thé noir Twinings vanille x20 - 32g","p":2.67,"u":"83,44 €/KG","img":"https://fd6-photos.leclercdrive.fr/image.ashx?id=2893057&use=l&cat=p&typeid=i","cat":293233},{"id":180433,"n":"Sérum Physiologique  Mercurochrome 30x5ml","p":4.52,"u":"30,13 €/L","img":"https://fd6-photos.leclercdrive.fr/image.ashx?id=2731474&use=l&cat=p&typeid=i","cat":284741},{"id":180444,"n":"Isey Skyr Cheesecake Citron - 400g","p":2.86,"u":"7,15 €/KG","img":"https://fd6-photos.leclercdrive.fr/image.ashx?id=2598618&use=l&cat=p&typeid=i","cat":315000},{"id":180453,"n":"Thé glacé Fuze Tea  Pêche Intense - 6x33cl","p":3.96,"u":"2,00 €/L","img":"https://fd6-photos.leclercdrive.fr/image.ashx?id=2940405&use=l&cat=p&typeid=i","cat":295019},{"id":180458,"n":"Amandes en poudre Vahiné 125g","p":2.94,"u":"23,52 €/KG","img":"https://fd6-photos.leclercdrive.fr/image.ashx?id=2785934&use=l&cat=p&typeid=i","cat":284504},{"id":180491,"n":"Saucisson sec  Gourmets Charcutiers - 100g","p":3.02,"u":"30,20 €/KG","img":"https://fd6-photos.leclercdrive.fr/image.ashx?id=2665370&use=l&cat=p&typeid=i","cat":316007},{"id":180494,"n":"Chorizo Gourmets charcutiers - 100g","p":2.8,"u":"28,00 €/KG","img":"https://fd6-photos.leclercdrive.fr/image.ashx?id=2665376&use=l&cat=p&typeid=i","cat":316007},{"id":180498,"n":"Chips ancienne nature Lay's Sel - 155g","p":1.32,"u":"8,52 €/KG","img":"https://fd6-photos.leclercdrive.fr/image.ashx?id=2996596&use=l&cat=p&typeid=i","cat":284447},{"id":180545,"n":"Serviettes hygiéniques Nana Ultra - Régulier+ - x14","p":2.2,"u":"0,16 €/P","img":"https://fd6-photos.leclercdrive.fr/image.ashx?id=3011881&use=l&cat=p&typeid=i","cat":284624},{"id":180546,"n":"Serviettes Ultra Régulier+ Nana Deo Ailettes Flux modéré - x14","p":2.11,"u":"0,15 €/P","img":"https://fd6-photos.leclercdrive.fr/image.ashx?id=2767225&use=l&cat=p&typeid=i","cat":284624},{"id":180547,"n":"Serviettes hygiéniques Nana Ultra - Régulier- x16","p":2.2,"u":"0,14 €/P","img":"https://fd6-photos.leclercdrive.fr/image.ashx?id=3000860&use=l&cat=p&typeid=i","cat":284624},{"id":180549,"n":"Serviettes Ultra Régulier Nana Deo Ailettes Flux modéré - x28","p":3.64,"u":"0,13 €/P","img":"https://fd6-photos.leclercdrive.fr/image.ashx?id=3005299&use=l&cat=p&typeid=i","cat":284624},{"id":180550,"n":"Serviettes hygiéniques Nana Ultra - Spécial Nuit - x10","p":2.25,"u":"0,23 €/P","img":"https://fd6-photos.leclercdrive.fr/image.ashx?id=2944990&use=l&cat=p&typeid=i","cat":284624},{"id":180551,"n":"Serviettes hygiéniques Nana Ultra - Spécial Nuit - x20","p":2.98,"u":"0,15 €/P","img":"https://fd6-photos.leclercdrive.fr/image.ashx?id=2756401&use=l&cat=p&typeid=i","cat":284624},{"id":180558,"n":"Caffè latte Starbucks 220ml","p":2.0,"u":"9,09 €/L","img":"https://fd6-photos.leclercdrive.fr/image.ashx?id=2679353&use=l&cat=p&typeid=i","cat":295246},{"id":180561,"n":"Cappuccino Starbucks 220ml","p":2.0,"u":"9,09 €/L","img":"https://fd6-photos.leclercdrive.fr/image.ashx?id=2472009&use=l&cat=p&typeid=i","cat":295246},{"id":180562,"n":"Noisette Macchiato Starbucks 220ml","p":2.03,"u":"9,23 €/L","img":"https://fd6-photos.leclercdrive.fr/image.ashx?id=2659160&use=l&cat=p&typeid=i","cat":295246},{"id":180563,"n":"Viande des Grisons Aoste 10 Tranches - 70g","p":4.67,"u":"66,71 €/KG","img":"https://fd6-photos.leclercdrive.fr/image.ashx?id=2939838&use=l&cat=p&typeid=i","cat":316007},{"id":180589,"n":"Serviettes hygiéniques Always Platinum night - T3 - x22","p":5.29,"u":"0,24 €/P","img":"https://fd6-photos.leclercdrive.fr/image.ashx?id=2881518&use=l&cat=p&typeid=i","cat":284624},{"id":180752,"n":"Duo Apéro Espagnol Gourmets Charcutiers - 180g","p":3.89,"u":"21,61 €/KG","img":"https://fd6-photos.leclercdrive.fr/image.ashx?id=2340954&use=l&cat=p&typeid=i","cat":316003},{"id":180754,"n":"Duo Apéro Français Gourmets Charcutiers - 200g","p":3.89,"u":"19,45 €/KG","img":"https://fd6-photos.leclercdrive.fr/image.ashx?id=2340957&use=l&cat=p&typeid=i","cat":316003},{"id":180758,"n":"Duo Apéro Ch'ti Gourmets Charcutiers 200g","p":3.89,"u":"19,45 €/KG","img":"https://fd6-photos.leclercdrive.fr/image.ashx?id=2340948&use=l&cat=p&typeid=i","cat":316003},{"id":180915,"n":"Ciseaux Sensoft ciseaux 13.5cm maped rouge","p":2.31,"img":"https://fd6-photos.leclercdrive.fr/image.ashx?id=2356777&use=l&cat=p&typeid=i","cat":334133},{"id":180916,"n":"Ciseaux Sensoft ciseaux 13.5cm maped bleu","p":2.31,"img":"https://fd6-photos.leclercdrive.fr/image.ashx?id=2356780&use=l&cat=p&typeid=i","cat":334133},{"id":181186,"n":"Stylo plume Esquisse Monstre +2 effaceurs","p":2.64,"img":"https://fd6-photos.leclercdrive.fr/image.ashx?id=2565575&use=l&cat=p&typeid=i","cat":284696},{"id":181187,"n":"Stylo plume Esquisse Géométrique +2 effaceurs","p":2.64,"img":"https://fd6-photos.leclercdrive.fr/image.ashx?id=2378729&use=l&cat=p&typeid=i","cat":334133},{"id":181408,"n":"Cahier 21x29,7cm 96p GC PP Esq Polypropylène-Grands carr-bleu","p":0.75,"img":"https://fd6-photos.leclercdrive.fr/image.ashx?id=2544732&use=l&cat=p&typeid=i","cat":284697},{"id":181409,"n":"Cahier 21x29,7cm 96p GC PP Esq Polypropylène-Grands carr-rouge","p":0.75,"img":"https://fd6-photos.leclercdrive.fr/image.ashx?id=2544735&use=l&cat=p&typeid=i","cat":284697},{"id":181410,"n":"Cahier 21x29,7cm 96p GC PP Esq Polypropylène-Grands carr-vert","p":0.75,"img":"https://fd6-photos.leclercdrive.fr/image.ashx?id=2544738&use=l&cat=p&typeid=i","cat":284697},{"id":181411,"n":"Cahier 21x29,7cm 96p GC PP Esq Polypropylène-Grands carr-jaune","p":0.75,"img":"https://fd6-photos.leclercdrive.fr/image.ashx?id=2544741&use=l&cat=p&typeid=i","cat":284697},{"id":181726,"n":"Bière Blonde Slash Red - 50cl  8% vol.","p":2.03,"u":"4,06 €/L","img":"https://fd6-photos.leclercdrive.fr/image.ashx?id=2341528&use=l&cat=p&typeid=i","cat":334853},{"id":182013,"n":"Café Moulu  Espresso - Méo - 1kg","p":15.25,"u":"15,25 €/KG","img":"https://fd6-photos.leclercdrive.fr/image.ashx?id=2571293&use=l&cat=p&typeid=i","cat":284750},{"id":182041,"n":"Biscuit Délichoc Chocolat au lait - 3x150g","p":5.19,"u":"11,53 €/KG","img":"https://fd6-photos.leclercdrive.fr/image.ashx?id=2673589&use=l&cat=p&typeid=i","cat":284488},{"id":182071,"n":"Croquettes chien Ultima Mini Adulte poulet - 1.35kg","p":5.52,"u":"4,09 €/KG","img":"https://fd6-photos.leclercdrive.fr/image.ashx?id=2926645&use=l&cat=p&typeid=i","cat":294526},{"id":182111,"n":"DOC Prosecco perlino Vin pétillant 37.5cl","p":3.96,"u":"10,56 €/L","img":"https://fd6-photos.leclercdrive.fr/image.ashx?id=2955513&use=l&cat=p&typeid=i","cat":284544},{"id":182152,"n":"Emmental râpé fondant Président 350g","p":3.56,"u":"10,17 €/KG","img":"https://fd6-photos.leclercdrive.fr/image.ashx?id=2490599&use=l&cat=p&typeid=i","cat":314035},{"id":182157,"n":"Dentifrice enfants Bionaia Bio - 50ml","p":1.15,"u":"23,00 €/L","img":"https://fd6-photos.leclercdrive.fr/image.ashx?id=2498837&use=l&cat=p&typeid=i","cat":288898},{"id":182163,"n":"Chips L'Extra Craquante Vico Nature - 440g","p":3.09,"u":"7,02 €/KG","img":"https://fd6-photos.leclercdrive.fr/image.ashx?id=2578166&use=l&cat=p&typeid=i","cat":284447},{"id":182179,"n":"Boisson aux fruits Oasis Tropical - 1,5L","p":2.04,"u":"1,36 €/L","img":"https://fd6-photos.leclercdrive.fr/image.ashx?id=2666698&use=l&cat=p&typeid=i","cat":295018},{"id":182218,"n":"Chips paysanne nature Lay's Sel - 155g","p":1.23,"u":"7,94 €/KG","img":"https://fd6-photos.leclercdrive.fr/image.ashx?id=2818602&use=l&cat=p&typeid=i","cat":284447},{"id":182259,"n":"Chips ancienne nature Lay's Sel format familial - 295g","p":2.44,"u":"8,27 €/KG","img":"https://fd6-photos.leclercdrive.fr/image.ashx?id=2999243&use=l&cat=p&typeid=i","cat":284447},{"id":182260,"n":"Chips paysanne nature Lay's Sel format familial - 295g","p":2.44,"u":"8,27 €/KG","img":"https://fd6-photos.leclercdrive.fr/image.ashx?id=2848716&use=l&cat=p&typeid=i","cat":284447},{"id":182261,"n":"Lay's  Nature - 6x28g","p":1.91,"u":"11,37 €/KG","img":"https://fd6-photos.leclercdrive.fr/image.ashx?id=2996605&use=l&cat=p&typeid=i","cat":284447},{"id":182266,"n":"Shampooing sec Batiste Original - 200ml","p":3.46,"u":"17,30 €/L","img":"https://fd6-photos.leclercdrive.fr/image.ashx?id=2344046&use=l&cat=p&typeid=i","cat":289143},{"id":182267,"n":"Shampooing sec Batiste Blush - 200ml","p":3.59,"u":"17,95 €/L","img":"https://fd6-photos.leclercdrive.fr/image.ashx?id=2630454&use=l&cat=p&typeid=i","cat":289143},{"id":182322,"n":"Chips paysanne nature Lay's Sel - 6x28g","p":2.09,"u":"12,44 €/KG","img":"https://fd6-photos.leclercdrive.fr/image.ashx?id=2818611&use=l&cat=p&typeid=i","cat":284447},{"id":182340,"n":"Lait en poudre Guigoz Optipro 2ème âge - 6-12 mois - 830g","p":15.25,"u":"18,37 €/KG","img":"https://fd6-photos.leclercdrive.fr/image.ashx?id=2737747&use=l&cat=p&typeid=i","cat":284727},{"id":182342,"n":"Lait bébé en poudre Guigoz Gest 2ème âge - 6-12 mois - 830g","p":17.94,"u":"21,61 €/KG","img":"https://fd6-photos.leclercdrive.fr/image.ashx?id=2469478&use=l&cat=p&typeid=i","cat":284727},{"id":182367,"n":"Merguez Halal Al Qassab x6 - 330g","p":5.19,"u":"15,73 €/KG","img":"https://fd6-photos.leclercdrive.fr/image.ashx?id=2346299&use=l&cat=p&typeid=i","cat":284334},{"id":182373,"n":"Skyr Siggi's  Mangue Passion - 2x140g","p":2.16,"u":"7,71 €/KG","img":"https://fd6-photos.leclercdrive.fr/image.ashx?id=2792027&use=l&cat=p&typeid=i","cat":315000},{"id":182392,"n":"Soda Coca-Cola sans sucres Sans caféine - 6x33cl","p":3.84,"u":"1,94 €/L","img":"https://fd6-photos.leclercdrive.fr/image.ashx?id=2997232&use=l&cat=p&typeid=i","cat":284530},{"id":182404,"n":"Bière Hellemus triple Bio - 75cl","p":3.87,"u":"5,16 €/L","img":"https://fd6-photos.leclercdrive.fr/image.ashx?id=2735797&use=l&cat=p&typeid=i","cat":334872},{"id":182465,"n":"Bière sans alcool Tourtel Twist Ananas 0,0° - 6x27,5cl","p":4.65,"u":"2,82 €/L","img":"https://fd6-photos.leclercdrive.fr/image.ashx?id=2684925&use=l&cat=p&typeid=i","cat":334877},{"id":182479,"n":"Huile d'Olive Tramier Vierge  Extra Sans Pesticides 75cl","p":10.42,"u":"13,89 €/L","img":"https://fd6-photos.leclercdrive.fr/image.ashx?id=2647188&use=l&cat=p&typeid=i","cat":284453},{"id":182480,"n":"Lait bébé en poudre Guigoz Gest 1er âge - 0-6 mois - 830g","p":18.06,"u":"21,76 €/KG","img":"https://fd6-photos.leclercdrive.fr/image.ashx?id=2895047&use=l&cat=p&typeid=i","cat":284726},{"id":182524,"n":"Brioch' Bagel La Fournée Dorée x4 - 300g","p":2.38,"u":"7,93 €/KG","img":"https://fd6-photos.leclercdrive.fr/image.ashx?id=2479300&use=l&cat=p&typeid=i","cat":284985},{"id":182752,"n":"Sandwich Mega Club Sodebo  Pain Suédois Jambon ChedD -230g","p":2.38,"u":"10,35 €/KG","img":"https://fd6-photos.leclercdrive.fr/image.ashx?id=2936443&use=l&cat=p&typeid=i","cat":333658},{"id":182783,"n":"Gratin Dauphinois au Jambon Qualité Traiteur - 300g","p":4.8,"u":"16,00 €/KG","img":"https://fd6-photos.leclercdrive.fr/image.ashx?id=2793575&use=l&cat=p&typeid=i","cat":333665},{"id":182799,"n":"Cumin Moulu Ducros 40g","p":2.63,"u":"65,75 €/KG","img":"https://fd6-photos.leclercdrive.fr/image.ashx?id=2983222&use=l&cat=p&typeid=i","cat":298297},{"id":182808,"n":"Croquettes chiens Ultima Mini Senior Agevital - 1.35kg","p":5.39,"u":"3,99 €/KG","img":"https://fd6-photos.leclercdrive.fr/image.ashx?id=2921918&use=l&cat=p&typeid=i","cat":294526},{"id":182820,"n":"Céréales Weetabix original  430g","p":2.93,"u":"6,81 €/KG","img":"https://fd6-photos.leclercdrive.fr/image.ashx?id=2853347&use=l&cat=p&typeid=i","cat":309512},{"id":182833,"n":"Biscuits sablés Guet Apens LU Chocolat noisette - 105g","p":1.92,"u":"18,29 €/KG","img":"https://fd6-photos.leclercdrive.fr/image.ashx?id=3002219&use=l&cat=p&typeid=i","cat":284487},{"id":182856,"n":"Saucisse de Strasbourg Tradilège x6 - 210g","p":1.4,"u":"6,67 €/KG","img":"https://fd6-photos.leclercdrive.fr/image.ashx?id=2349379&use=l&cat=p&typeid=i","cat":316012},{"id":182887,"n":"Fromage à tartiner Boursin Ail & fines herbes - 150g","p":2.29,"u":"15,27 €/KG","img":"https://fd6-photos.leclercdrive.fr/image.ashx?id=2964449&use=l&cat=p&typeid=i","cat":314029},{"id":182888,"n":"Lait bébé poudre Guigoz Optipro 1er âge - 0-6mois - 830g","p":16.34,"u":"19,69 €/KG","img":"https://fd6-photos.leclercdrive.fr/image.ashx?id=2806423&use=l&cat=p&typeid=i","cat":284726},{"id":182910,"n":"Curry thai bio Céréal Bio  Lentilles repas express - 240g","p":2.68,"u":"11,17 €/KG","img":"https://fd6-photos.leclercdrive.fr/image.ashx?id=2664079&use=l&cat=p&typeid=i","cat":287600},{"id":182938,"n":"Sauce crudités Caesar Amora 380ml","p":3.05,"u":"8,03 €/L","img":"https://fd6-photos.leclercdrive.fr/image.ashx?id=2655223&use=l&cat=p&typeid=i","cat":284456},{"id":182939,"n":"Chips Tuiles Pringles Barbecue - 175g","p":2.21,"u":"12,63 €/KG","img":"https://fd6-photos.leclercdrive.fr/image.ashx?id=2662502&use=l&cat=p&typeid=i","cat":287899},{"id":183104,"n":"Nutella Biscuit pâte à tartiner Cacao Noisettes - 207g","p":2.43,"u":"11,74 €/KG","img":"https://fd6-photos.leclercdrive.fr/image.ashx?id=2834035&use=l&cat=p&typeid=i","cat":284488},{"id":183105,"n":"Eau gazeuse San Pellegrino Essenza citron - 6x33cL","p":3.65,"u":"1,84 €/L","img":"https://fd6-photos.leclercdrive.fr/image.ashx?id=2864203&use=l&cat=p&typeid=i","cat":284536},{"id":183106,"n":"Eau gazeuse San Pellegrino Essenza sanguine - 6x33cl","p":3.62,"u":"1,83 €/L","img":"https://fd6-photos.leclercdrive.fr/image.ashx?id=2852010&use=l&cat=p&typeid=i","cat":284536},{"id":183107,"n":"Eau gazeuse San Pellegrino Essenza Pêche melon - 6x33cl","p":3.44,"u":"1,74 €/L","img":"https://fd6-photos.leclercdrive.fr/image.ashx?id=2997292&use=l&cat=p&typeid=i","cat":284536},{"id":183117,"n":"Boisson Citronnade Pulco Saveur Citron et Framboise - 1L","p":1.97,"u":"1,97 €/L","img":"https://fd6-photos.leclercdrive.fr/image.ashx?id=2942266&use=l&cat=p&typeid=i","cat":295018},{"id":183128,"n":"Epinards hachés à la crème  Findus légume - 500g","p":2.32,"u":"4,64 €/KG","img":"https://fd6-photos.leclercdrive.fr/image.ashx?id=3008767&use=l&cat=p&typeid=i","cat":319805},{"id":183129,"n":"Epinards Légumes Findus branches à la crème - 480g","p":2.84,"u":"5,92 €/KG","img":"https://fd6-photos.leclercdrive.fr/image.ashx?id=2937349&use=l&cat=p&typeid=i","cat":319805},{"id":183130,"n":"Epinards hachés Findus À la crème fraîche - 900g","p":3.45,"u":"3,83 €/KG","img":"https://fd6-photos.leclercdrive.fr/image.ashx?id=2904245&use=l&cat=p&typeid=i","cat":319805},{"id":183159,"n":"Pizza Ristorante Dr.Oetker Bolognaise - 375g","p":2.94,"u":"7,84 €/KG","img":"https://fd6-photos.leclercdrive.fr/image.ashx?id=2993071&use=l&cat=p&typeid=i","cat":284256},{"id":183175,"n":"Isey Skyr Framboise Myrtille - 400g","p":2.89,"u":"7,23 €/KG","img":"https://fd6-photos.leclercdrive.fr/image.ashx?id=2598612&use=l&cat=p&typeid=i","cat":315000},{"id":183186,"n":"Isey Skyr Chocolat blanc/Fraise - 400 g","p":3.05,"u":"7,63 €/KG","img":"https://fd6-photos.leclercdrive.fr/image.ashx?id=2354144&use=l&cat=p&typeid=i","cat":315000},{"id":183212,"n":"Madeleines longues Le Ster Sucre - 4x250g","p":4.84,"u":"4,84 €/KG","img":"https://fd6-photos.leclercdrive.fr/image.ashx?id=2827221&use=l&cat=p&typeid=i","cat":284492},{"id":183262,"n":"Sérum Éclat Vitamine C Garnier Anti-taches - 30ml","p":8.59,"u":"286,33 €/L","img":"https://fd6-photos.leclercdrive.fr/image.ashx?id=2908180&use=l&cat=p&typeid=i","cat":325345},{"id":183391,"n":"Fraisoo' bool 200g","p":1.92,"u":"9,60 €/KG","img":"https://fd6-photos.leclercdrive.fr/image.ashx?id=2454172&use=l&cat=p&typeid=i","cat":304250},{"id":183395,"n":"Huile d'olive Puget 75cl","p":10.96,"u":"14,61 €/L","img":"https://fd6-photos.leclercdrive.fr/image.ashx?id=2460925&use=l&cat=p&typeid=i","cat":284453},{"id":183496,"n":"Brocolis fleurette Notre Jardin 900g","p":1.99,"u":"2,21 €/KG","img":"https://fd6-photos.leclercdrive.fr/image.ashx?id=2873165&use=l&cat=p&typeid=i","cat":319805},{"id":183523,"n":"Rexona Déodorant Femme Spray   72H Musc 200ml","p":3.72,"u":"18,60 €/L","img":"https://fd6-photos.leclercdrive.fr/image.ashx?id=2850312&use=l&cat=p&typeid=i","cat":284595},{"id":183839,"n":"Mélange à l'espagnole Ducros 48g","p":1.92,"u":"40,00 €/KG","img":"https://fd6-photos.leclercdrive.fr/image.ashx?id=2559508&use=l&cat=p&typeid=i","cat":298297},{"id":183840,"n":"Curcuma moulu Ducros 45g","p":2.32,"u":"51,56 €/KG","img":"https://fd6-photos.leclercdrive.fr/image.ashx?id=2486644&use=l&cat=p&typeid=i","cat":298297},{"id":183848,"n":"Dissolvant Maybelline New York Express sans acétone - 125ml","p":3.2,"u":"25,60 €/L","img":"https://fd6-photos.leclercdrive.fr/image.ashx?id=2358123&use=l&cat=p&typeid=i","cat":325347},{"id":183854,"n":"Déodorant Rexona Men anti transpirant Cobalt Dry - 200ml","p":3.97,"u":"19,85 €/L","img":"https://fd6-photos.leclercdrive.fr/image.ashx?id=2858711&use=l&cat=p&typeid=i","cat":284618},{"id":183856,"n":"Yaourt Gourmand Mamie Nova Mandarine Citron x2 - 300g","p":1.43,"u":"4,77 €/KG","img":"https://fd6-photos.leclercdrive.fr/image.ashx?id=2879053&use=l&cat=p&typeid=i","cat":284410},{"id":183858,"n":"Coeur de Liégeois Mamie Nova Cappuccino x2 - 240g","p":1.81,"u":"7,54 €/KG","img":"https://fd6-photos.leclercdrive.fr/image.ashx?id=2909026&use=l&cat=p&typeid=i","cat":285042},{"id":183862,"n":"Bloc WC Bref Brilliant Gel Toilettes propres - 42g x1","p":2.18,"u":"51,90 €/KG","img":"https://fd6-photos.leclercdrive.fr/image.ashx?id=2976782&use=l&cat=p&typeid=i","cat":284662},{"id":183866,"n":"Dentifrice blancheur Colgate Max white one - 75ml","p":2.78,"u":"37,07 €/L","img":"https://fd6-photos.leclercdrive.fr/image.ashx?id=2767255&use=l&cat=p&typeid=i","cat":284612},{"id":183877,"n":"Désodorisant diffuseur Airwick  Electrique Vanille - 19ml","p":4.02,"u":"211,58 €/L","img":"https://fd6-photos.leclercdrive.fr/image.ashx?id=2768237&use=l&cat=p&typeid=i","cat":311629},{"id":183907,"n":"Dentifrice blancheur Colgate Max white optic - 75ml","p":2.78,"u":"37,07 €/L","img":"https://fd6-photos.leclercdrive.fr/image.ashx?id=2738395&use=l&cat=p&typeid=i","cat":284612},{"id":183913,"n":"Crème dépilatoire Zones Intimes Veet Men 100+50ml","p":7.13,"u":"47,53 €/L","img":"https://fd6-photos.leclercdrive.fr/image.ashx?id=2964971&use=l&cat=p&typeid=i","cat":284617},{"id":184009,"n":"Gel WC Canard Forêt Aquatique - 750ml","p":2.33,"u":"3,11 €/L","img":"https://fd6-photos.leclercdrive.fr/image.ashx?id=2746313&use=l&cat=p&typeid=i","cat":284662},{"id":184096,"n":"Barre de céréales Trésor Stix Chocolat noisettes - 5x20,5g","p":2.44,"u":"23,92 €/KG","img":"https://fd6-photos.leclercdrive.fr/image.ashx?id=2358647&use=l&cat=p&typeid=i","cat":284488},{"id":184141,"n":"Desserts Lactés P'TIT BRASSE Mangue 6M+ - 4x90g","p":2.1,"u":"5,83 €/KG","img":"https://fd6-photos.leclercdrive.fr/image.ashx?id=2594226&use=l&cat=p&typeid=i","cat":312392},{"id":184142,"n":"Desserts Lactés P'TIT BRASSE Fruits rouges 6M+ - 4x90g","p":2.33,"u":"6,47 €/KG","img":"https://fd6-photos.leclercdrive.fr/image.ashx?id=2599943&use=l&cat=p&typeid=i","cat":312392},{"id":184143,"n":"Desserts Lactés P'TIT BRASSE Fraise banane 6M+ - 4x90g","p":2.14,"u":"5,94 €/KG","img":"https://fd6-photos.leclercdrive.fr/image.ashx?id=2594229&use=l&cat=p&typeid=i","cat":312392},{"id":184148,"n":"Biscuits croquants Délichoc Chocolat au lait - 150g","p":1.72,"u":"11,47 €/KG","img":"https://fd6-photos.leclercdrive.fr/image.ashx?id=2867365&use=l&cat=p&typeid=i","cat":284488},{"id":184181,"n":"Purée mangue bébé Good Goût bio - 120g - dès 4 mois","p":1.53,"u":"12,75 €/KG","img":"https://fd6-photos.leclercdrive.fr/image.ashx?id=2640707&use=l&cat=p&typeid=i","cat":312387},{"id":184182,"n":"Purée poire bébé Good Goût bio - 120g - dès 4 mois","p":1.6,"u":"13,33 €/L","img":"https://fd6-photos.leclercdrive.fr/image.ashx?id=2640043&use=l&cat=p&typeid=i","cat":312387},{"id":184184,"n":"Couette unie Tissaïa Basics Blanc - 240x220cm","p":19.94,"u":"Dont 0,60 € d'éco-part.","img":"https://fd6-photos.leclercdrive.fr/image.ashx?id=2361140&use=l&cat=p&typeid=i","cat":288835},{"id":184188,"n":"Couette unie Tissaïa Basics Blanc - 200x200cm","p":14.98,"u":"Dont 0,40 € d'éco-part.","img":"https://fd6-photos.leclercdrive.fr/image.ashx?id=2361137&use=l&cat=p&typeid=i","cat":288835},{"id":184190,"n":"Couette unie Tissaïa Basics Blanc - 140x200cm","p":9.98,"u":"Dont 0,40 € d'éco-part.","img":"https://fd6-photos.leclercdrive.fr/image.ashx?id=2361134&use=l&cat=p&typeid=i","cat":288835},{"id":184192,"n":"Purée fraise banane bébé Good Goût bio - 120g - dès 4 mois","p":1.49,"u":"12,42 €/KG","img":"https://fd6-photos.leclercdrive.fr/image.ashx?id=2640046&use=l&cat=p&typeid=i","cat":312387},{"id":184207,"n":"Lait de suite Hipp Biologique  Bio 600g - 10 mois à 3 ans","p":10.44,"u":"17,40 €/KG","img":"https://fd6-photos.leclercdrive.fr/image.ashx?id=2926825&use=l&cat=p&typeid=i","cat":290219},{"id":184208,"n":"Echalote Ducros  1ère Saveur - 10g","p":2.85,"u":"285,00 €/KG","img":"https://fd6-photos.leclercdrive.fr/image.ashx?id=2490506&use=l&cat=p&typeid=i","cat":298297},{"id":184214,"n":"Oreiller Tissaïa Basics Blanc - 60x60cm","p":4.48,"u":"Dont 0,20 € d'éco-part.","img":"https://fd6-photos.leclercdrive.fr/image.ashx?id=2361143&use=l&cat=p&typeid=i","cat":288835},{"id":184353,"n":"Soda Coca-Cola Vanille Canette - Pack 6x33CL","p":4.66,"u":"2,35 €/L","img":"https://fd6-photos.leclercdrive.fr/image.ashx?id=2997238&use=l&cat=p&typeid=i","cat":284530},{"id":184354,"n":"Boisson energisante Monster juiced Monarch 50cl","p":1.6,"u":"3,20 €/L","img":"https://fd6-photos.leclercdrive.fr/image.ashx?id=2759041&use=l&cat=p&typeid=i","cat":284533},{"id":184393,"n":"Gousses de vanille Vahiné En poudre sucrées - 8g","p":4.86,"u":"607,50 €/KG","img":"https://fd6-photos.leclercdrive.fr/image.ashx?id=2490587&use=l&cat=p&typeid=i","cat":284504},{"id":184396,"n":"Vanille en poudre Vahiné - 5g","p":7.55,"img":"https://fd6-photos.leclercdrive.fr/image.ashx?id=2559856&use=l&cat=p&typeid=i","cat":284504},{"id":184406,"n":"Romarin de Provence Ducros - 18g","p":2.32,"u":"128,89 €/KG","img":"https://fd6-photos.leclercdrive.fr/image.ashx?id=2486614&use=l&cat=p&typeid=i","cat":298297},{"id":184411,"n":"Croquettes chiens Ultima mini stérilisé poulet - 1,35kg","p":5.59,"u":"4,14 €/KG","img":"https://fd6-photos.leclercdrive.fr/image.ashx?id=2902184&use=l&cat=p&typeid=i","cat":294526},{"id":184427,"n":"Thé glacé Oasis Ice Tea Saveur Pêche - 1,5L","p":1.72,"u":"1,15 €/L","img":"https://fd6-photos.leclercdrive.fr/image.ashx?id=2688836&use=l&cat=p&typeid=i","cat":295019},{"id":184432,"n":"Boisson orange brick Eco+ - 6x20cl","p":1.41,"u":"1,18 €/L","img":"https://fd6-photos.leclercdrive.fr/image.ashx?id=2863096&use=l&cat=p&typeid=i","cat":284521},{"id":184490,"n":"Sardine Parmentier  Sauce Arrabiata - 135g","p":1.54,"u":"11,41 €/KG","img":"https://fd6-photos.leclercdrive.fr/image.ashx?id=2961840&use=l&cat=p&typeid=i","cat":305146},{"id":184540,"n":"Fromage Fouetté Nature à tartiner Les Croisés - 150g","p":1.41,"u":"9,40 €/KG","img":"https://fd6-photos.leclercdrive.fr/image.ashx?id=2933452&use=l&cat=p&typeid=i","cat":314029},{"id":184548,"n":"Dessert Liégeois Délisse Café noisette - 4x100g","p":1.39,"u":"3,48 €/KG","img":"https://fd6-photos.leclercdrive.fr/image.ashx?id=2602370&use=l&cat=p&typeid=i","cat":285042},{"id":184553,"n":"Blocs WC Syphon fraîcheur marine x2 - 110g","p":2.0,"u":"18,18 €/KG","img":"https://fd6-photos.leclercdrive.fr/image.ashx?id=2670359&use=l&cat=p&typeid=i","cat":284662},{"id":184555,"n":"Blocs WC Syphon fraîcheur pin - x2","p":2.09,"u":"1,05 €/P","img":"https://fd6-photos.leclercdrive.fr/image.ashx?id=2670362&use=l&cat=p&typeid=i","cat":284662},{"id":184559,"n":"Liquide vaisselle Paic Eucalyptus - 750ml","p":2.03,"u":"2,71 €/L","img":"https://fd6-photos.leclercdrive.fr/image.ashx?id=2363243&use=l&cat=p&typeid=i","cat":284655},{"id":184561,"n":"Glaces Kinder Bueno x4 noisettes chocolat blanc - 248g","p":3.92,"u":"15,81 €/KG","img":"https://fd6-photos.leclercdrive.fr/image.ashx?id=2759071&use=l&cat=p&typeid=i","cat":284264},{"id":184566,"n":"Boisson végétale Bio Village Noisette bio - 1l","p":1.87,"u":"1,87 €/L","img":"https://fd6-photos.leclercdrive.fr/image.ashx?id=2362504&use=l&cat=p&typeid=i","cat":316067},{"id":184569,"n":"Muesli croustillant Bio Village Bio Chocolat - 500g","p":3.72,"u":"7,44 €/KG","img":"https://fd6-photos.leclercdrive.fr/image.ashx?id=2559984&use=l&cat=p&typeid=i","cat":309512},{"id":184570,"n":"Muesli croustillant Bio village 3 noix Bio - 500g","p":3.36,"u":"6,72 €/KG","img":"https://fd6-photos.leclercdrive.fr/image.ashx?id=2591488&use=l&cat=p&typeid=i","cat":309512},{"id":184571,"n":"Sauce barbecue Amora 285g","p":1.73,"u":"6,07 €/KG","img":"https://fd6-photos.leclercdrive.fr/image.ashx?id=3004447&use=l&cat=p&typeid=i","cat":318431},{"id":184584,"n":"Brumisateur Evian - 400ml","p":4.06,"u":"10,15 €/L","img":"https://fd6-photos.leclercdrive.fr/image.ashx?id=2363431&use=l&cat=p&typeid=i","cat":290295},{"id":184829,"n":"Fines herbes Ducros Première saveur - 16g","p":3.07,"u":"191,88 €/KG","img":"https://fd6-photos.leclercdrive.fr/image.ashx?id=2486626&use=l&cat=p&typeid=i","cat":298297},{"id":184834,"n":"Macédoine fruits confits Vahiné 150g","p":2.57,"u":"17,13 €/KG","img":"https://fd6-photos.leclercdrive.fr/image.ashx?id=2490569&use=l&cat=p&typeid=i","cat":284504},{"id":184878,"n":"Cahier Esquisse 96 pages Vert - 24x32cm","p":0.8,"img":"https://fd6-photos.leclercdrive.fr/image.ashx?id=2544756&use=l&cat=p&typeid=i","cat":284697},{"id":184879,"n":"Cahier Esquisse 96 pages Rouge - 24x32cm","p":0.8,"img":"https://fd6-photos.leclercdrive.fr/image.ashx?id=2544759&use=l&cat=p&typeid=i","cat":284697},{"id":184880,"n":"Cahier Esquisse 96 pages Bleu - 24x32cm","p":0.8,"img":"https://fd6-photos.leclercdrive.fr/image.ashx?id=2544762&use=l&cat=p&typeid=i","cat":284697},{"id":184881,"n":"Cahier Esquisse 96 pages Jaune - 24x32cm","p":0.8,"img":"https://fd6-photos.leclercdrive.fr/image.ashx?id=2544765&use=l&cat=p&typeid=i","cat":284697},{"id":184926,"n":"Sugo alla bolognese 340g","p":2.75,"u":"8,09 €/KG","img":"https://fd6-photos.leclercdrive.fr/image.ashx?id=2840022&use=l&cat=p&typeid=i","cat":287599},{"id":184927,"n":"Sugo alle olive 340g","p":1.86,"u":"5,47 €/KG","img":"https://fd6-photos.leclercdrive.fr/image.ashx?id=2840028&use=l&cat=p&typeid=i","cat":288384},{"id":184928,"n":"Sauce Tradizioni d'Italia Arrabbiata - 340g","p":1.86,"u":"5,47 €/KG","img":"https://fd6-photos.leclercdrive.fr/image.ashx?id=2840031&use=l&cat=p&typeid=i","cat":288384},{"id":184959,"n":"Moules du Pacifique ASC Costa 800g","p":8.93,"u":"11,16 €/KG","img":"https://fd6-photos.leclercdrive.fr/image.ashx?id=2741135&use=l&cat=p&typeid=i","cat":319787},{"id":184996,"n":"Infusion verveine Elephant Menthe, bio - x20","p":2.11,"u":"81,15 €/KG","img":"https://fd6-photos.leclercdrive.fr/image.ashx?id=2507578&use=l&cat=p&typeid=i","cat":293234},{"id":185165,"n":"Skyr Yoplait  Coco 1%Mg - 4x100g","p":1.99,"u":"4,98 €/KG","img":"https://fd6-photos.leclercdrive.fr/image.ashx?id=2884459&use=l&cat=p&typeid=i","cat":315000},{"id":185166,"n":"Skyr Yoplait  Vanille 0%MG - 4x100G","p":1.99,"u":"4,98 €/KG","img":"https://fd6-photos.leclercdrive.fr/image.ashx?id=2884456&use=l&cat=p&typeid=i","cat":315000},{"id":185233,"n":"Dentifrice Signal Integral 8 Nature Elements 2x75ml","p":3.62,"u":"24,13 €/L","img":"https://fd6-photos.leclercdrive.fr/image.ashx?id=2637616&use=l&cat=p&typeid=i","cat":284612},{"id":185276,"n":"Soufflés Donuts Curly Cacahuètes caramélisées - 160g","p":1.74,"u":"10,88 €/KG","img":"https://fd6-photos.leclercdrive.fr/image.ashx?id=2373125&use=l&cat=p&typeid=i","cat":284449},{"id":185334,"n":"Chaussée aux Moines 340g + 30% offert","p":3.19,"u":"7,22 €/KG","img":"https://fd6-photos.leclercdrive.fr/image.ashx?id=2794331&use=l&cat=p&typeid=i","cat":329184},{"id":185443,"n":"Thé vert citron Yate x25 - 37,5g","p":0.79,"u":"20,79 €/KG","img":"https://fd6-photos.leclercdrive.fr/image.ashx?id=2646008&use=l&cat=p&typeid=i","cat":293233},{"id":185460,"n":"Crème dessert La Laitière  Frais Fondant vanille - 4x115g","p":2.08,"u":"4,52 €/KG","img":"https://fd6-photos.leclercdrive.fr/image.ashx?id=2674548&use=l&cat=p&typeid=i","cat":285041},{"id":185494,"n":"Herbes de provence Ducros 35g","p":3.15,"u":"90,00 €/KG","img":"https://fd6-photos.leclercdrive.fr/image.ashx?id=2559505&use=l&cat=p&typeid=i","cat":298297},{"id":185508,"n":"Biscuits fourrés BN  Vanille - 285g","p":1.65,"u":"5,79 €/KG","img":"https://fd6-photos.leclercdrive.fr/image.ashx?id=2475005&use=l&cat=p&typeid=i","cat":284488},{"id":185768,"n":"Riz forestière individuel William Saurin - 300g","p":3.29,"u":"10,97 €/KG","img":"https://fd6-photos.leclercdrive.fr/image.ashx?id=2528726&use=l&cat=p&typeid=i","cat":284953},{"id":185789,"n":"Myrtilles Panier du Primeur 125g","p":1.89,"u":"15,12 €/KG","img":"https://fd6-photos.leclercdrive.fr/image.ashx?id=2375773&use=l&cat=p&typeid=i","cat":284356},{"id":185831,"n":"Préparation Gâteau alsa Moelleux Marbré - 435g","p":2.19,"u":"5,03 €/KG","img":"https://fd6-photos.leclercdrive.fr/image.ashx?id=2996428&use=l&cat=p&typeid=i","cat":284505},{"id":185840,"n":"RECH SPRAY AUTO BIEN AIR AGRUMES 250ML","p":2.39,"u":"9,56 €/L","img":"https://fd6-photos.leclercdrive.fr/image.ashx?id=2531104&use=l&cat=p&typeid=i","cat":311629},{"id":185841,"n":"Cornichons extra fins Rustica 6 aromates - 550g","p":3.1,"u":"5,64 €/KG","img":"https://fd6-photos.leclercdrive.fr/image.ashx?id=2916728&use=l&cat=p&typeid=i","cat":284458},{"id":185842,"n":"Soufflés Snack's Tokapi  Cacahuète - 160g","p":0.72,"u":"4,50 €/KG","img":"https://fd6-photos.leclercdrive.fr/image.ashx?id=2864942&use=l&cat=p&typeid=i","cat":284449},{"id":185853,"n":"Bière Kasteel Donker 11° 75cl","p":4.87,"u":"6,49 €/L","img":"https://fd6-photos.leclercdrive.fr/image.ashx?id=3000839&use=l&cat=p&typeid=i","cat":334872},{"id":185999,"n":"Boisson végétale Bio Village Riz nature bio - 1l","p":1.65,"u":"1,65 €/L","img":"https://fd6-photos.leclercdrive.fr/image.ashx?id=2601016&use=l&cat=p&typeid=i","cat":316067},{"id":186002,"n":"Porto blanc Dorrao 18%vol - 75cl","p":6.07,"u":"8,09 €/L","img":"https://fd6-photos.leclercdrive.fr/image.ashx?id=2901488&use=l&cat=p&typeid=i","cat":284913},{"id":186043,"n":"Lardons Nature Herta  Sans nitrite - 2x75g","p":1.89,"u":"12,60 €/KG","img":"https://fd6-photos.leclercdrive.fr/image.ashx?id=2785802&use=l&cat=p&typeid=i","cat":316011},{"id":186051,"n":"Gel WC Désinfectant Canard Action Intense Marine - 750ml","p":1.36,"u":"1,81 €/L","img":"https://fd6-photos.leclercdrive.fr/image.ashx?id=2929473&use=l&cat=p&typeid=i","cat":284662},{"id":186055,"n":"Boisson énergisante Red Bull Goût Pastèque, 250ml","p":1.21,"u":"4,84 €/L","img":"https://fd6-photos.leclercdrive.fr/image.ashx?id=2471655&use=l&cat=p&typeid=i","cat":284533},{"id":186056,"n":"Boisson énergisante Red Bull Goût Coco-Acaï, 250ml","p":1.32,"u":"5,28 €/L","img":"https://fd6-photos.leclercdrive.fr/image.ashx?id=2471658&use=l&cat=p&typeid=i","cat":284533},{"id":186154,"n":"Oignons frits 55g","p":1.68,"u":"33,60 €/KG","img":"https://fd6-photos.leclercdrive.fr/image.ashx?id=2734045&use=l&cat=p&typeid=i","cat":298297},{"id":186258,"n":"Lessive Capsules Tout-en-1 Skip Fraîcheur Intense x26 Capsules","p":12.17,"u":"22,09 €/KG","img":"https://fd6-photos.leclercdrive.fr/image.ashx?id=2978934&use=l&cat=p&typeid=i","cat":284641},{"id":186260,"n":"Lessive Capsules Skip Tout-en-1 Active Clean x26","p":9.37,"u":"17,01 €/KG","img":"https://fd6-photos.leclercdrive.fr/image.ashx?id=2940651&use=l&cat=p&typeid=i","cat":284641},{"id":186263,"n":"Lessive Capsules Tout-en-1 Skip Fraîcheur Intense 38 Lavages","p":14.69,"u":"18,23 €/KG","img":"https://fd6-photos.leclercdrive.fr/image.ashx?id=2929236&use=l&cat=p&typeid=i","cat":284641},{"id":186296,"n":"Lessive Capsules Skip Tout-en-1 Active Clean x38","p":13.98,"u":"17,34 €/KG","img":"https://fd6-photos.leclercdrive.fr/image.ashx?id=2757114&use=l&cat=p&typeid=i","cat":284641},{"id":186297,"n":"Lessive Capsules Tout-en-1 Skip Peaux Sensibles & Bébé x38","p":13.77,"u":"17,08 €/KG","img":"https://fd6-photos.leclercdrive.fr/image.ashx?id=2757111&use=l&cat=p&typeid=i","cat":284641},{"id":186393,"n":"Felix Naturally Delicious Poulet - 100g","p":3.13,"u":"31,30 €/KG","img":"https://fd6-photos.leclercdrive.fr/image.ashx?id=2617477&use=l&cat=p&typeid=i","cat":285285},{"id":186394,"n":"Felix Naturally Delicious Saumon - 100g","p":3.46,"u":"34,60 €/KG","img":"https://fd6-photos.leclercdrive.fr/image.ashx?id=2447214&use=l&cat=p&typeid=i","cat":285285},{"id":186467,"n":"Mayonnaise Comme à la maison Bénédicta - Bocal - 255g","p":1.95,"u":"7,65 €/KG","img":"https://fd6-photos.leclercdrive.fr/image.ashx?id=2629265&use=l&cat=p&typeid=i","cat":298295},{"id":186481,"n":"Sachet repas chat stérilisé  Poulet/Boeuf/Thon/Poiss - 4x85g","p":2.77,"u":"32,59 €/KG","img":"https://fd6-photos.leclercdrive.fr/image.ashx?id=2985636&use=l&cat=p&typeid=i","cat":285286},{"id":186497,"n":"Capsules café L'Or Espresso Saveur Caramel x10","p":3.6,"u":"69,23 €/KG","img":"https://fd6-photos.leclercdrive.fr/image.ashx?id=2387049&use=l&cat=p&typeid=i","cat":293241},{"id":186502,"n":"Sachet Chat Stérilisé Ultima Poulet, Dinde, Saumon - 4x85g","p":2.66,"u":"31,29 €/KG","img":"https://fd6-photos.leclercdrive.fr/image.ashx?id=2985633&use=l&cat=p&typeid=i","cat":285286},{"id":186548,"n":"Bougie Floral 30h Bien Air","p":2.34,"img":"https://fd6-photos.leclercdrive.fr/image.ashx?id=2399767&use=l&cat=p&typeid=i","cat":284666},{"id":186652,"n":"Boisson végétale soja Alpro  macchiato - 1L","p":2.0,"u":"2,00 €/L","img":"https://fd6-photos.leclercdrive.fr/image.ashx?id=2981665&use=l&cat=p&typeid=i","cat":316067},{"id":186653,"n":"Boisson végétale soja Alpro  banane - 1 L","p":2.53,"u":"2,53 €/L","img":"https://fd6-photos.leclercdrive.fr/image.ashx?id=2981668&use=l&cat=p&typeid=i","cat":316067},{"id":186657,"n":"Crème dessert Delisse Chocolat - 6x125g","p":1.42,"u":"1,89 €/KG","img":"https://fd6-photos.leclercdrive.fr/image.ashx?id=2441492&use=l&cat=p&typeid=i","cat":285041},{"id":186659,"n":"Crème dessert Delisse Vanille - 6x125g","p":1.33,"u":"1,77 €/KG","img":"https://fd6-photos.leclercdrive.fr/image.ashx?id=2441498&use=l&cat=p&typeid=i","cat":285041},{"id":186661,"n":"Crème dessert Delisse Caramel - 6x125g","p":1.39,"u":"1,85 €/KG","img":"https://fd6-photos.leclercdrive.fr/image.ashx?id=2441504&use=l&cat=p&typeid=i","cat":285041},{"id":186686,"n":"Déodorant stick Homme Mennen Marine Sans Alcool - 60ml","p":3.2,"u":"53,33 €/L","img":"https://fd6-photos.leclercdrive.fr/image.ashx?id=2869107&use=l&cat=p&typeid=i","cat":284618},{"id":186688,"n":"Déodorant stick Homme Mennen Sans Alcool Anti-Traces - 60ml","p":3.2,"u":"53,33 €/L","img":"https://fd6-photos.leclercdrive.fr/image.ashx?id=2869110&use=l&cat=p&typeid=i","cat":284618},{"id":186717,"n":"Anti-transpirant 72h Rexona Men Cobalt Dry - Lot de 2","p":7.94,"u":"3,97 €/P","img":"https://fd6-photos.leclercdrive.fr/image.ashx?id=2944476&use=l&cat=p&typeid=i","cat":284618},{"id":186777,"n":"Cartouche d'encre Epson 603 Multipack 4 couleurs","p":41.17,"u":"Dont 0,05 € d'éco-part.","img":"https://fd6-photos.leclercdrive.fr/image.ashx?id=2391873&use=l&cat=p&typeid=i","cat":316445},{"id":186853,"n":"Lessive Capsules Tout-en-1 Skip Touche de Cajoline 24 Lavages","p":10.64,"u":"20,90 €/KG","img":"https://fd6-photos.leclercdrive.fr/image.ashx?id=2956688&use=l&cat=p&typeid=i","cat":284641},{"id":186857,"n":"Lessive Capsules Skip Tout-en-1 Cajoline 36 Lavages","p":13.98,"u":"18,32 €/KG","img":"https://fd6-photos.leclercdrive.fr/image.ashx?id=2929239&use=l&cat=p&typeid=i","cat":284641},{"id":186865,"n":"Vipera bière biologique - 75cl Brasserie De Sutter","p":4.67,"u":"6,23 €/L","img":"https://fd6-photos.leclercdrive.fr/image.ashx?id=2391551&use=l&cat=p&typeid=i","cat":334852},{"id":186869,"n":"Préparation pour moelleux  Tablier Blanc - 435g","p":1.94,"u":"4,46 €/KG","img":"https://fd6-photos.leclercdrive.fr/image.ashx?id=2982688&use=l&cat=p&typeid=i","cat":284504},{"id":186870,"n":"Préparation pour moelleux Tablier Blanc citron - 435g","p":1.97,"u":"4,53 €/KG","img":"https://fd6-photos.leclercdrive.fr/image.ashx?id=2487497&use=l&cat=p&typeid=i","cat":284504},{"id":186884,"n":"Yaourt à la fraise Bonne Maman 250g","p":1.87,"u":"7,48 €/KG","img":"https://fd6-photos.leclercdrive.fr/image.ashx?id=2546644&use=l&cat=p&typeid=i","cat":284410},{"id":186885,"n":"Yaourt à la framboise  Bonne Maman - 250g","p":1.79,"u":"7,16 €/KG","img":"https://fd6-photos.leclercdrive.fr/image.ashx?id=2578247&use=l&cat=p&typeid=i","cat":284410},{"id":186920,"n":"Tuiles Monster Munch Crazy Original - 150g","p":1.9,"u":"12,67 €/KG","img":"https://fd6-photos.leclercdrive.fr/image.ashx?id=2921735&use=l&cat=p&typeid=i","cat":287899},{"id":186923,"n":"Tuiles Monster Munch  Crazy crème oignon - 150g","p":1.9,"u":"12,67 €/KG","img":"https://fd6-photos.leclercdrive.fr/image.ashx?id=2916881&use=l&cat=p&typeid=i","cat":287899},{"id":186926,"n":"Tuiles Monster Munch Crazy paprika - 150g","p":1.9,"u":"12,67 €/KG","img":"https://fd6-photos.leclercdrive.fr/image.ashx?id=2955339&use=l&cat=p&typeid=i","cat":287899},{"id":187029,"n":"Coton-tiges ouatés Inell Boîte - x300 bâtonnets","p":0.73,"img":"https://fd6-photos.leclercdrive.fr/image.ashx?id=2824301&use=l&cat=p&typeid=i","cat":284636},{"id":187059,"n":"Champignon Émincé Bonduelle Sans Sulfite, Sans Additif 230g","p":1.26,"u":"5,48 €/KG","img":"https://fd6-photos.leclercdrive.fr/image.ashx?id=2913118&use=l&cat=p&typeid=i","cat":312610},{"id":187126,"n":"Crunch Chocolat Noël Moulage Renne - 88g","p":2.99,"u":"33,98 €/KG","img":"https://fd6-photos.leclercdrive.fr/image.ashx?id=2394096&use=l&cat=p&typeid=i","cat":327592},{"id":187241,"n":"Savon Le Petit Marseillais  Solide amande douce - 2x100g","p":1.83,"u":"9,15 €/KG","img":"https://fd6-photos.leclercdrive.fr/image.ashx?id=2684203&use=l&cat=p&typeid=i","cat":284597},{"id":187287,"n":"Desserts Lactés P'TIT BRASSE Banane pêche 6M+ - 4x90g","p":2.14,"u":"5,94 €/KG","img":"https://fd6-photos.leclercdrive.fr/image.ashx?id=2616252&use=l&cat=p&typeid=i","cat":312392},{"id":187288,"n":"Desserts Lactés P'TIT BRASSE Poire SSA 6M+ - 4x90g","p":2.33,"u":"6,47 €/KG","img":"https://fd6-photos.leclercdrive.fr/image.ashx?id=2593050&use=l&cat=p&typeid=i","cat":312392},{"id":187330,"n":"Porto Tawny Dorrao 18°C - 75cl","p":6.42,"u":"8,56 €/L","img":"https://fd6-photos.leclercdrive.fr/image.ashx?id=2869877&use=l&cat=p&typeid=i","cat":284913},{"id":187342,"n":"Bûche Nestlé 3 Chocolats 540g","p":6.6,"u":"12,22 €/KG","img":"https://fd6-photos.leclercdrive.fr/image.ashx?id=2936713&use=l&cat=p&typeid=i","cat":284266},{"id":187343,"n":"Bûche Pilpa Exquise 3 Chocolats - 535g","p":5.27,"u":"9,85 €/KG","img":"https://fd6-photos.leclercdrive.fr/image.ashx?id=2751027&use=l&cat=p&typeid=i","cat":284266},{"id":187344,"n":"Bûche Pilpa Caramel beurre salé - 535g","p":5.27,"u":"9,85 €/KG","img":"https://fd6-photos.leclercdrive.fr/image.ashx?id=2751036&use=l&cat=p&typeid=i","cat":284266},{"id":187347,"n":"Bûchettes Pilpa Les délices Pistache Chocolat Café x6 348g","p":3.1,"u":"8,91 €/KG","img":"https://fd6-photos.leclercdrive.fr/image.ashx?id=2395921&use=l&cat=p&typeid=i","cat":284266},{"id":187348,"n":"Bûchettes Pilpa Les Délices Fraise Vanille Chocolat x6 354g","p":3.1,"u":"8,76 €/KG","img":"https://fd6-photos.leclercdrive.fr/image.ashx?id=2395930&use=l&cat=p&typeid=i","cat":284266},{"id":187355,"n":"Bûche Signature Eskiss Nougat - 487g","p":5.59,"u":"11,48 €/KG","img":"https://fd6-photos.leclercdrive.fr/image.ashx?id=2791365&use=l&cat=p&typeid=i","cat":284266},{"id":187356,"n":"Bûche Signature Eskiss Coco Mangue - 476g","p":5.59,"u":"11,74 €/KG","img":"https://fd6-photos.leclercdrive.fr/image.ashx?id=2791368&use=l&cat=p&typeid=i","cat":284266},{"id":187357,"n":"Bûche Signature Eskiss Vanille Caramel - 490g","p":5.59,"u":"11,41 €/KG","img":"https://fd6-photos.leclercdrive.fr/image.ashx?id=2974828&use=l&cat=p&typeid=i","cat":284266},{"id":187358,"n":"Bûche Signature Eskiss Façon rocher - 501g","p":5.59,"u":"11,16 €/KG","img":"https://fd6-photos.leclercdrive.fr/image.ashx?id=2791374&use=l&cat=p&typeid=i","cat":284266},{"id":187365,"n":"Desserts Lactés P'TIT BRASSE Nature 6M+ - 4x90g","p":2.21,"u":"6,14 €/KG","img":"https://fd6-photos.leclercdrive.fr/image.ashx?id=2594223&use=l&cat=p&typeid=i","cat":312392},{"id":187387,"n":"Truite fumée de France Labeyrie 4 tranches - 120g","p":3.5,"u":"29,17 €/KG","img":"https://fd6-photos.leclercdrive.fr/image.ashx?id=2803535&use=l&cat=p&typeid=i","cat":285188},{"id":187393,"n":"Assortiment chocolats belges Equador - 195g","p":5.15,"u":"26,41 €/KG","img":"https://fd6-photos.leclercdrive.fr/image.ashx?id=3004115&use=l&cat=p&typeid=i","cat":327595},{"id":187395,"n":"Tortellini Lustucru Selection  Poulet Crème 300g","p":2.33,"u":"7,77 €/KG","img":"https://fd6-photos.leclercdrive.fr/image.ashx?id=2975212&use=l&cat=p&typeid=i","cat":333682},{"id":187403,"n":"Feuilletés Jambon Fromage Eco+ x10 - 650g","p":2.63,"u":"4,05 €/KG","img":"https://fd6-photos.leclercdrive.fr/image.ashx?id=2814851&use=l&cat=p&typeid=i","cat":319776},{"id":187405,"n":"Petits pois très fins Notre Jardin - 1kg","p":1.79,"img":"https://fd6-photos.leclercdrive.fr/image.ashx?id=2900166&use=l&cat=p&typeid=i","cat":319805},{"id":187448,"n":"Frites ondulées McCain Côté Burger - 650g","p":2.24,"u":"3,45 €/KG","img":"https://fd6-photos.leclercdrive.fr/image.ashx?id=2920027&use=l&cat=p&typeid=i","cat":319791},{"id":187453,"n":"Thé noir Lipton Yellow x100 sachets - 200g","p":3.99,"u":"19,95 €/KG","img":"https://fd6-photos.leclercdrive.fr/image.ashx?id=2517655&use=l&cat=p&typeid=i","cat":293233},{"id":187454,"n":"Crème dessert Sojasun Caramel pointe de sel - 4x100g","p":2.0,"u":"5,00 €/KG","img":"https://fd6-photos.leclercdrive.fr/image.ashx?id=2397349&use=l&cat=p&typeid=i","cat":316071},{"id":187457,"n":"Bûche glacée Nestlé Façon Dame Blanche - 540g","p":5.83,"u":"10,80 €/KG","img":"https://fd6-photos.leclercdrive.fr/image.ashx?id=2936725&use=l&cat=p&typeid=i","cat":284266},{"id":187461,"n":"Préparation Tablier Blanc Fondant au chocolat - 320g","p":2.19,"u":"6,84 €/KG","img":"https://fd6-photos.leclercdrive.fr/image.ashx?id=2487500&use=l&cat=p&typeid=i","cat":284505},{"id":187462,"n":"Préparation Tablier Blanc Moelleux au chocolat - 435g","p":1.97,"u":"4,53 €/KG","img":"https://fd6-photos.leclercdrive.fr/image.ashx?id=2487503&use=l&cat=p&typeid=i","cat":284505},{"id":187470,"n":"Brocolis surgelés Eco+ 900g","p":1.77,"u":"1,97 €/KG","img":"https://fd6-photos.leclercdrive.fr/image.ashx?id=2809870&use=l&cat=p&typeid=i","cat":319805},{"id":187475,"n":"Dés de Chorizo Fleury Michon 120g","p":2.59,"u":"21,58 €/KG","img":"https://fd6-photos.leclercdrive.fr/image.ashx?id=2661196&use=l&cat=p&typeid=i","cat":316011},{"id":187478,"n":"Cordon bleu de poulet Eco+ 200g","p":1.45,"u":"7,25 €/KG","img":"https://fd6-photos.leclercdrive.fr/image.ashx?id=2758294&use=l&cat=p&typeid=i","cat":333683},{"id":187496,"n":"Barre Banane Gerblé   - 150g","p":3.08,"u":"20,53 €/KG","img":"https://fd6-photos.leclercdrive.fr/image.ashx?id=2664022&use=l&cat=p&typeid=i","cat":318652},{"id":187576,"n":"Pâtes Coquillette Panzani Complètement Bon - 500G","p":1.51,"u":"3,02 €/KG","img":"https://fd6-photos.leclercdrive.fr/image.ashx?id=2902960&use=l&cat=p&typeid=i","cat":284427},{"id":187602,"n":"Gousses de vanille Vahiné x4 -","p":9.22,"u":"2,31 €/P","img":"https://fd6-photos.leclercdrive.fr/image.ashx?id=2569428&use=l&cat=p&typeid=i","cat":284504},{"id":187613,"n":"Petits pots bébé P'TITE RECETTE Poisson provençal 12M+ - 2x200g","p":2.21,"u":"5,53 €/KG","img":"https://fd6-photos.leclercdrive.fr/image.ashx?id=2737150&use=l&cat=p&typeid=i","cat":312237},{"id":187633,"n":"Boisson aux fruits Jafun Fruits du Verger - 1.5L","p":1.39,"u":"0,93 €/L","img":"https://fd6-photos.leclercdrive.fr/image.ashx?id=2956786&use=l&cat=p&typeid=i","cat":284917},{"id":187672,"n":"Gel douche lait Cottage Framboise Bio - 550ml","p":4.46,"u":"8,11 €/L","img":"https://fd6-photos.leclercdrive.fr/image.ashx?id=2398880&use=l&cat=p&typeid=i","cat":284594},{"id":187702,"n":"Biscuit petit beurre St Michel 180g","p":1.54,"u":"8,56 €/KG","img":"https://fd6-photos.leclercdrive.fr/image.ashx?id=3002051&use=l&cat=p&typeid=i","cat":284487},{"id":187703,"n":"Galettes Spéculoos St Michel 130g","p":0.9,"u":"6,92 €/KG","img":"https://fd6-photos.leclercdrive.fr/image.ashx?id=2915922&use=l&cat=p&typeid=i","cat":284487},{"id":187719,"n":"Biscuit Chocorico St Michel 225g","p":1.85,"u":"8,22 €/KG","img":"https://fd6-photos.leclercdrive.fr/image.ashx?id=2949994&use=l&cat=p&typeid=i","cat":284488},{"id":187727,"n":"Confit de canard Gastronomie Jean Larnaudie - 1.240kg","p":14.84,"u":"11,97 €/KG","img":"https://fd6-photos.leclercdrive.fr/image.ashx?id=2399237&use=l&cat=p&typeid=i","cat":305148},{"id":187776,"n":"Jus innocent plus  amour armure 750ml","p":2.91,"u":"3,88 €/L","img":"https://fd6-photos.leclercdrive.fr/image.ashx?id=2400394&use=l&cat=p&typeid=i","cat":284354},{"id":187808,"n":"Haricots rouges D'aucy  2x125g","p":1.74,"u":"6,96 €/KG","img":"https://fd6-photos.leclercdrive.fr/image.ashx?id=2861933&use=l&cat=p&typeid=i","cat":312606},{"id":187926,"n":"Muesli Bio Village Crousti bio - Chocolat","p":2.87,"u":"5,74 €/KG","img":"https://fd6-photos.leclercdrive.fr/image.ashx?id=2598716&use=l&cat=p&typeid=i","cat":309512},{"id":187929,"n":"Nouilles Sautées Yakisoba Classique - 93g","p":1.96,"u":"21,08 €/KG","img":"https://fd6-photos.leclercdrive.fr/image.ashx?id=2536140&use=l&cat=p&typeid=i","cat":288992},{"id":187930,"n":"Nouilles Sautées Yakisoba Poulet - 93g","p":2.06,"u":"22,15 €/KG","img":"https://fd6-photos.leclercdrive.fr/image.ashx?id=2536143&use=l&cat=p&typeid=i","cat":288992},{"id":187931,"n":"Nouilles Sautées Yakisoba Curry - 93g","p":1.89,"u":"20,32 €/KG","img":"https://fd6-photos.leclercdrive.fr/image.ashx?id=2536146&use=l&cat=p&typeid=i","cat":288992},{"id":187932,"n":"Nouilles sautées Yakisoba Boeuf - 93g","p":1.96,"u":"21,08 €/KG","img":"https://fd6-photos.leclercdrive.fr/image.ashx?id=3004423&use=l&cat=p&typeid=i","cat":288992},{"id":187933,"n":"Nouilles sautées Yakisoba  BBQ - 93g","p":2.06,"u":"22,15 €/KG","img":"https://fd6-photos.leclercdrive.fr/image.ashx?id=2536152&use=l&cat=p&typeid=i","cat":288992},{"id":187934,"n":"Nouilles sautées Yakisoba Pad Thai - 93g","p":2.06,"u":"22,15 €/KG","img":"https://fd6-photos.leclercdrive.fr/image.ashx?id=2536155&use=l&cat=p&typeid=i","cat":288992},{"id":187986,"n":"Déodorant stick Mennen  Homme intraçable 72h - 60ml","p":4.63,"u":"77,17 €/L","img":"https://fd6-photos.leclercdrive.fr/image.ashx?id=2402346&use=l&cat=p&typeid=i","cat":284618},{"id":187987,"n":"Déodorant stick Homme Mennen 24H Musk Sans Alcool - 60ml","p":3.2,"u":"53,33 €/L","img":"https://fd6-photos.leclercdrive.fr/image.ashx?id=2869113&use=l&cat=p&typeid=i","cat":284618},{"id":187989,"n":"Lait corps hydratant Mixa Raffermissant  - 250ml","p":4.07,"u":"16,28 €/L","img":"https://fd6-photos.leclercdrive.fr/image.ashx?id=2402358&use=l&cat=p&typeid=i","cat":325349},{"id":187990,"n":"Lait Corps Réparateur Mixa Peau abîmée desséchée - 300ml","p":4.12,"u":"13,73 €/L","img":"https://fd6-photos.leclercdrive.fr/image.ashx?id=2908186&use=l&cat=p&typeid=i","cat":325349},{"id":187999,"n":"Lait Corps réparateur Mixa Peaux desséchées - 300ml","p":3.58,"u":"11,93 €/L","img":"https://fd6-photos.leclercdrive.fr/image.ashx?id=2402394&use=l&cat=p&typeid=i","cat":325349},{"id":188001,"n":"Gel coiffant Vivelle DOP Fixation Extrême - 190ml","p":3.69,"u":"19,42 €/L","img":"https://fd6-photos.leclercdrive.fr/image.ashx?id=2402403&use=l&cat=p&typeid=i","cat":284609},{"id":188003,"n":"Gel Coiffant Béton Dop Vivelle Fixation 24h - 190ml","p":3.7,"u":"19,47 €/L","img":"https://fd6-photos.leclercdrive.fr/image.ashx?id=2402406&use=l&cat=p&typeid=i","cat":284609},{"id":188007,"n":"Gel Coiffant Vivelle Dop Fixation invisible - 190ml","p":4.18,"u":"22,00 €/L","img":"https://fd6-photos.leclercdrive.fr/image.ashx?id=2402397&use=l&cat=p&typeid=i","cat":284609},{"id":188010,"n":"Lait corps nutritif Mixa A l'huile de karité - 250ml","p":3.97,"u":"15,88 €/L","img":"https://fd6-photos.leclercdrive.fr/image.ashx?id=2402361&use=l&cat=p&typeid=i","cat":325349},{"id":188013,"n":"Tablette de chocolat Lindt Lait extra fin - 3x100g","p":5.85,"u":"19,50 €/KG","img":"https://fd6-photos.leclercdrive.fr/image.ashx?id=2655853&use=l&cat=p&typeid=i","cat":284497},{"id":188067,"n":"Gressins au sésame Florelli - 250g","p":2.08,"u":"8,32 €/KG","img":"https://fd6-photos.leclercdrive.fr/image.ashx?id=2544449&use=l&cat=p&typeid=i","cat":289010},{"id":188168,"n":"Féta AOP Salakis Fromage brebis et chèvre - 150g","p":2.88,"u":"19,20 €/KG","img":"https://fd6-photos.leclercdrive.fr/image.ashx?id=2879128&use=l&cat=p&typeid=i","cat":314026},{"id":188170,"n":"Féta AOP affinée Greco Fromage brebis et chèvre - 150g","p":2.81,"u":"18,73 €/KG","img":"https://fd6-photos.leclercdrive.fr/image.ashx?id=2879131&use=l&cat=p&typeid=i","cat":314026},{"id":188271,"n":"Matière grasse doux Astra  À tartiner à cuire 70%MG - 500g","p":2.69,"u":"5,38 €/KG","img":"https://fd6-photos.leclercdrive.fr/image.ashx?id=2406301&use=l&cat=p&typeid=i","cat":315229},{"id":188294,"n":"Jambon Le Bon Paris Herta À l'étouffé x2 - 85g","p":1.49,"u":"17,53 €/KG","img":"https://fd6-photos.leclercdrive.fr/image.ashx?id=2566263&use=l&cat=p&typeid=i","cat":316009},{"id":188295,"n":"Jambon Le Bon Paris Herta À l'étouffée x4 - 170g","p":2.06,"u":"12,12 €/KG","img":"https://fd6-photos.leclercdrive.fr/image.ashx?id=2731390&use=l&cat=p&typeid=i","cat":316009},{"id":188296,"n":"Jambon Le Bon Paris Herta À l'étouffée x6 - 255g","p":2.93,"u":"11,49 €/KG","img":"https://fd6-photos.leclercdrive.fr/image.ashx?id=2418720&use=l&cat=p&typeid=i","cat":316009},{"id":188297,"n":"Jambon Le Bon Paris Herta À l'étouffée x8 - 340g","p":3.76,"u":"11,06 €/KG","img":"https://fd6-photos.leclercdrive.fr/image.ashx?id=2921519&use=l&cat=p&typeid=i","cat":316009},{"id":188299,"n":"Jambon Le Bon Paris Herta À l'étouffée x10 - 425g","p":4.66,"u":"10,96 €/KG","img":"https://fd6-photos.leclercdrive.fr/image.ashx?id=2757599&use=l&cat=p&typeid=i","cat":316009},{"id":189924,"n":"Concombre 1p","p":1.99,"img":"https://fd6-photos.leclercdrive.fr/image.ashx?id=1631895&use=l&cat=p&typeid=i","cat":284352},{"id":190422,"n":"Echalote longue  250g","p":1.29,"u":"5,16 €/KG","img":"https://fd6-photos.leclercdrive.fr/image.ashx?id=1631901&use=l&cat=p&typeid=i","cat":284352},{"id":191788,"n":"Pomme de terre de consommation 2.5kg","p":2.99,"u":"1,20 €/KG","img":"https://fd6-photos.leclercdrive.fr/image.ashx?id=778561&use=l&cat=p&typeid=i","cat":284352},{"id":193563,"n":"Kiwi vert 1p","p":0.79,"img":"https://fd6-photos.leclercdrive.fr/image.ashx?id=2077670&use=l&cat=p&typeid=i","cat":284356},{"id":194064,"n":"Jambon Le Bon Paris Herta  sans nitrite x6 - 210g","p":3.46,"u":"16,48 €/KG","img":"https://fd6-photos.leclercdrive.fr/image.ashx?id=2731396&use=l&cat=p&typeid=i","cat":316009},{"id":194071,"n":"Jambon Le Bon Paris Herta -25% de sel x2 - 70g","p":1.46,"u":"20,86 €/KG","img":"https://fd6-photos.leclercdrive.fr/image.ashx?id=2405899&use=l&cat=p&typeid=i","cat":316009},{"id":194073,"n":"Jambon Le Bon Paris Herta -25% de sel x4 - 140g","p":2.35,"u":"16,79 €/KG","img":"https://fd6-photos.leclercdrive.fr/image.ashx?id=2995067&use=l&cat=p&typeid=i","cat":316009},{"id":194075,"n":"Jambon Le Bon Paris Herta -25%  de sel sans nitrite x4 - 140g","p":2.47,"u":"17,64 €/KG","img":"https://fd6-photos.leclercdrive.fr/image.ashx?id=2910124&use=l&cat=p&typeid=i","cat":316009},{"id":194078,"n":"Jambon Le Bon Paris Herta Fumé x4 - 140g","p":2.46,"u":"17,57 €/KG","img":"https://fd6-photos.leclercdrive.fr/image.ashx?id=2918664&use=l&cat=p&typeid=i","cat":316009},{"id":194080,"n":"Jambon Le Bon Paris Herta  broche sans nitrite x4 - 140g","p":3.21,"u":"22,93 €/KG","img":"https://fd6-photos.leclercdrive.fr/image.ashx?id=2881804&use=l&cat=p&typeid=i","cat":316009},{"id":194081,"n":"Jambon Le Bon Paris Fumé Herta sans nitrite x4 - 140g","p":3.0,"u":"21,43 €/KG","img":"https://fd6-photos.leclercdrive.fr/image.ashx?id=2881807&use=l&cat=p&typeid=i","cat":316009},{"id":194296,"n":"Bloc de fromage Leerdammer Le Moelleux - 250g","p":3.18,"u":"12,72 €/KG","img":"https://fd6-photos.leclercdrive.fr/image.ashx?id=2421606&use=l&cat=p&typeid=i","cat":314034},{"id":194297,"n":"Tranches de fromage Leerdammer L'Original - 8 Tranches - 200g","p":2.4,"u":"12,00 €/KG","img":"https://fd6-photos.leclercdrive.fr/image.ashx?id=2489199&use=l&cat=p&typeid=i","cat":314028},{"id":194298,"n":"Tranches de fromage Leerdammer L'Original - 16 Tranches - 400g","p":4.63,"u":"11,58 €/KG","img":"https://fd6-photos.leclercdrive.fr/image.ashx?id=2489196&use=l&cat=p&typeid=i","cat":314028},{"id":194299,"n":"Tranches de fromage Leerdammer Le Moelleux-10 Tranches-250g","p":3.37,"u":"13,48 €/KG","img":"https://fd6-photos.leclercdrive.fr/image.ashx?id=2507599&use=l&cat=p&typeid=i","cat":314028},{"id":194302,"n":"Tranches de fromage Leerdammer Le Moelleux - 6 Tranches - 150g","p":2.5,"u":"16,67 €/KG","img":"https://fd6-photos.leclercdrive.fr/image.ashx?id=2507590&use=l&cat=p&typeid=i","cat":314028},{"id":194310,"n":"Bonbons KINDER Schoko-Bons Chocolat blanc - 200G","p":4.48,"u":"22,40 €/KG","img":"https://fd6-photos.leclercdrive.fr/image.ashx?id=2406265&use=l&cat=p&typeid=i","cat":304238},{"id":194327,"n":"Chicorée Lutun Liquide - 250ml","p":3.14,"u":"12,56 €/L","img":"https://fd6-photos.leclercdrive.fr/image.ashx?id=2966032&use=l&cat=p&typeid=i","cat":284843},{"id":194655,"n":"Friandise pour chat Vitakraft Poulet et taurine - 6x15g","p":2.85,"u":"31,67 €/KG","img":"https://fd6-photos.leclercdrive.fr/image.ashx?id=2952016&use=l&cat=p&typeid=i","cat":285285},{"id":194659,"n":"Aliment pour chat Vitakraft Saumon et carrelet 6x15g","p":3.13,"u":"34,78 €/KG","img":"https://fd6-photos.leclercdrive.fr/image.ashx?id=2419323&use=l&cat=p&typeid=i","cat":285285},{"id":194699,"n":"Lait Corps Nourissant Mixa Effet Soleil - 250ml","p":4.3,"u":"17,20 €/L","img":"https://fd6-photos.leclercdrive.fr/image.ashx?id=2409379&use=l&cat=p&typeid=i","cat":325349},{"id":194730,"n":"Aura Diffuseur sticks Fleur de coton - 50ml","p":3.59,"u":"71,80 €/L","img":"https://fd6-photos.leclercdrive.fr/image.ashx?id=2411486&use=l&cat=p&typeid=i","cat":311627},{"id":194731,"n":"Aura diffuseur sticks  Cerise - Grands espaces - 50ml","p":3.59,"u":"71,80 €/L","img":"https://fd6-photos.leclercdrive.fr/image.ashx?id=2411483&use=l&cat=p&typeid=i","cat":311627},{"id":194732,"n":"Aura diffuseur sticks Coco - Grands espaces - 50 ml","p":3.59,"u":"71,80 €/L","img":"https://fd6-photos.leclercdrive.fr/image.ashx?id=2411489&use=l&cat=p&typeid=i","cat":311627},{"id":194733,"n":"Aura diffuseurs sticks Fruits des bois - 50ml","p":3.59,"u":"71,80 €/L","img":"https://fd6-photos.leclercdrive.fr/image.ashx?id=2411480&use=l&cat=p&typeid=i","cat":311627},{"id":195919,"n":"Jambon Le Bon Paris Herta  sans nitrite x2 - 70g","p":1.78,"u":"25,43 €/KG","img":"https://fd6-photos.leclercdrive.fr/image.ashx?id=2413531&use=l&cat=p&typeid=i","cat":316009},{"id":195922,"n":"Jambon Le Bon Paris Herta sans nitrite  x4 - 140g","p":2.29,"u":"16,36 €/KG","img":"https://fd6-photos.leclercdrive.fr/image.ashx?id=2535135&use=l&cat=p&typeid=i","cat":316009},{"id":195965,"n":"Mascara waterproof Maybelline Sky High volume & longueur Noir","p":8.95,"pp":5.91,"img":"https://fd6-photos.leclercdrive.fr/image.ashx?id=2833153&use=l&cat=p&typeid=i","cat":287029},{"id":195981,"n":"Liquide vaisselle Excel Paic Anti-odeur actif à froid -500ml","p":2.45,"u":"4,90 €/L","img":"https://fd6-photos.leclercdrive.fr/image.ashx?id=2413176&use=l&cat=p&typeid=i","cat":284655},{"id":195983,"n":"Liquide vaisselle Excel Paic Dégraissant actif à froid 500ml","p":1.94,"u":"3,88 €/L","img":"https://fd6-photos.leclercdrive.fr/image.ashx?id=2413182&use=l&cat=p&typeid=i","cat":284655},{"id":196116,"n":"Jambon Le Bon Paris Herta  -25% Sel x6 - 210g","p":2.78,"u":"13,24 €/KG","img":"https://fd6-photos.leclercdrive.fr/image.ashx?id=2707750&use=l&cat=p&typeid=i","cat":316009},{"id":196118,"n":"Jambon Le Bon Paris Herta -25% de sel -x6 - 210g","p":3.64,"u":"17,33 €/KG","img":"https://fd6-photos.leclercdrive.fr/image.ashx?id=2414112&use=l&cat=p&typeid=i","cat":316009},{"id":196120,"n":"Jambon Le Bon Paris Herta Broche x4 - 140g","p":2.76,"u":"19,71 €/KG","img":"https://fd6-photos.leclercdrive.fr/image.ashx?id=3008158&use=l&cat=p&typeid=i","cat":316009},{"id":196122,"n":"Jambon Le Bon Paris Herta Fumé x6 - 210g","p":3.8,"u":"18,10 €/KG","img":"https://fd6-photos.leclercdrive.fr/image.ashx?id=2970870&use=l&cat=p&typeid=i","cat":316009},{"id":196241,"n":"Jambon supérieur Eco+ Sans couenne 4 tranches - 160g","p":1.4,"u":"8,75 €/KG","img":"https://fd6-photos.leclercdrive.fr/image.ashx?id=2744407&use=l&cat=p&typeid=i","cat":316009},{"id":196266,"n":"Mousse à Raser 0% Alcool Mennen Peaux sensibles - 250ml","p":2.3,"u":"9,20 €/L","img":"https://fd6-photos.leclercdrive.fr/image.ashx?id=2661733&use=l&cat=p&typeid=i","cat":284617},{"id":196267,"n":"Mousse à Raser 0% Alcool Mennen Hypoallergénique - 250ml","p":2.29,"u":"9,16 €/L","img":"https://fd6-photos.leclercdrive.fr/image.ashx?id=2661736&use=l&cat=p&typeid=i","cat":284617},{"id":196271,"n":"Nettoyant Ménager Cif Crème à Récurer 750 ml","p":1.78,"u":"2,37 €/L","img":"https://fd6-photos.leclercdrive.fr/image.ashx?id=2752513&use=l&cat=p&typeid=i","cat":325357},{"id":196278,"n":"Crème à récurer CIF Citron CleanBoost 101 Usages 750ml","p":2.71,"u":"3,61 €/L","img":"https://fd6-photos.leclercdrive.fr/image.ashx?id=2948540&use=l&cat=p&typeid=i","cat":325357},{"id":196319,"n":"Jambon supérieur Eco+ Avec couenne 4 tranches - 160g","p":1.45,"u":"9,06 €/KG","img":"https://fd6-photos.leclercdrive.fr/image.ashx?id=2706550&use=l&cat=p&typeid=i","cat":316009},{"id":196320,"n":"Jambon supérieur Eco+ Avec couenne 6 tranches - 240g","p":2.16,"u":"9,00 €/KG","img":"https://fd6-photos.leclercdrive.fr/image.ashx?id=2706553&use=l&cat=p&typeid=i","cat":316009},{"id":196321,"n":"Jambon supérieur Eco+ Sans couenne 6 tranches - 240g","p":2.09,"u":"8,71 €/KG","img":"https://fd6-photos.leclercdrive.fr/image.ashx?id=2706556&use=l&cat=p&typeid=i","cat":316009},{"id":196372,"n":"Boîte de chocolats Kinder Happy Moments - 231g","p":6.35,"u":"27,49 €/KG","img":"https://fd6-photos.leclercdrive.fr/image.ashx?id=3011899&use=l&cat=p&typeid=i","cat":327592},{"id":196374,"n":"Bueno eggs kinder Chocolat - 140g","p":5.38,"u":"38,43 €/KG","img":"https://fd6-photos.leclercdrive.fr/image.ashx?id=2764353&use=l&cat=p&typeid=i","cat":327592},{"id":196378,"n":"Boîte chocolats Ferrero Rocher x16 pralines - 200g","p":5.67,"u":"28,35 €/KG","img":"https://fd6-photos.leclercdrive.fr/image.ashx?id=2963841&use=l&cat=p&typeid=i","cat":327600},{"id":196379,"n":"Boîte chocolats Ferrero Rocher x30 pralines - 375g","p":8.74,"u":"23,31 €/KG","img":"https://fd6-photos.leclercdrive.fr/image.ashx?id=2938091&use=l&cat=p&typeid=i","cat":327600},{"id":196380,"n":"Pralines Raffaello Noix de coco amandes x40- 400g","p":11.36,"u":"28,40 €/KG","img":"https://fd6-photos.leclercdrive.fr/image.ashx?id=2945005&use=l&cat=p&typeid=i","cat":327595},{"id":196383,"n":"Assortiment Etoile Delacre Biscuits - 454g","p":10.9,"u":"24,01 €/KG","img":"https://fd6-photos.leclercdrive.fr/image.ashx?id=2946919&use=l&cat=p&typeid=i","cat":284490},{"id":196423,"n":"Mini roc Côte d'Or Mix - 195g","p":7.83,"u":"40,15 €/KG","img":"https://fd6-photos.leclercdrive.fr/image.ashx?id=2427491&use=l&cat=p&typeid=i","cat":327595},{"id":196433,"n":"Calendrier de l'Avent Kinder Chalet - 184g","p":9.75,"u":"52,99 €/KG","img":"https://fd6-photos.leclercdrive.fr/image.ashx?id=2417552&use=l&cat=p&typeid=i","cat":336112},{"id":196436,"n":"Chocolat Hamlet collection Love - 250g","p":8.17,"u":"32,68 €/KG","img":"https://fd6-photos.leclercdrive.fr/image.ashx?id=2839316&use=l&cat=p&typeid=i","cat":327595},{"id":196439,"n":"Beurre Nature de Breton Doux - 82% MG - 250g","p":2.58,"u":"10,32 €/KG","img":"https://fd6-photos.leclercdrive.fr/image.ashx?id=2872039&use=l&cat=p&typeid=i","cat":284379},{"id":196452,"n":"Authentique Revillon  Pralinés - 360g","p":10.99,"u":"30,53 €/KG","img":"https://fd6-photos.leclercdrive.fr/image.ashx?id=2662000&use=l&cat=p&typeid=i","cat":327597},{"id":196500,"n":"Authentique Révillon Noir Lait et Blanc - 360g","p":10.99,"u":"30,53 €/KG","img":"https://fd6-photos.leclercdrive.fr/image.ashx?id=2661994&use=l&cat=p&typeid=i","cat":327597},{"id":196566,"n":"Fromage de Chèvre Chavroux Frais Nature - 150g","p":2.06,"u":"13,73 €/KG","img":"https://fd6-photos.leclercdrive.fr/image.ashx?id=2912161&use=l&cat=p&typeid=i","cat":314031},{"id":196647,"n":"Spray dégraissant Chanteclair Universel Marseille - 600ml","p":2.44,"u":"4,07 €/L","img":"https://fd6-photos.leclercdrive.fr/image.ashx?id=2419743&use=l&cat=p&typeid=i","cat":325357},{"id":196687,"n":"Pizza Numero Uno Italpizza 5 Fromaggi - 410g","p":3.52,"u":"8,59 €/KG","img":"https://fd6-photos.leclercdrive.fr/image.ashx?id=2419761&use=l&cat=p&typeid=i","cat":284256},{"id":196798,"n":"Lait en poudre Picot  1er âge - 850g","p":18.09,"u":"21,28 €/KG","img":"https://fd6-photos.leclercdrive.fr/image.ashx?id=2925421&use=l&cat=p&typeid=i","cat":284726},{"id":196799,"n":"Lait en poudre Picot 2ème âge - 850g","p":14.68,"u":"17,27 €/KG","img":"https://fd6-photos.leclercdrive.fr/image.ashx?id=2925424&use=l&cat=p&typeid=i","cat":284727},{"id":196800,"n":"Lait de croissance Picot 3ème âge - 850g","p":9.53,"u":"11,21 €/KG","img":"https://fd6-photos.leclercdrive.fr/image.ashx?id=2925427&use=l&cat=p&typeid=i","cat":290219},{"id":196832,"n":"Assaisonnement  Ducros Persillade - 95g","p":2.24,"u":"23,58 €/KG","img":"https://fd6-photos.leclercdrive.fr/image.ashx?id=2421153&use=l&cat=p&typeid=i","cat":298297},{"id":196838,"n":"Velouté de 6 légumes sel réduit Florette - 1L","p":3.74,"u":"3,74 €/L","img":"https://fd6-photos.leclercdrive.fr/image.ashx?id=2840226&use=l&cat=p&typeid=i","cat":284355},{"id":196839,"n":"Velouté potiron carotte Florette - 1L","p":3.79,"u":"3,79 €/L","img":"https://fd6-photos.leclercdrive.fr/image.ashx?id=2840235&use=l&cat=p&typeid=i","cat":284355},{"id":196856,"n":"Croquettes chat Purina One Chat stérilisé sensible - 1.5kg","p":7.94,"u":"5,29 €/KG","img":"https://fd6-photos.leclercdrive.fr/image.ashx?id=2488085&use=l&cat=p&typeid=i","cat":284680},{"id":196965,"n":"Liqueur de menthe Get 27 17,9° - 70cl","p":13.36,"u":"19,09 €/L","img":"https://fd6-photos.leclercdrive.fr/image.ashx?id=2835565&use=l&cat=p&typeid=i","cat":286032},{"id":197161,"n":"Traîneau chocolat oeuf Kinder Jaune - 75g","p":3.71,"u":"49,47 €/KG","img":"https://fd6-photos.leclercdrive.fr/image.ashx?id=2426809&use=l&cat=p&typeid=i","cat":327592},{"id":197163,"n":"Traîneau chocolat œuf Kinder Blanc - 75g","p":3.71,"u":"49,47 €/KG","img":"https://fd6-photos.leclercdrive.fr/image.ashx?id=2426812&use=l&cat=p&typeid=i","cat":327592},{"id":197164,"n":"Traîneau chocolat œuf Kinder Vert - 75g","p":3.71,"u":"49,47 €/KG","img":"https://fd6-photos.leclercdrive.fr/image.ashx?id=2426815&use=l&cat=p&typeid=i","cat":327592},{"id":197206,"n":"Oeuf maxi Kinder Surprise Vert Père noel - 100g","p":6.52,"u":"65,20 €/KG","img":"https://fd6-photos.leclercdrive.fr/image.ashx?id=2428935&use=l&cat=p&typeid=i","cat":327592},{"id":197475,"n":"Effilés Chat Junior Purina One Sauce saumon ou poulet - 8x85g","p":4.67,"u":"6,87 €/KG","img":"https://fd6-photos.leclercdrive.fr/image.ashx?id=2899731&use=l&cat=p&typeid=i","cat":285286},{"id":197697,"n":"Crème de nuit L'Oréal Paris Age perfect Anti-âge - 50ml","p":11.97,"pp":7.9,"u":"158,00 €/L","img":"https://fd6-photos.leclercdrive.fr/image.ashx?id=2428441&use=l&cat=p&typeid=i","cat":325345},{"id":197713,"n":"Fromage à Tartiner St Môret  Nature - 500g","p":5.43,"u":"10,86 €/KG","img":"https://fd6-photos.leclercdrive.fr/image.ashx?id=2427991&use=l&cat=p&typeid=i","cat":314029},{"id":197746,"n":"AOP St Nicolas de Bourgueil Vins et terroirs de Loire 75cl","p":5.65,"u":"7,53 €/L","img":"https://fd6-photos.leclercdrive.fr/image.ashx?id=2445214&use=l&cat=p&typeid=i","cat":289556},{"id":197909,"n":"Chocolat Peluche mix Kinder Léopard - 133g","p":12.49,"u":"93,91 €/KG","img":"https://fd6-photos.leclercdrive.fr/image.ashx?id=2447850&use=l&cat=p&typeid=i","cat":327789},{"id":197910,"n":"Chocolat Peluche mix Kinder Tigre - 133g","p":12.49,"u":"93,91 €/KG","img":"https://fd6-photos.leclercdrive.fr/image.ashx?id=2447853&use=l&cat=p&typeid=i","cat":327789},{"id":197952,"n":"Pastabox Sodebo  Tortellini chèvre tomate - 280g","p":3.07,"u":"10,96 €/KG","img":"https://fd6-photos.leclercdrive.fr/image.ashx?id=2833429&use=l&cat=p&typeid=i","cat":334983},{"id":198193,"n":"Bière Lindemans framboise 25cl","p":1.94,"u":"7,76 €/L","img":"https://fd6-photos.leclercdrive.fr/image.ashx?id=2433458&use=l&cat=p&typeid=i","cat":334872},{"id":198195,"n":"Bière Lindemans New Pecheresse 25cl","p":1.96,"u":"7,84 €/L","img":"https://fd6-photos.leclercdrive.fr/image.ashx?id=2433461&use=l&cat=p&typeid=i","cat":334872},{"id":198319,"n":"Boisson énergisante Monster Mango loco - 4x50cl","p":6.08,"u":"3,04 €/L","img":"https://fd6-photos.leclercdrive.fr/image.ashx?id=2983465&use=l&cat=p&typeid=i","cat":284533},{"id":198338,"n":"Confiture Douceur du Verger Fraise intense - 320 g","p":1.42,"u":"4,44 €/KG","img":"https://fd6-photos.leclercdrive.fr/image.ashx?id=2965605&use=l&cat=p&typeid=i","cat":284480},{"id":198348,"n":"Confiture Douceur du Verger Abricot intense - 320 g","p":1.42,"u":"4,44 €/KG","img":"https://fd6-photos.leclercdrive.fr/image.ashx?id=2965608&use=l&cat=p&typeid=i","cat":284480},{"id":198349,"n":"Confiture Douceur du Verger Myrtille intense - 320g","p":1.99,"u":"6,22 €/KG","img":"https://fd6-photos.leclercdrive.fr/image.ashx?id=2965611&use=l&cat=p&typeid=i","cat":284480},{"id":198355,"n":"Confiture Douceur du Verger Framboise intense - 320g","p":2.1,"u":"6,56 €/KG","img":"https://fd6-photos.leclercdrive.fr/image.ashx?id=2965614&use=l&cat=p&typeid=i","cat":284480},{"id":198356,"n":"Confiture Douceur du Verger 3 agrumes Intense - 320g","p":1.66,"u":"5,19 €/KG","img":"https://fd6-photos.leclercdrive.fr/image.ashx?id=2966376&use=l&cat=p&typeid=i","cat":284480},{"id":198522,"n":"Haricots vert Bio Village Bio - 180g","p":1.99,"u":"11,06 €/KG","img":"https://fd6-photos.leclercdrive.fr/image.ashx?id=3002713&use=l&cat=p&typeid=i","cat":312606},{"id":198523,"n":"Desserts Lactés P'TIT ONCTUEUX Fromage blanc 6M+ - 4x90g","p":2.16,"u":"6,00 €/KG","img":"https://fd6-photos.leclercdrive.fr/image.ashx?id=2435707&use=l&cat=p&typeid=i","cat":312392},{"id":198524,"n":"Desserts Lactés P'TIT ONCTUEUX Banane 6M+ - 4x90g","p":2.27,"u":"6,31 €/KG","img":"https://fd6-photos.leclercdrive.fr/image.ashx?id=2435710&use=l&cat=p&typeid=i","cat":312392},{"id":198582,"n":"Desserts Lactés P'TIT ONCTUEUX Mangue ananas 6M+ - 4x90g","p":2.22,"u":"6,17 €/KG","img":"https://fd6-photos.leclercdrive.fr/image.ashx?id=2435932&use=l&cat=p&typeid=i","cat":312392},{"id":198623,"n":"Capsules Nescafé Dolce Gusto  Double Espresso - x16","p":5.18,"u":"38,09 €/KG","img":"https://fd6-photos.leclercdrive.fr/image.ashx?id=2687245&use=l&cat=p&typeid=i","cat":293239},{"id":198647,"n":"Chorizo tranché César Moroni Fort 20 tranches - 100g","p":2.0,"u":"20,00 €/KG","img":"https://fd6-photos.leclercdrive.fr/image.ashx?id=2439026&use=l&cat=p&typeid=i","cat":316006},{"id":198654,"n":"Coq au vin et pommes de terre Jean Larnaudie - 1.240kg","p":13.76,"u":"11,10 €/KG","img":"https://fd6-photos.leclercdrive.fr/image.ashx?id=2436347&use=l&cat=p&typeid=i","cat":284441},{"id":198669,"n":"Sugo al basilico  340g","p":1.72,"u":"5,06 €/KG","img":"https://fd6-photos.leclercdrive.fr/image.ashx?id=2840025&use=l&cat=p&typeid=i","cat":288384},{"id":198794,"n":"Protège-slips Doulys Ultra-mince Long - x30","p":1.25,"u":"0,04 €/P","img":"https://fd6-photos.leclercdrive.fr/image.ashx?id=2882343&use=l&cat=p&typeid=i","cat":284625},{"id":198808,"n":"Croustillants cheddar Président 6 pièces - 150g","p":2.93,"u":"19,53 €/KG","img":"https://fd6-photos.leclercdrive.fr/image.ashx?id=2856079&use=l&cat=p&typeid=i","cat":314027},{"id":198835,"n":"Gel à raser Satin Care Gillette Nettoyant 2 en 1 - 190ML","p":13.33,"u":"70,16 €/L","img":"https://fd6-photos.leclercdrive.fr/image.ashx?id=2529132&use=l&cat=p&typeid=i","cat":325352},{"id":198857,"n":"Chorizo végétal gourmand Happyvore - 105g","p":3.25,"u":"36,11 €/KG","img":"https://fd6-photos.leclercdrive.fr/image.ashx?id=2736154&use=l&cat=p&typeid=i","cat":316036},{"id":198858,"n":"Salami poivre végétal Happyvore - 105g","p":3.21,"u":"35,67 €/KG","img":"https://fd6-photos.leclercdrive.fr/image.ashx?id=3008920&use=l&cat=p&typeid=i","cat":316036},{"id":198867,"n":"Lames de rasoir Gillette Mach 3 - x4","p":15.83,"u":"3,96 €/P","img":"https://fd6-photos.leclercdrive.fr/image.ashx?id=2859905&use=l&cat=p&typeid=i","cat":284616},{"id":198877,"n":"Rasoir Mach 3 Gillette 3 lames -x1","p":10.11,"img":"https://fd6-photos.leclercdrive.fr/image.ashx?id=2971416&use=l&cat=p&typeid=i","cat":284616},{"id":198905,"n":"Lames de rasoir Gillette Mach 3 - x8","p":23.43,"u":"2,93 €/P","img":"https://fd6-photos.leclercdrive.fr/image.ashx?id=2859917&use=l&cat=p&typeid=i","cat":284616},{"id":198924,"n":"Gel à raser GilletteLabs Skin Care - 198ml","p":6.99,"u":"35,30 €/MT","img":"https://fd6-photos.leclercdrive.fr/image.ashx?id=2955215&use=l&cat=p&typeid=i","cat":284617},{"id":198959,"n":"Gel désodorisant Uni vert Lavande Eucalyptus","p":1.39,"img":"https://fd6-photos.leclercdrive.fr/image.ashx?id=2478934&use=l&cat=p&typeid=i","cat":311628},{"id":198968,"n":"Bloc wc javel Syphon eau bleue x2 - 100g","p":1.71,"u":"17,10 €/KG","img":"https://fd6-photos.leclercdrive.fr/image.ashx?id=2437005&use=l&cat=p&typeid=i","cat":284662},{"id":198977,"n":"Bûche Nestlé Caramel Beurre Salé, 1l","p":6.42,"u":"6,42 €/L","img":"https://fd6-photos.leclercdrive.fr/image.ashx?id=2936701&use=l&cat=p&typeid=i","cat":284266},{"id":198980,"n":"Bûche glacée Nestlé Nougatine - 540g","p":6.35,"u":"11,76 €/KG","img":"https://fd6-photos.leclercdrive.fr/image.ashx?id=2936716&use=l&cat=p&typeid=i","cat":284266},{"id":199018,"n":"AOC Beaumes de Venise rouge Grand Cardinal de Bonpas - 75cl","p":8.5,"pp":6.37,"u":"8,49 €/L","img":"https://fd6-photos.leclercdrive.fr/image.ashx?id=2830150&use=l&cat=p&typeid=i","cat":289556},{"id":199097,"n":"Chocolat Père Noel Kinder 160g","p":5.28,"u":"33,00 €/KG","img":"https://fd6-photos.leclercdrive.fr/image.ashx?id=2764308&use=l&cat=p&typeid=i","cat":327592},{"id":199134,"n":"Moulage chocolat Kinder Père Noel - 110g","p":3.71,"u":"33,73 €/KG","img":"https://fd6-photos.leclercdrive.fr/image.ashx?id=2438108&use=l&cat=p&typeid=i","cat":327592},{"id":199276,"n":"Bûche glacée Pilpa  Fraise façon liégeois - 555g","p":5.27,"u":"9,50 €/KG","img":"https://fd6-photos.leclercdrive.fr/image.ashx?id=2751666&use=l&cat=p&typeid=i","cat":284266},{"id":199461,"n":"Chocolat Kinder Surprise x6 oeufs - 6x20g","p":7.54,"u":"62,83 €/KG","img":"https://fd6-photos.leclercdrive.fr/image.ashx?id=2826336&use=l&cat=p&typeid=i","cat":327592},{"id":199552,"n":"Dentifrice Elmex Anti-caries Original - 75ml","p":4.73,"u":"63,07 €/L","img":"https://fd6-photos.leclercdrive.fr/image.ashx?id=2852181&use=l&cat=p&typeid=i","cat":284612},{"id":199553,"n":"Dentifrice Elmex Sensitive Original - 75ml","p":4.43,"u":"59,07 €/L","img":"https://fd6-photos.leclercdrive.fr/image.ashx?id=2738404&use=l&cat=p&typeid=i","cat":284612},{"id":199559,"n":"Dentifrice Elmex Sensitive  Blancheur douce - 2x75ml","p":9.14,"u":"60,93 €/MT","img":"https://fd6-photos.leclercdrive.fr/image.ashx?id=2738425&use=l&cat=p&typeid=i","cat":284612},{"id":199598,"n":"Désodorisant diffuseur Airwick  Active Fresh Vanille - 228ml","p":7.11,"u":"31,18 €/L","img":"https://fd6-photos.leclercdrive.fr/image.ashx?id=2864672&use=l&cat=p&typeid=i","cat":311629},{"id":199655,"n":"Bûchettes Délices Pilpa Vanille Fruits  x6 - 351g","p":3.1,"u":"8,83 €/KG","img":"https://fd6-photos.leclercdrive.fr/image.ashx?id=2444060&use=l&cat=p&typeid=i","cat":284266},{"id":199657,"n":"Jambon cru Aoste 6 tranches + 3 offertes - 150g","p":2.5,"u":"16,67 €/KG","img":"https://fd6-photos.leclercdrive.fr/image.ashx?id=2442659&use=l&cat=p&typeid=i","cat":316007},{"id":200062,"n":"Bûche glacée Nestlé craquante Vanille Caramel - 540g","p":6.57,"u":"12,17 €/KG","img":"https://fd6-photos.leclercdrive.fr/image.ashx?id=2750462&use=l&cat=p&typeid=i","cat":284266},{"id":200096,"n":"Bûche glacée Nestlé  Chocolat Vanille - 540g","p":6.9,"u":"12,78 €/KG","img":"https://fd6-photos.leclercdrive.fr/image.ashx?id=2936722&use=l&cat=p&typeid=i","cat":284266},{"id":200153,"n":"Repas bébé Blédina 15 mois légumes boulghour merlu 200g","p":2.88,"u":"14,40 €/KG","img":"https://fd6-photos.leclercdrive.fr/image.ashx?id=2975101&use=l&cat=p&typeid=i","cat":312238},{"id":200175,"n":"Plat bébé soir Blédiner 15 mois Pâtes légumes - 200g","p":2.69,"u":"13,45 €/KG","img":"https://fd6-photos.leclercdrive.fr/image.ashx?id=2866295&use=l&cat=p&typeid=i","cat":312239},{"id":200202,"n":"Repas bébé Blédina 15 mois carotte haricot riz bœuf 200g","p":2.75,"u":"13,75 €/KG","img":"https://fd6-photos.leclercdrive.fr/image.ashx?id=2586586&use=l&cat=p&typeid=i","cat":312238},{"id":200304,"n":"Champagne G.H Martel & Cie Extra brut - 75cl","p":21.9,"pp":18.61,"u":"24,81 €/L","img":"https://fd6-photos.leclercdrive.fr/image.ashx?id=2447948&use=l&cat=p&typeid=i","cat":284542},{"id":200368,"n":"Tartines croustillantes Wasa Complet - 260g","p":2.39,"u":"9,19 €/KG","img":"https://fd6-photos.leclercdrive.fr/image.ashx?id=2448196&use=l&cat=p&typeid=i","cat":284479},{"id":200377,"n":"Plat bébé soir Blédîner 15 mois Légumes macaroni persil - 200g","p":2.93,"u":"14,65 €/KG","img":"https://fd6-photos.leclercdrive.fr/image.ashx?id=2866292&use=l&cat=p&typeid=i","cat":312239},{"id":200378,"n":"Repas bébé Blédina 15 mois Pâtes brocolis jambon - 200g","p":2.55,"u":"12,75 €/KG","img":"https://fd6-photos.leclercdrive.fr/image.ashx?id=2975104&use=l&cat=p&typeid=i","cat":312238},{"id":200379,"n":"Cassoulet Castelnaud NRT 840g","p":3.99,"u":"4,75 €/KG","img":"https://fd6-photos.leclercdrive.fr/image.ashx?id=2805993&use=l&cat=p&typeid=i","cat":284440},{"id":200384,"n":"Grande flute Eco+ Fromage - 150g","p":1.39,"u":"9,27 €/KG","img":"https://fd6-photos.leclercdrive.fr/image.ashx?id=2681461&use=l&cat=p&typeid=i","cat":297000},{"id":200453,"n":"Bouchées de fruits de mer L'Atelier Traiteur - 300g","p":4.89,"u":"16,30 €/KG","img":"https://fd6-photos.leclercdrive.fr/image.ashx?id=2856754&use=l&cat=p&typeid=i","cat":333671},{"id":200738,"n":"Crayon à sourcils Maybelline Express Brow 05 Brun cendré","p":9.26,"img":"https://fd6-photos.leclercdrive.fr/image.ashx?id=2452227&use=l&cat=p&typeid=i","cat":287029},{"id":200774,"n":"AIRWICK Recharge Active Fresh Désodorisant Vanille - 228ml","p":5.82,"u":"25,53 €/L","img":"https://fd6-photos.leclercdrive.fr/image.ashx?id=2864675&use=l&cat=p&typeid=i","cat":311629},{"id":200779,"n":"Nettoyant sol Vigor Désincrustant intense - 1L","p":3.32,"u":"3,32 €/L","img":"https://fd6-photos.leclercdrive.fr/image.ashx?id=2736160&use=l&cat=p&typeid=i","cat":284907},{"id":200780,"n":"Protège-lingerie Nana x30","p":1.71,"u":"0,06 €/P","img":"https://fd6-photos.leclercdrive.fr/image.ashx?id=3003432&use=l&cat=p&typeid=i","cat":284625},{"id":200781,"n":"Serviettes hygiéniques Nana Maxi régulier+ x16","p":1.84,"u":"0,12 €/P","img":"https://fd6-photos.leclercdrive.fr/image.ashx?id=2454454&use=l&cat=p&typeid=i","cat":284624},{"id":200987,"n":"Mini burger Jacquet Nature x10 - 210g","p":1.79,"u":"8,52 €/KG","img":"https://fd6-photos.leclercdrive.fr/image.ashx?id=2991873&use=l&cat=p&typeid=i","cat":325067},{"id":200994,"n":"Nouilles Soy Shrimps Nissin 63g","p":1.97,"u":"31,27 €/KG","img":"https://fd6-photos.leclercdrive.fr/image.ashx?id=2453640&use=l&cat=p&typeid=i","cat":288992},{"id":200995,"n":"Soupe Cup Noodles Nissin Saveur boeuf 5 épices - 64g","p":1.94,"u":"30,31 €/KG","img":"https://fd6-photos.leclercdrive.fr/image.ashx?id=2453643&use=l&cat=p&typeid=i","cat":288992},{"id":201017,"n":"Crêpes dentelles Bretagne NRT 120g","p":1.72,"u":"14,33 €/KG","img":"https://fd6-photos.leclercdrive.fr/image.ashx?id=2622359&use=l&cat=p&typeid=i","cat":284487},{"id":201081,"n":"Yaourt à la grecque Yaos  Morceaux de fraises - 4x125g","p":2.62,"u":"5,24 €/KG","img":"https://fd6-photos.leclercdrive.fr/image.ashx?id=2454772&use=l&cat=p&typeid=i","cat":284410},{"id":201107,"n":"Café dosettes Tassimo Café au Lait x21","p":5.34,"u":"22,07 €/KG","img":"https://fd6-photos.leclercdrive.fr/image.ashx?id=2457605&use=l&cat=p&typeid=i","cat":293240},{"id":201192,"n":"Boisson fermentée désalcoolisée Rouge - à base de raisin - 75cl","p":3.63,"u":"4,84 €/L","img":"https://fd6-photos.leclercdrive.fr/image.ashx?id=2477664&use=l&cat=p&typeid=i","cat":284549},{"id":201193,"n":"Boisson fermentée désalcoolisée Rosé - à base de raisin - 75cl","p":3.63,"u":"4,84 €/L","img":"https://fd6-photos.leclercdrive.fr/image.ashx?id=2477667&use=l&cat=p&typeid=i","cat":284549},{"id":201194,"n":"Boisson fermentée désalcoolisée Blanc - à base de raisin - 75cl","p":3.24,"u":"4,32 €/L","img":"https://fd6-photos.leclercdrive.fr/image.ashx?id=2477670&use=l&cat=p&typeid=i","cat":284549},{"id":201203,"n":"Préparation Pancakes Mapple Joe - 215g 8à10 pancakes","p":2.84,"u":"13,21 €/KG","img":"https://fd6-photos.leclercdrive.fr/image.ashx?id=2657394&use=l&cat=p&typeid=i","cat":284504},{"id":201298,"n":"Fromage enfant La Vache qui rit Original 12P à tartiner - 192g","p":2.4,"u":"12,50 €/KG","img":"https://fd6-photos.leclercdrive.fr/image.ashx?id=2945442&use=l&cat=p&typeid=i","cat":314030},{"id":201299,"n":"Fromage enfant La Vache qui rit Original 16P à tartiner - 256g","p":2.86,"u":"11,17 €/KG","img":"https://fd6-photos.leclercdrive.fr/image.ashx?id=2945445&use=l&cat=p&typeid=i","cat":314029},{"id":201300,"n":"Fromage enfant La Vache qui rit Original 32P à tartiner - 512g","p":4.73,"u":"9,24 €/KG","img":"https://fd6-photos.leclercdrive.fr/image.ashx?id=2945448&use=l&cat=p&typeid=i","cat":314030},{"id":201341,"n":"Iceberg Eco+","p":0.99,"img":"https://fd6-photos.leclercdrive.fr/image.ashx?id=2715747&use=l&cat=p&typeid=i","cat":284352},{"id":201455,"n":"Thé vert Boost Yate x20 - 32g","p":1.49,"u":"46,56 €/KG","img":"https://fd6-photos.leclercdrive.fr/image.ashx?id=2897811&use=l&cat=p&typeid=i","cat":293233},{"id":201457,"n":"Infusion détente Tisea x20","p":1.49,"u":"46,56 €/KG","img":"https://fd6-photos.leclercdrive.fr/image.ashx?id=2672948&use=l&cat=p&typeid=i","cat":293234},{"id":201458,"n":"Chips ondulées Pom' Lisse 135g","p":1.29,"u":"9,56 €/KG","img":"https://fd6-photos.leclercdrive.fr/image.ashx?id=2644695&use=l&cat=p&typeid=i","cat":284447},{"id":201528,"n":"Porto ruby Dorrao 18%vol - 75cl","p":8.39,"u":"11,19 €/L","img":"https://fd6-photos.leclercdrive.fr/image.ashx?id=2869871&use=l&cat=p&typeid=i","cat":284913},{"id":201607,"n":"Rasoirs jetables Wilkinson Extra 3 Essentials - x4","p":2.38,"u":"0,60 €/P","img":"https://fd6-photos.leclercdrive.fr/image.ashx?id=2462840&use=l&cat=p&typeid=i","cat":325352},{"id":201688,"n":"Beurre plaquette Eco+ Doux - 60% MG  - 200g","p":1.45,"u":"7,25 €/KG","img":"https://fd6-photos.leclercdrive.fr/image.ashx?id=2794187&use=l&cat=p&typeid=i","cat":284379},{"id":201689,"n":"Café capsules Plantation Lungo -","p":5.15,"u":"33,01 €/KG","img":"https://fd6-photos.leclercdrive.fr/image.ashx?id=2860085&use=l&cat=p&typeid=i","cat":284749},{"id":201690,"n":"Beurre plaquette Eco+ Demi-sel - 60% MG - 200g","p":1.47,"u":"7,35 €/KG","img":"https://fd6-photos.leclercdrive.fr/image.ashx?id=2794184&use=l&cat=p&typeid=i","cat":284379},{"id":201692,"n":"Frites Crousti Express Findus Micro-ondes Allumette 2x100g","p":1.7,"u":"8,50 €/KG","img":"https://fd6-photos.leclercdrive.fr/image.ashx?id=2648274&use=l&cat=p&typeid=i","cat":319791},{"id":201693,"n":"Frites Crousti Express Findus Micro-ondes Classique 2x100g","p":1.6,"u":"8,00 €/KG","img":"https://fd6-photos.leclercdrive.fr/image.ashx?id=2648271&use=l&cat=p&typeid=i","cat":319791},{"id":201702,"n":"Bière Leffe Ruby 5% - 6x25cl","p":5.48,"u":"3,65 €/L","img":"https://fd6-photos.leclercdrive.fr/image.ashx?id=2811581&use=l&cat=p&typeid=i","cat":334878},{"id":201706,"n":"Bière Leffe Ruby 5% - 12x25cl","p":9.1,"u":"3,03 €/L","img":"https://fd6-photos.leclercdrive.fr/image.ashx?id=2813008&use=l&cat=p&typeid=i","cat":334878},{"id":201725,"n":"Lait Solaire SPF50+ Garnier Hypoallergénique - 175ml","p":10.77,"u":"61,54 €/L","img":"https://fd6-photos.leclercdrive.fr/image.ashx?id=2569728&use=l&cat=p&typeid=i","cat":325355},{"id":201745,"n":"Fondant Crousti Nat Choco-noisettes - 340g","p":3.34,"u":"9,82 €/KG","img":"https://fd6-photos.leclercdrive.fr/image.ashx?id=2463143&use=l&cat=p&typeid=i","cat":309513},{"id":201772,"n":"Dentifrice Elmex Sensitive Blancheur douce - 75ml","p":5.01,"u":"66,80 €/L","img":"https://fd6-photos.leclercdrive.fr/image.ashx?id=2721187&use=l&cat=p&typeid=i","cat":284612},{"id":201790,"n":"Sachet repas chat Purina One Chats difficiles 4x85g","p":3.08,"u":"9,06 €/KG","img":"https://fd6-photos.leclercdrive.fr/image.ashx?id=2477868&use=l&cat=p&typeid=i","cat":285286},{"id":201791,"n":"Soupe en sachets chat Felix Sélection de poissons - 6x48g","p":2.1,"u":"7,29 €/KG","img":"https://fd6-photos.leclercdrive.fr/image.ashx?id=2887251&use=l&cat=p&typeid=i","cat":285286},{"id":201792,"n":"Mousseline Purina Gourmet Thon nappé de sauce - 4x57g","p":3.06,"u":"13,42 €/KG","img":"https://fd6-photos.leclercdrive.fr/image.ashx?id=2899722&use=l&cat=p&typeid=i","cat":285601},{"id":201835,"n":"Pizza Crousti Moelleuse Marie Royale - 500g","p":4.82,"u":"9,64 €/KG","img":"https://fd6-photos.leclercdrive.fr/image.ashx?id=2996704&use=l&cat=p&typeid=i","cat":284256},{"id":201836,"n":"Pizza Crousti Moelleuse Marie 4 fromages - 500g","p":4.75,"u":"9,50 €/KG","img":"https://fd6-photos.leclercdrive.fr/image.ashx?id=2996701&use=l&cat=p&typeid=i","cat":284256},{"id":201837,"n":"Protège-slips Doulys Ultra-mince normal - x45","p":0.87,"u":"0,02 €/P","img":"https://fd6-photos.leclercdrive.fr/image.ashx?id=2849590&use=l&cat=p&typeid=i","cat":284625},{"id":201838,"n":"Fraizibus Haribo Sachet bonbons - 220g","p":1.64,"u":"7,45 €/KG","img":"https://fd6-photos.leclercdrive.fr/image.ashx?id=2984955&use=l&cat=p&typeid=i","cat":304250},{"id":201839,"n":"Sauce arrabbiata Turini 420g","p":1.14,"u":"2,71 €/KG","img":"https://fd6-photos.leclercdrive.fr/image.ashx?id=2465062&use=l&cat=p&typeid=i","cat":287599},{"id":201840,"n":"Poudre chocolat Ovomaltine 350g","p":3.99,"u":"11,40 €/KG","img":"https://fd6-photos.leclercdrive.fr/image.ashx?id=2465610&use=l&cat=p&typeid=i","cat":293235},{"id":201915,"n":"Protège-slips Doulys Slip ou string - x45","p":1.61,"u":"0,04 €/P","img":"https://fd6-photos.leclercdrive.fr/image.ashx?id=2877466&use=l&cat=p&typeid=i","cat":284625},{"id":201935,"n":"Protège-slips Confort Vania  Sans parfum - x56","p":2.62,"u":"0,05 €/P","img":"https://fd6-photos.leclercdrive.fr/image.ashx?id=2735230&use=l&cat=p&typeid=i","cat":284625},{"id":201946,"n":"Gel Douche Le Petit Marseillais Lait de vanille - 650 ml","p":3.33,"u":"5,12 €/L","img":"https://fd6-photos.leclercdrive.fr/image.ashx?id=2674794&use=l&cat=p&typeid=i","cat":284594},{"id":201950,"n":"Gel Douche Le Petit Marseillais Amande douce - 250ml","p":1.63,"u":"6,52 €/MT","img":"https://fd6-photos.leclercdrive.fr/image.ashx?id=2946592&use=l&cat=p&typeid=i","cat":284594},{"id":201951,"n":"Gel Douche Le Petit Marseillais Lait - 250ml","p":1.79,"u":"7,16 €/MT","img":"https://fd6-photos.leclercdrive.fr/image.ashx?id=2676108&use=l&cat=p&typeid=i","cat":284594},{"id":201952,"n":"Gel Douche Le Petit Marseillais Lait - 650ml","p":3.29,"u":"5,06 €/L","img":"https://fd6-photos.leclercdrive.fr/image.ashx?id=2676111&use=l&cat=p&typeid=i","cat":284594},{"id":201953,"n":"Gel Douche Le Petit Marseillais Pêche nectarine - 250ml","p":1.79,"u":"7,16 €/L","img":"https://fd6-photos.leclercdrive.fr/image.ashx?id=2938761&use=l&cat=p&typeid=i","cat":284594},{"id":201956,"n":"Gel Douche Le Petit Marseillais Verveine citron - 250ml","p":1.89,"u":"7,56 €/MT","img":"https://fd6-photos.leclercdrive.fr/image.ashx?id=2941769&use=l&cat=p&typeid=i","cat":284594},{"id":201957,"n":"Gel douche pamplemousse orange  Le Petit marseillais - 650ml","p":3.33,"u":"5,12 €/L","img":"https://fd6-photos.leclercdrive.fr/image.ashx?id=2676123&use=l&cat=p&typeid=i","cat":284594},{"id":202047,"n":"Blanc de Poulet Tradilège -25% de sel - 6 Tranches - 180g","p":2.15,"u":"11,94 €/KG","img":"https://fd6-photos.leclercdrive.fr/image.ashx?id=2943713&use=l&cat=p&typeid=i","cat":316010},{"id":202054,"n":"Pizza Eco+ 6 fromages x2 - 680g","p":3.41,"u":"5,01 €/KG","img":"https://fd6-photos.leclercdrive.fr/image.ashx?id=2756840&use=l&cat=p&typeid=i","cat":284256},{"id":202062,"n":"Yaourt Actifidus Délisse Vanille - 16x125g","p":3.43,"u":"1,72 €/KG","img":"https://fd6-photos.leclercdrive.fr/image.ashx?id=2713658&use=l&cat=p&typeid=i","cat":286006},{"id":202064,"n":"Fromage blanc nature Délisse 500g","p":1.29,"u":"2,58 €/KG","img":"https://fd6-photos.leclercdrive.fr/image.ashx?id=3012878&use=l&cat=p&typeid=i","cat":284409},{"id":202066,"n":"Fromage blanc nature Délisse 4x100g","p":0.97,"u":"2,43 €/KG","img":"https://fd6-photos.leclercdrive.fr/image.ashx?id=3012881&use=l&cat=p&typeid=i","cat":284409},{"id":202068,"n":"Yaourt à la Grecque Délisse  450g","p":1.29,"u":"2,87 €/KG","img":"https://fd6-photos.leclercdrive.fr/image.ashx?id=2885140&use=l&cat=p&typeid=i","cat":314999},{"id":202078,"n":"Cordons bleus de dinde Eco  200g","p":1.47,"u":"7,35 €/KG","img":"https://fd6-photos.leclercdrive.fr/image.ashx?id=2860659&use=l&cat=p&typeid=i","cat":333683},{"id":202084,"n":"Saucisson sec Eco   400g","p":3.77,"u":"9,43 €/KG","img":"https://fd6-photos.leclercdrive.fr/image.ashx?id=2845140&use=l&cat=p&typeid=i","cat":316006},{"id":202481,"n":"Assortiment Raclette  600g","p":8.55,"u":"14,25 €/KG","img":"https://fd6-photos.leclercdrive.fr/image.ashx?id=2992690&use=l&cat=p&typeid=i","cat":314036},{"id":202545,"n":"Gel douche Le Petit Marseillais Fleur de Tiare - 250ml","p":1.74,"u":"6,96 €/L","img":"https://fd6-photos.leclercdrive.fr/image.ashx?id=2676093&use=l&cat=p&typeid=i","cat":284594},{"id":202560,"n":"Taille-crayon métal Esquisse Licorne","p":0.75,"img":"https://fd6-photos.leclercdrive.fr/image.ashx?id=2473942&use=l&cat=p&typeid=i","cat":334133},{"id":202561,"n":"Taille-crayon métal Esquisse Motif","p":0.75,"img":"https://fd6-photos.leclercdrive.fr/image.ashx?id=2473945&use=l&cat=p&typeid=i","cat":334133},{"id":202562,"n":"Taille-crayon métal Esquisse Skateboard","p":0.75,"img":"https://fd6-photos.leclercdrive.fr/image.ashx?id=2473948&use=l&cat=p&typeid=i","cat":334133},{"id":202585,"n":"Noix de St Jacques sauvages Sans corail - 200g","p":5.0,"u":"25,00 €/KG","img":"https://fd6-photos.leclercdrive.fr/image.ashx?id=2473471&use=l&cat=p&typeid=i","cat":319787},{"id":202623,"n":"Lentilles blondes Eco  500g","p":0.89,"u":"1,78 €/KG","img":"https://fd6-photos.leclercdrive.fr/image.ashx?id=2630049&use=l&cat=p&typeid=i","cat":284430},{"id":202647,"n":"Bière blonde Jenlain Pack 6x25cl","p":5.6,"u":"3,73 €/L","img":"https://fd6-photos.leclercdrive.fr/image.ashx?id=2474380&use=l&cat=p&typeid=i","cat":334852},{"id":202649,"n":"Bière blonde Jenlain 75 cl","p":2.79,"u":"3,72 €/L","img":"https://fd6-photos.leclercdrive.fr/image.ashx?id=2732851&use=l&cat=p&typeid=i","cat":334852},{"id":202675,"n":"Pavé d'Affinois Extra gourmand - 200g","p":2.59,"u":"12,95 €/KG","img":"https://fd6-photos.leclercdrive.fr/image.ashx?id=3002072&use=l&cat=p&typeid=i","cat":314033},{"id":202742,"n":"Oignon jaune  1kg","p":1.99,"u":"1,99 €/KG","img":"https://fd6-photos.leclercdrive.fr/image.ashx?id=1632422&use=l&cat=p&typeid=i","cat":284352},{"id":202857,"n":"Couches Pampers Premium Protection - T2 - x54","p":16.72,"u":"0,31 €/P","img":"https://fd6-photos.leclercdrive.fr/image.ashx?id=2683367&use=l&cat=p&typeid=i","cat":284737},{"id":202858,"n":"Couches Pampers Premium Protection - T4 - x39","p":17.16,"u":"0,44 €/P","img":"https://fd6-photos.leclercdrive.fr/image.ashx?id=2683370&use=l&cat=p&typeid=i","cat":284737},{"id":202870,"n":"Sucrines bicolores Panier du Primeur x3","p":1.29,"u":"0,43 €/P","img":"https://fd6-photos.leclercdrive.fr/image.ashx?id=2477544&use=l&cat=p&typeid=i","cat":284352},{"id":202871,"n":"Coeur de sucrine  Panier du Primeur x6","p":2.29,"u":"0,76 €/P","img":"https://fd6-photos.leclercdrive.fr/image.ashx?id=2477547&use=l&cat=p&typeid=i","cat":284352},{"id":202872,"n":"Sucrine Eco+ x2","p":0.89,"u":"0,45 €/P","img":"https://fd6-photos.leclercdrive.fr/image.ashx?id=2477535&use=l&cat=p&typeid=i","cat":284352},{"id":202876,"n":"Couches Pampers Baby-Dry  Pants - T6 - x32","p":17.67,"u":"0,55 €/P","img":"https://fd6-photos.leclercdrive.fr/image.ashx?id=2639116&use=l&cat=p&typeid=i","cat":284737},{"id":202884,"n":"Gel douche Adidas Ice dive - 250ml","p":1.62,"u":"6,48 €/KG","img":"https://fd6-photos.leclercdrive.fr/image.ashx?id=2990802&use=l&cat=p&typeid=i","cat":284619},{"id":202908,"n":"Skyr Yoplait  Nature 0%MG - 450G","p":2.21,"u":"4,91 €/KG","img":"https://fd6-photos.leclercdrive.fr/image.ashx?id=2884468&use=l&cat=p&typeid=i","cat":315000},{"id":202971,"n":"Fromage blanc Lindahls Protein  Stracciatella - 2x160g","p":2.15,"u":"13,44 €/KG","img":"https://fd6-photos.leclercdrive.fr/image.ashx?id=3007957&use=l&cat=p&typeid=i","cat":314999},{"id":203042,"n":"Gel Toilette Intime Extra Doux Intima Natural Hamamélis 200ml","p":3.78,"u":"18,90 €/L","img":"https://fd6-photos.leclercdrive.fr/image.ashx?id=2959871&use=l&cat=p&typeid=i","cat":284627},{"id":203043,"n":"Gel Toilette Intime Régulateur Intima Natural Cranberry 200ml","p":3.95,"u":"19,75 €/L","img":"https://fd6-photos.leclercdrive.fr/image.ashx?id=2959874&use=l&cat=p&typeid=i","cat":284627},{"id":203051,"n":"Recharge Sense & Spray Glade Relaxing Zen - 18 ml","p":3.76,"u":"208,89 €/L","img":"https://fd6-photos.leclercdrive.fr/image.ashx?id=2634355&use=l&cat=p&typeid=i","cat":311629},{"id":203057,"n":"Recharge Touch & Fresh Glade Muguet - 10ml","p":3.75,"u":"375,00 €/L","img":"https://fd6-photos.leclercdrive.fr/image.ashx?id=2506612&use=l&cat=p&typeid=i","cat":311629},{"id":203059,"n":"Recharge Touch & Fresh Glade Sandalwood & Jasmine - 10 ml","p":3.15,"u":"315,00 €/L","img":"https://fd6-photos.leclercdrive.fr/image.ashx?id=2914744&use=l&cat=p&typeid=i","cat":311629},{"id":203062,"n":"Spray désodorisant Glade  Bois de Santal & Jasmin - 269ml","p":3.92,"u":"14,57 €/L","img":"https://fd6-photos.leclercdrive.fr/image.ashx?id=2864170&use=l&cat=p&typeid=i","cat":311629},{"id":203063,"n":"Gel désodorisant Glade  Longue durée - Muguet - x1","p":1.42,"img":"https://fd6-photos.leclercdrive.fr/image.ashx?id=2479429&use=l&cat=p&typeid=i","cat":311628},{"id":203089,"n":"Pizza au feu de bois Turini Chèvre et miel - 410g","p":2.65,"u":"6,46 €/KG","img":"https://fd6-photos.leclercdrive.fr/image.ashx?id=2816615&use=l&cat=p&typeid=i","cat":284256},{"id":203203,"n":"Moulage  Kinder Surprise 36g","p":2.15,"u":"59,72 €/KG","img":"https://fd6-photos.leclercdrive.fr/image.ashx?id=2509089&use=l&cat=p&typeid=i","cat":327592},{"id":203209,"n":"Petits plaisirs  Ferrero Rocher Chocolat - 126g","p":4.83,"u":"38,33 €/KG","img":"https://fd6-photos.leclercdrive.fr/image.ashx?id=2945008&use=l&cat=p&typeid=i","cat":327600},{"id":203433,"n":"Gel douche Homme Adidas After Sport - 250ml","p":1.56,"u":"6,24 €/L","img":"https://fd6-photos.leclercdrive.fr/image.ashx?id=2990799&use=l&cat=p&typeid=i","cat":284619},{"id":203471,"n":"Banane Eco+ x4","p":0.79,"u":"0,20 €/P","img":"https://fd6-photos.leclercdrive.fr/image.ashx?id=2600252&use=l&cat=p&typeid=i","cat":284356},{"id":203476,"n":"Mâche Eco+ 125g","p":0.99,"img":"https://fd6-photos.leclercdrive.fr/image.ashx?id=2958305&use=l&cat=p&typeid=i","cat":284352},{"id":203642,"n":"Porto Tawny Eco+ 75Cl","p":5.43,"u":"7,24 €/L","img":"https://fd6-photos.leclercdrive.fr/image.ashx?id=2869844&use=l&cat=p&typeid=i","cat":284913},{"id":203676,"n":"Sphère voiture 2 en 1 Aura Santal et cèdre - 6ml","p":3.26,"u":"543,33 €/L","img":"https://fd6-photos.leclercdrive.fr/image.ashx?id=2532817&use=l&cat=p&typeid=i","cat":298252},{"id":203682,"n":"Tartinable surimi crabe Simon Dutriaux - 135g","p":1.98,"u":"14,67 €/KG","img":"https://fd6-photos.leclercdrive.fr/image.ashx?id=2664923&use=l&cat=p&typeid=i","cat":285191},{"id":203683,"n":"Tartinable de thon Simon Dutriaux - 135g","p":1.99,"u":"14,74 €/KG","img":"https://fd6-photos.leclercdrive.fr/image.ashx?id=2590184&use=l&cat=p&typeid=i","cat":285191},{"id":203684,"n":"Tartinable thon piquant Simon Dutriaux - 135g","p":2.23,"u":"16,52 €/KG","img":"https://fd6-photos.leclercdrive.fr/image.ashx?id=2484870&use=l&cat=p&typeid=i","cat":285191},{"id":203686,"n":"Cocktail de crevettes roses Simon Dutriaux - 135g","p":2.05,"u":"15,19 €/KG","img":"https://fd6-photos.leclercdrive.fr/image.ashx?id=2484876&use=l&cat=p&typeid=i","cat":285191},{"id":203688,"n":"Filet américain préparé Simon Dutriaux - 135g","p":2.21,"u":"16,37 €/KG","img":"https://fd6-photos.leclercdrive.fr/image.ashx?id=2664926&use=l&cat=p&typeid=i","cat":285191},{"id":203689,"n":"Tartinable de poulet Simon Dutriaux - 135g","p":2.02,"u":"14,96 €/KG","img":"https://fd6-photos.leclercdrive.fr/image.ashx?id=2590190&use=l&cat=p&typeid=i","cat":285191},{"id":203754,"n":"Sauce Pesto Barilla Basilic Pistache - 190g","p":3.15,"u":"16,58 €/KG","img":"https://fd6-photos.leclercdrive.fr/image.ashx?id=2486455&use=l&cat=p&typeid=i","cat":287599},{"id":203801,"n":"Dentifrice Parodontax Haleine gencives et Sensibilité 75ml","p":5.47,"u":"72,93 €/L","img":"https://fd6-photos.leclercdrive.fr/image.ashx?id=2487084&use=l&cat=p&typeid=i","cat":284612},{"id":203821,"n":"Boîte chien Pedigree  Cuisinés en sauce - 6x400g","p":8.44,"u":"3,52 €/KG","img":"https://fd6-photos.leclercdrive.fr/image.ashx?id=2849722&use=l&cat=p&typeid=i","cat":288578},{"id":203823,"n":"Sachet fraicheur chat Whiskas Carte mixte en gelée - 48x85g","p":15.98,"u":"3,92 €/KG","img":"https://fd6-photos.leclercdrive.fr/image.ashx?id=2486916&use=l&cat=p&typeid=i","cat":285286},{"id":203826,"n":"Sachet fraicheur chat Whiskas Poissons en gelée - 12x85g","p":4.85,"u":"4,75 €/KG","img":"https://fd6-photos.leclercdrive.fr/image.ashx?id=2486910&use=l&cat=p&typeid=i","cat":285286},{"id":203828,"n":"Sachet repas chaton Whiskas Festins volaille gelée - 12x85g","p":5.52,"u":"5,41 €/KG","img":"https://fd6-photos.leclercdrive.fr/image.ashx?id=2487093&use=l&cat=p&typeid=i","cat":285286},{"id":204050,"n":"Haricots vert Bio Village Bio 220g","p":1.49,"u":"6,77 €/KG","img":"https://fd6-photos.leclercdrive.fr/image.ashx?id=3002716&use=l&cat=p&typeid=i","cat":312606},{"id":204057,"n":"Céréales Spécial K Kellogg's Chocolat noir - 500g","p":4.09,"u":"8,18 €/KG","img":"https://fd6-photos.leclercdrive.fr/image.ashx?id=2692710&use=l&cat=p&typeid=i","cat":309512},{"id":204058,"n":"Céréales Special K Kellogg's Chocolat au Lait - 500g","p":4.55,"u":"9,10 €/KG","img":"https://fd6-photos.leclercdrive.fr/image.ashx?id=2692713&use=l&cat=p&typeid=i","cat":309512},{"id":204061,"n":"Mais Bio Village Bio - 285g","p":1.09,"u":"3,82 €/KG","img":"https://fd6-photos.leclercdrive.fr/image.ashx?id=3002719&use=l&cat=p&typeid=i","cat":312611},{"id":204073,"n":"Fromage Fouetté Ail Fines Herbe à tartiner Les Croisés - 150g","p":1.53,"u":"10,20 €/KG","img":"https://fd6-photos.leclercdrive.fr/image.ashx?id=2487398&use=l&cat=p&typeid=i","cat":314029},{"id":204131,"n":"Nettoyant four Decapfour  Express - 500ml","p":3.57,"u":"7,14 €/L","img":"https://fd6-photos.leclercdrive.fr/image.ashx?id=2489719&use=l&cat=p&typeid=i","cat":325363},{"id":204157,"n":"Pâte feuilletée Herta Trésor de Grand-Mère  280g","p":1.55,"u":"5,54 €/KG","img":"https://fd6-photos.leclercdrive.fr/image.ashx?id=2833303&use=l&cat=p&typeid=i","cat":333681},{"id":204159,"n":"Pâte à tarte sablée Herta Trésor de Grand-Mère - 280g","p":1.87,"u":"6,68 €/KG","img":"https://fd6-photos.leclercdrive.fr/image.ashx?id=2814536&use=l&cat=p&typeid=i","cat":333681},{"id":204164,"n":"Sachet fraicheur chat Whiskas Poissons en gelée - 24x85g","p":10.19,"u":"5,00 €/KG","img":"https://fd6-photos.leclercdrive.fr/image.ashx?id=2490200&use=l&cat=p&typeid=i","cat":285286},{"id":204169,"n":"Sachet fraicheur chat Whiskas Festins volaille gelée - 12x85g","p":4.95,"u":"4,85 €/KG","img":"https://fd6-photos.leclercdrive.fr/image.ashx?id=2490329&use=l&cat=p&typeid=i","cat":285286},{"id":204179,"n":"Sachet fraicheur chat Whiskas Tasty Mix en sauce - 40x85g","p":15.33,"u":"4,51 €/KG","img":"https://fd6-photos.leclercdrive.fr/image.ashx?id=2589488&use=l&cat=p&typeid=i","cat":285286},{"id":204275,"n":"Soin Hydratant So Bio Etic Grenade bio - 50ml","p":12.21,"u":"244,20 €/L","img":"https://fd6-photos.leclercdrive.fr/image.ashx?id=2787110&use=l&cat=p&typeid=i","cat":325345},{"id":204302,"n":"Shampoing nutrition Ultra Doux Lait de coco - 300ml","p":3.05,"u":"10,17 €/L","img":"https://fd6-photos.leclercdrive.fr/image.ashx?id=2492788&use=l&cat=p&typeid=i","cat":284606},{"id":204303,"n":"Shampoing purifiant Ultra Doux Cheveux gras - 300ml","p":2.99,"u":"9,97 €/L","img":"https://fd6-photos.leclercdrive.fr/image.ashx?id=2492791&use=l&cat=p&typeid=i","cat":284606},{"id":204304,"n":"Shampoing Illuminant Ultra Doux Camomille - 300ml","p":3.53,"u":"11,77 €/L","img":"https://fd6-photos.leclercdrive.fr/image.ashx?id=2926596&use=l&cat=p&typeid=i","cat":284606},{"id":204305,"n":"Shampoing nutrition Ultra Doux Argan et camélia - 300ml","p":2.52,"u":"8,40 €/L","img":"https://fd6-photos.leclercdrive.fr/image.ashx?id=2492797&use=l&cat=p&typeid=i","cat":284606},{"id":204306,"n":"Shampoing nutrition Ultra Doux Cheveu Bouclé à Frisé - 300ml","p":3.53,"u":"11,77 €/L","img":"https://fd6-photos.leclercdrive.fr/image.ashx?id=2926599&use=l&cat=p&typeid=i","cat":284606},{"id":204307,"n":"Shampoing Couleur Ultra Doux Cheveux colorés - 300ml","p":2.52,"u":"8,40 €/L","img":"https://fd6-photos.leclercdrive.fr/image.ashx?id=2492803&use=l&cat=p&typeid=i","cat":284606},{"id":204308,"n":"Shampoing Enfants Ultra Doux Abricot - 300ml","p":2.7,"u":"9,00 €/L","img":"https://fd6-photos.leclercdrive.fr/image.ashx?id=2851093&use=l&cat=p&typeid=i","cat":284606},{"id":204310,"n":"Shampoing Hydratant Ultra Doux Cheveux délicats - 300ml","p":2.85,"u":"9,50 €/L","img":"https://fd6-photos.leclercdrive.fr/image.ashx?id=2492812&use=l&cat=p&typeid=i","cat":284606},{"id":204311,"n":"Shampoing doux Ultra Doux Extrait de tilleul - 300ml","p":2.93,"u":"9,77 €/L","img":"https://fd6-photos.leclercdrive.fr/image.ashx?id=2492815&use=l&cat=p&typeid=i","cat":284606},{"id":204312,"n":"Shampoing Ultra Doux  Erable Huile de Ricin - 300ml","p":2.49,"u":"8,30 €/L","img":"https://fd6-photos.leclercdrive.fr/image.ashx?id=2492818&use=l&cat=p&typeid=i","cat":284606},{"id":204313,"n":"Après-shampooing karité Garnier Cheveu bouclé à Frisé - 250ml","p":2.49,"u":"9,96 €/L","img":"https://fd6-photos.leclercdrive.fr/image.ashx?id=2986651&use=l&cat=p&typeid=i","cat":284607},{"id":204314,"n":"Après-shampoing Ultra doux Cheveux fragiles - 250ml","p":2.59,"u":"10,36 €/L","img":"https://fd6-photos.leclercdrive.fr/image.ashx?id=2646569&use=l&cat=p&typeid=i","cat":284607},{"id":204315,"n":"Démêlant nourrissant Garnier Cheveu sec à très sec - 250ml","p":3.11,"u":"12,44 €/L","img":"https://fd6-photos.leclercdrive.fr/image.ashx?id=2492827&use=l&cat=p&typeid=i","cat":284607},{"id":204316,"n":"Shampoing réparateur Ultra Doux Cheveux fragiles - 300ml","p":2.52,"u":"8,40 €/L","img":"https://fd6-photos.leclercdrive.fr/image.ashx?id=2646572&use=l&cat=p&typeid=i","cat":284606},{"id":204323,"n":"Chips Vico Paprika - 125g","p":1.32,"u":"10,56 €/KG","img":"https://fd6-photos.leclercdrive.fr/image.ashx?id=2921298&use=l&cat=p&typeid=i","cat":284447},{"id":204327,"n":"Soupe instantanée Royco  Velouté Tomates - 4x200ml","p":1.42,"u":"1,78 €/L","img":"https://fd6-photos.leclercdrive.fr/image.ashx?id=2650991&use=l&cat=p&typeid=i","cat":293527},{"id":204328,"n":"Soupe instantanée Royco  Mouliné 12 Légumes - 4x200ml","p":1.71,"u":"2,14 €/L","img":"https://fd6-photos.leclercdrive.fr/image.ashx?id=2650994&use=l&cat=p&typeid=i","cat":293527},{"id":204329,"n":"Soupe liquide Liebig  Façon napolitaine - 1L","p":3.04,"u":"3,04 €/L","img":"https://fd6-photos.leclercdrive.fr/image.ashx?id=2493133&use=l&cat=p&typeid=i","cat":284462},{"id":204330,"n":"Soupe liquide brique Liebig  Poule Vermicelles - 1L","p":2.19,"u":"2,19 €/L","img":"https://fd6-photos.leclercdrive.fr/image.ashx?id=2493136&use=l&cat=p&typeid=i","cat":284462},{"id":204383,"n":"Mini pizzas Piccolinis Buitoni 3 Formaggi x9 - 270g","p":2.84,"u":"10,52 €/KG","img":"https://fd6-photos.leclercdrive.fr/image.ashx?id=2493649&use=l&cat=p&typeid=i","cat":319774},{"id":204386,"n":"Mini pizzas Piccolinis Buitoni Bolognaise x9 - 270g","p":2.76,"u":"10,22 €/KG","img":"https://fd6-photos.leclercdrive.fr/image.ashx?id=2493655&use=l&cat=p&typeid=i","cat":319774},{"id":204488,"n":"Dentifrice Aquafresh Triple Protection Blancheur - 125ml","p":1.87,"u":"14,96 €/L","img":"https://fd6-photos.leclercdrive.fr/image.ashx?id=2546755&use=l&cat=p&typeid=i","cat":284612},{"id":204531,"n":"Tartinable de thon  Simon Dutriaux - 270g","p":3.68,"u":"13,63 €/KG","img":"https://fd6-photos.leclercdrive.fr/image.ashx?id=2494497&use=l&cat=p&typeid=i","cat":285191},{"id":204532,"n":"Tartinable surimi crabe Simon Dutriaux - 270g","p":3.69,"u":"13,67 €/KG","img":"https://fd6-photos.leclercdrive.fr/image.ashx?id=2494494&use=l&cat=p&typeid=i","cat":285191},{"id":204533,"n":"Tartinable de poulet Simon Dutriaux - 270g","p":3.68,"u":"13,63 €/KG","img":"https://fd6-photos.leclercdrive.fr/image.ashx?id=2494500&use=l&cat=p&typeid=i","cat":285191},{"id":204534,"n":"Tartinable de poulet indienne Simon Dutriaux - 135g","p":2.0,"u":"14,81 €/KG","img":"https://fd6-photos.leclercdrive.fr/image.ashx?id=2590193&use=l&cat=p&typeid=i","cat":285191},{"id":204535,"n":"Tartinable de poulet sauce pita Simon Dutriaux - 270g","p":3.83,"u":"14,19 €/KG","img":"https://fd6-photos.leclercdrive.fr/image.ashx?id=2494503&use=l&cat=p&typeid=i","cat":285191},{"id":204620,"n":"Purée Butternut Patate douce Notre Jardin - 750g","p":3.49,"u":"4,65 €/KG","img":"https://fd6-photos.leclercdrive.fr/image.ashx?id=2856208&use=l&cat=p&typeid=i","cat":319805},{"id":204624,"n":"Crousti Express Findus Rissolées - 2x100g","p":1.85,"u":"9,25 €/KG","img":"https://fd6-photos.leclercdrive.fr/image.ashx?id=2653786&use=l&cat=p&typeid=i","cat":319792},{"id":204664,"n":"Diffuseur de parfum linge frais Aura - 40ml","p":5.76,"u":"144,00 €/L","img":"https://fd6-photos.leclercdrive.fr/image.ashx?id=2507281&use=l&cat=p&typeid=i","cat":311629},{"id":204700,"n":"BB crème soin 5en1 Garnier Anti-âge teinte medium - 50ml","p":8.32,"u":"166,40 €/L","img":"https://fd6-photos.leclercdrive.fr/image.ashx?id=2494974&use=l&cat=p&typeid=i","cat":325345},{"id":204701,"n":"BB Crème Soin Tout en 1 Garnier Teinte claire - 50ml","p":7.51,"u":"150,20 €/L","img":"https://fd6-photos.leclercdrive.fr/image.ashx?id=2495746&use=l&cat=p&typeid=i","cat":325345},{"id":204702,"n":"BB Crème Soin tout en 1 Garnier Teinte medium - 50ml","p":7.51,"u":"150,20 €/L","img":"https://fd6-photos.leclercdrive.fr/image.ashx?id=2494977&use=l&cat=p&typeid=i","cat":325345},{"id":204717,"n":"Soda Schweppes Saveur Agrumes Zero - 1,5L","p":1.71,"u":"1,14 €/L","img":"https://fd6-photos.leclercdrive.fr/image.ashx?id=2852444&use=l&cat=p&typeid=i","cat":284532},{"id":204718,"n":"Soda Schweppes Saveur Agrumes - 1,5L","p":1.67,"u":"1,11 €/L","img":"https://fd6-photos.leclercdrive.fr/image.ashx?id=2852447&use=l&cat=p&typeid=i","cat":284532},{"id":204719,"n":"Soda Schweppes Indian Tonic - 1,5L","p":1.74,"u":"1,16 €/L","img":"https://fd6-photos.leclercdrive.fr/image.ashx?id=2852456&use=l&cat=p&typeid=i","cat":284531},{"id":204731,"n":"Sachet fraîcheur chat Whiskas  Sélection en sauce - 12x85g","p":5.18,"u":"5,08 €/KG","img":"https://fd6-photos.leclercdrive.fr/image.ashx?id=2495764&use=l&cat=p&typeid=i","cat":285286},{"id":204734,"n":"Boîte chien Pedigree Cuisinés en sauce - 3x800g","p":7.35,"u":"3,06 €/KG","img":"https://fd6-photos.leclercdrive.fr/image.ashx?id=2849731&use=l&cat=p&typeid=i","cat":288578},{"id":204747,"n":"Dentifrice Aquafresh Menthe fraîche - 125ml","p":1.79,"u":"14,32 €/L","img":"https://fd6-photos.leclercdrive.fr/image.ashx?id=2546752&use=l&cat=p&typeid=i","cat":284612},{"id":204748,"n":"Boisson énergisante Red Bull Goût Abricot-Fraise, 250ml","p":1.28,"u":"5,12 €/L","img":"https://fd6-photos.leclercdrive.fr/image.ashx?id=3011995&use=l&cat=p&typeid=i","cat":284533},{"id":204788,"n":"Gnocchi à poêler Lustucru 325g","p":1.44,"u":"4,43 €/KG","img":"https://fd6-photos.leclercdrive.fr/image.ashx?id=2975218&use=l&cat=p&typeid=i","cat":333682},{"id":204789,"n":"Gnocchi à poêler Lustucru 520g","p":2.27,"u":"4,37 €/KG","img":"https://fd6-photos.leclercdrive.fr/image.ashx?id=2792423&use=l&cat=p&typeid=i","cat":333682},{"id":204791,"n":"Gnocchi à poêler Lustucru  Format XXL - 720g","p":2.82,"u":"3,92 €/KG","img":"https://fd6-photos.leclercdrive.fr/image.ashx?id=2788556&use=l&cat=p&typeid=i","cat":333682},{"id":204792,"n":"Girasoli Lustucru Tomate Basilic Mozzarella 250g","p":2.47,"u":"9,88 €/KG","img":"https://fd6-photos.leclercdrive.fr/image.ashx?id=2974363&use=l&cat=p&typeid=i","cat":333682},{"id":204796,"n":"Tortellini Lustucru Jambon cru - 250g","p":2.32,"u":"9,28 €/KG","img":"https://fd6-photos.leclercdrive.fr/image.ashx?id=2974360&use=l&cat=p&typeid=i","cat":333682},{"id":204797,"n":"Nectar de mangue Eco+ 1L","p":1.39,"u":"1,39 €/L","img":"https://fd6-photos.leclercdrive.fr/image.ashx?id=2955608&use=l&cat=p&typeid=i","cat":284916},{"id":204814,"n":"Oignon 2kg","p":1.99,"u":"1,00 €/KG","img":"https://fd6-photos.leclercdrive.fr/image.ashx?id=1632590&use=l&cat=p&typeid=i","cat":284352},{"id":204871,"n":"Nectar de banane Eco+ 1L","p":1.63,"u":"1,63 €/L","img":"https://fd6-photos.leclercdrive.fr/image.ashx?id=2955611&use=l&cat=p&typeid=i","cat":284915},{"id":204908,"n":"Emincés 100% végétal Accro 160g","p":2.9,"u":"18,13 €/KG","img":"https://fd6-photos.leclercdrive.fr/image.ashx?id=2498437&use=l&cat=p&typeid=i","cat":316036},{"id":204922,"n":"Tartinable de thon sauce ch'ti Simon Dutriaux - 270g","p":3.79,"u":"14,04 €/KG","img":"https://fd6-photos.leclercdrive.fr/image.ashx?id=2497178&use=l&cat=p&typeid=i","cat":285191},{"id":204954,"n":"Haché Extra Moelleux Charal Façon Bouchère 8x110g - 880g","p":10.95,"u":"12,44 €/KG","img":"https://fd6-photos.leclercdrive.fr/image.ashx?id=2731732&use=l&cat=p&typeid=i","cat":319778},{"id":205019,"n":"Viande séché extra maigre Gourmets de l'Artois -100g","p":3.09,"u":"30,90 €/KG","img":"https://fd6-photos.leclercdrive.fr/image.ashx?id=2498407&use=l&cat=p&typeid=i","cat":316007},{"id":205232,"n":"Serviettes Always Ultra Normal Plus - T1 - x14","p":2.66,"u":"0,19 €/P","img":"https://fd6-photos.leclercdrive.fr/image.ashx?id=2851321&use=l&cat=p&typeid=i","cat":284624},{"id":205233,"n":"Serviettes Always Ultra Long - T2 - x12","p":2.69,"u":"0,22 €/P","img":"https://fd6-photos.leclercdrive.fr/image.ashx?id=2851324&use=l&cat=p&typeid=i","cat":284624},{"id":205235,"n":"Serviettes Always Ultra Secure night -T4 - x9","p":2.47,"u":"0,27 €/P","img":"https://fd6-photos.leclercdrive.fr/image.ashx?id=2851330&use=l&cat=p&typeid=i","cat":284624},{"id":205236,"n":"Protège-slip Always Fresh & Protect - Normal - x30","p":2.07,"u":"0,07 €/P","img":"https://fd6-photos.leclercdrive.fr/image.ashx?id=2949070&use=l&cat=p&typeid=i","cat":284625},{"id":205237,"n":"Sérum anti-âge L'Oréal Paris Revitalift Vitamine C - 30ml","p":14.15,"u":"471,67 €/L","img":"https://fd6-photos.leclercdrive.fr/image.ashx?id=3003351&use=l&cat=p&typeid=i","cat":325345},{"id":205238,"n":"Savon Eco+ Amande douce - 150g","p":0.61,"u":"4,07 €/KG","img":"https://fd6-photos.leclercdrive.fr/image.ashx?id=2499058&use=l&cat=p&typeid=i","cat":284597},{"id":205239,"n":"Nettoyant four Decapfour Confort - 500ml","p":4.3,"u":"8,60 €/L","img":"https://fd6-photos.leclercdrive.fr/image.ashx?id=2499669&use=l&cat=p&typeid=i","cat":325363},{"id":205281,"n":"Huile d'olive vierge extra Terra Delyssa - 75cl","p":9.7,"u":"12,93 €/L","img":"https://fd6-photos.leclercdrive.fr/image.ashx?id=2679356&use=l&cat=p&typeid=i","cat":284453},{"id":205294,"n":"Eau de repassage lavande Mieuxa - 1L","p":1.29,"u":"1,29 €/L","img":"https://fd6-photos.leclercdrive.fr/image.ashx?id=2500105&use=l&cat=p&typeid=i","cat":300576},{"id":205311,"n":"Masque Remède Garnier Cheveux normaux à gras - 340ml","p":4.77,"u":"14,03 €/L","img":"https://fd6-photos.leclercdrive.fr/image.ashx?id=2500171&use=l&cat=p&typeid=i","cat":284608},{"id":205312,"n":"Coloration Permanente Olia 4.0 Châtain cacao","p":12.35,"img":"https://fd6-photos.leclercdrive.fr/image.ashx?id=2518718&use=l&cat=p&typeid=i","cat":288899},{"id":205313,"n":"Coloration Permanente Olia 5.0 Châtain Clair Café","p":12.15,"img":"https://fd6-photos.leclercdrive.fr/image.ashx?id=2521167&use=l&cat=p&typeid=i","cat":288899},{"id":205314,"n":"Coloration Permanente Olia 6.0 Châtain Très Clair","p":12.38,"img":"https://fd6-photos.leclercdrive.fr/image.ashx?id=2521170&use=l&cat=p&typeid=i","cat":288899},{"id":205315,"n":"Coloration Permanente Olia 8.0 Blond miel sans ammoniaque","p":11.36,"u":"11,36 €/TRC","img":"https://fd6-photos.leclercdrive.fr/image.ashx?id=2521173&use=l&cat=p&typeid=i","cat":288899},{"id":205317,"n":"Après-Shampooing Garnier Cheveux normaux à gras - 200ml","p":2.61,"u":"13,05 €/L","img":"https://fd6-photos.leclercdrive.fr/image.ashx?id=2500174&use=l&cat=p&typeid=i","cat":284607},{"id":205318,"n":"Shampoing charbon Ultra Doux Equilibrant - 250ml","p":2.39,"u":"9,56 €/L","img":"https://fd6-photos.leclercdrive.fr/image.ashx?id=2500177&use=l&cat=p&typeid=i","cat":284606},{"id":205319,"n":"Coloration Garnier Good 3.12 Châtain foncé Myrtille","p":11.78,"img":"https://fd6-photos.leclercdrive.fr/image.ashx?id=2521176&use=l&cat=p&typeid=i","cat":288899},{"id":205320,"n":"Masque Assouplissant Garnier Cheveu sec à très sec - 340ml","p":5.12,"u":"15,06 €/L","img":"https://fd6-photos.leclercdrive.fr/image.ashx?id=2500162&use=l&cat=p&typeid=i","cat":284608},{"id":205321,"n":"Masque Merveilleux Garnier Cheveux Secs, Ternes - 340ml","p":5.18,"u":"15,24 €/L","img":"https://fd6-photos.leclercdrive.fr/image.ashx?id=2500165&use=l&cat=p&typeid=i","cat":284608},{"id":205322,"n":"Masque remède Nutrition Garnier Avocat karité - 340ml","p":4.61,"u":"13,56 €/L","img":"https://fd6-photos.leclercdrive.fr/image.ashx?id=2875453&use=l&cat=p&typeid=i","cat":284608},{"id":205327,"n":"Pâte Nocciolata Bio cacao 250g","p":3.4,"u":"13,60 €/KG","img":"https://fd6-photos.leclercdrive.fr/image.ashx?id=2807897&use=l&cat=p&typeid=i","cat":284481},{"id":205344,"n":"Pâte à tartiner Nocciolata  Bio cacao Noisettes - 650g","p":7.87,"u":"12,11 €/KG","img":"https://fd6-photos.leclercdrive.fr/image.ashx?id=2883248&use=l&cat=p&typeid=i","cat":284481},{"id":205347,"n":"Pâte à Nocciolata  Bio Cacao - 250g","p":3.51,"u":"14,04 €/KG","img":"https://fd6-photos.leclercdrive.fr/image.ashx?id=2883251&use=l&cat=p&typeid=i","cat":284481},{"id":205351,"n":"Pâte à tartiner Nocciolata  Bio - 650g","p":7.84,"u":"12,06 €/KG","img":"https://fd6-photos.leclercdrive.fr/image.ashx?id=2868194&use=l&cat=p&typeid=i","cat":284481},{"id":205459,"n":"Sandwich Wraper's Sodebo  Poulet Bacon - 190g","p":3.06,"u":"16,11 €/KG","img":"https://fd6-photos.leclercdrive.fr/image.ashx?id=2886789&use=l&cat=p&typeid=i","cat":333658},{"id":205522,"n":"Shampoing Réparateur Elsève Pro Bond Repair - 200ml","p":5.04,"u":"25,20 €/L","img":"https://fd6-photos.leclercdrive.fr/image.ashx?id=3008779&use=l&cat=p&typeid=i","cat":284606},{"id":205525,"n":"Démêlant Intense Elsève Pro Bond Repair - 150ml","p":5.87,"u":"39,13 €/L","img":"https://fd6-photos.leclercdrive.fr/image.ashx?id=3008782&use=l&cat=p&typeid=i","cat":284607},{"id":205853,"n":"Couches Pampers Baby-dry T5 - x39","p":18.63,"u":"0,48 €/P","img":"https://fd6-photos.leclercdrive.fr/image.ashx?id=2655160&use=l&cat=p&typeid=i","cat":284737},{"id":205876,"n":"Nettoyant dilué Mr Propre Bicarbonate - 1L","p":3.27,"u":"3,27 €/L","img":"https://fd6-photos.leclercdrive.fr/image.ashx?id=2867842&use=l&cat=p&typeid=i","cat":284907},{"id":205892,"n":"Nettoyant multi-usages Mr Propre - Savon noir - 1L","p":3.24,"u":"3,24 €/L","img":"https://fd6-photos.leclercdrive.fr/image.ashx?id=2889976&use=l&cat=p&typeid=i","cat":284907},{"id":205935,"n":"Couches Pampers Premium Protection - T3 - x46","p":16.79,"u":"0,37 €/P","img":"https://fd6-photos.leclercdrive.fr/image.ashx?id=2681955&use=l&cat=p&typeid=i","cat":284737},{"id":205938,"n":"Couches Pampers Baby-dry Taille 2 - x58","p":16.35,"u":"0,28 €/P","img":"https://fd6-photos.leclercdrive.fr/image.ashx?id=2655151&use=l&cat=p&typeid=i","cat":284737},{"id":205940,"n":"Couches Pampers Baby-dry T4+ - x40","p":17.03,"u":"0,43 €/P","img":"https://fd6-photos.leclercdrive.fr/image.ashx?id=2655526&use=l&cat=p&typeid=i","cat":284737},{"id":205941,"n":"Couches Pampers Baby-dry T4 - x45","p":16.49,"u":"0,37 €/P","img":"https://fd6-photos.leclercdrive.fr/image.ashx?id=2655157&use=l&cat=p&typeid=i","cat":284737},{"id":205942,"n":"Couches Pampers Baby-dry T3 - x52","p":16.56,"u":"0,32 €/P","img":"https://fd6-photos.leclercdrive.fr/image.ashx?id=2655154&use=l&cat=p&typeid=i","cat":284737},{"id":205943,"n":"Couches Pampers Baby-dry T6 - x34","p":17.32,"u":"0,51 €/P","img":"https://fd6-photos.leclercdrive.fr/image.ashx?id=2655532&use=l&cat=p&typeid=i","cat":284737},{"id":205945,"n":"Couches Pampers Premium Protection - T1 - x42","p":10.49,"u":"0,25 €/P","img":"https://fd6-photos.leclercdrive.fr/image.ashx?id=2681958&use=l&cat=p&typeid=i","cat":284737},{"id":205986,"n":"Blanc de poulet doré au four Isla Mondial Halal - 120g","p":3.44,"u":"28,67 €/KG","img":"https://fd6-photos.leclercdrive.fr/image.ashx?id=2533772&use=l&cat=p&typeid=i","cat":316013},{"id":206033,"n":"Biscuits Mots Doux P'tit Déli Chocolat noisettes - 180g","p":1.89,"u":"10,50 €/KG","img":"https://fd6-photos.leclercdrive.fr/image.ashx?id=2771136&use=l&cat=p&typeid=i","cat":284488},{"id":206050,"n":"Thé glacé Fuze Tea Framboise Menthe  Sans sucres - 1.25L","p":1.59,"u":"1,27 €/L","img":"https://fd6-photos.leclercdrive.fr/image.ashx?id=2997217&use=l&cat=p&typeid=i","cat":295019},{"id":206105,"n":"Gel Nettoyant Visage Nivea Peaux à Imperfections - 150ml","p":4.23,"u":"28,20 €/L","img":"https://fd6-photos.leclercdrive.fr/image.ashx?id=2878243&use=l&cat=p&typeid=i","cat":284603},{"id":206106,"n":"Crème Visage Nuit Nivea Peaux à Imperfections - 40ml","p":6.95,"u":"173,75 €/L","img":"https://fd6-photos.leclercdrive.fr/image.ashx?id=2894999&use=l&cat=p&typeid=i","cat":325345},{"id":206108,"n":"Gommage Visage Nivea Peaux à Imperfections - 150ml","p":5.17,"u":"34,47 €/L","img":"https://fd6-photos.leclercdrive.fr/image.ashx?id=2836121&use=l&cat=p&typeid=i","cat":325346},{"id":206114,"n":"Américain préparé Simon Dutriaux - 270g","p":4.25,"u":"15,74 €/KG","img":"https://fd6-photos.leclercdrive.fr/image.ashx?id=2508624&use=l&cat=p&typeid=i","cat":285191},{"id":206115,"n":"Serviette hygiénique Always Ultra normal - T1 - x16","p":2.73,"u":"0,17 €/P","img":"https://fd6-photos.leclercdrive.fr/image.ashx?id=2867809&use=l&cat=p&typeid=i","cat":284624},{"id":206123,"n":"Liquide vaisselle Paic Bi Activ Vinaigre et Sel minéral - 750ml","p":2.88,"u":"3,84 €/L","img":"https://fd6-photos.leclercdrive.fr/image.ashx?id=2508843&use=l&cat=p&typeid=i","cat":284655},{"id":206125,"n":"Riz parfumé  1kg","p":2.29,"u":"2,29 €/KG","img":"https://fd6-photos.leclercdrive.fr/image.ashx?id=2515521&use=l&cat=p&typeid=i","cat":284428},{"id":206126,"n":"Infusion La Tisanière Nuit calme - x20 - 28g","p":2.72,"u":"97,14 €/KG","img":"https://fd6-photos.leclercdrive.fr/image.ashx?id=2907863&use=l&cat=p&typeid=i","cat":293234},{"id":206128,"n":"Pâte à tartiner Nocciolata Bio Praliné Noisettes - 250g","p":3.41,"u":"13,64 €/KG","img":"https://fd6-photos.leclercdrive.fr/image.ashx?id=2883254&use=l&cat=p&typeid=i","cat":284481},{"id":206130,"n":"Rasoir Gillette Venus Smooth 2 lames - x1","p":9.11,"img":"https://fd6-photos.leclercdrive.fr/image.ashx?id=2595803&use=l&cat=p&typeid=i","cat":325352},{"id":206140,"n":"Sirop concentré Teisseire Citron vert - 60cl","p":3.3,"u":"5,50 €/L","img":"https://fd6-photos.leclercdrive.fr/image.ashx?id=2508591&use=l&cat=p&typeid=i","cat":295020},{"id":206142,"n":"Sirop Teisseire  Fraise - 60cl","p":3.3,"u":"5,50 €/L","img":"https://fd6-photos.leclercdrive.fr/image.ashx?id=2771750&use=l&cat=p&typeid=i","cat":295020},{"id":206143,"n":"Sirop Teisseire  Pêche - 60cl","p":3.3,"u":"5,50 €/L","img":"https://fd6-photos.leclercdrive.fr/image.ashx?id=2508597&use=l&cat=p&typeid=i","cat":295020},{"id":206144,"n":"Boisson concentrée Teisseire A diluer grenadine Zéro - 60cl","p":2.86,"u":"4,77 €/L","img":"https://fd6-photos.leclercdrive.fr/image.ashx?id=2508600&use=l&cat=p&typeid=i","cat":295020},{"id":206149,"n":"Boisson concentrée Teisseire Citron sans sucres - 60cl","p":3.09,"u":"5,15 €/L","img":"https://fd6-photos.leclercdrive.fr/image.ashx?id=2508606&use=l&cat=p&typeid=i","cat":295020},{"id":206154,"n":"Saucisson Herta  Fuet - 180g","p":2.84,"u":"15,78 €/KG","img":"https://fd6-photos.leclercdrive.fr/image.ashx?id=2767648&use=l&cat=p&typeid=i","cat":316006},{"id":206158,"n":"Steaks végétaux et gourmands Happyvore x2 - 200g","p":3.65,"u":"18,25 €/KG","img":"https://fd6-photos.leclercdrive.fr/image.ashx?id=2736148&use=l&cat=p&typeid=i","cat":316036},{"id":206162,"n":"Fricadelles Rafina x20 - 1.4kg","p":5.19,"u":"3,71 €/KG","img":"https://fd6-photos.leclercdrive.fr/image.ashx?id=2509769&use=l&cat=p&typeid=i","cat":321330},{"id":206163,"n":"Sirop Teisseire  Menthe verte - 60cl","p":2.25,"u":"3,75 €/L","img":"https://fd6-photos.leclercdrive.fr/image.ashx?id=2772726&use=l&cat=p&typeid=i","cat":295020},{"id":206164,"n":"Sirop Teisseire  Grenadine - 60cl","p":2.2,"u":"3,67 €/L","img":"https://fd6-photos.leclercdrive.fr/image.ashx?id=2772729&use=l&cat=p&typeid=i","cat":295020},{"id":206169,"n":"Sirop Tesseire Citron - 60cl","p":2.25,"u":"3,75 €/L","img":"https://fd6-photos.leclercdrive.fr/image.ashx?id=2771747&use=l&cat=p&typeid=i","cat":295020},{"id":206171,"n":"Knax végétales et gourmandes Happyvore - 200g","p":3.81,"u":"19,05 €/KG","img":"https://fd6-photos.leclercdrive.fr/image.ashx?id=2787524&use=l&cat=p&typeid=i","cat":316036},{"id":206172,"n":"Biscuits Kinder Tronky fourrés Cacao et au lait  - 90g","p":1.94,"u":"21,56 €/KG","img":"https://fd6-photos.leclercdrive.fr/image.ashx?id=2916462&use=l&cat=p&typeid=i","cat":284488},{"id":206211,"n":"Olives vertes dénoyautées  À la Provençale - 200g","p":2.99,"u":"14,95 €/KG","img":"https://fd6-photos.leclercdrive.fr/image.ashx?id=2647796&use=l&cat=p&typeid=i","cat":316002},{"id":206299,"n":"Sirop Teisseire  Cerise - 60cl","p":3.43,"u":"5,72 €/L","img":"https://fd6-photos.leclercdrive.fr/image.ashx?id=2510777&use=l&cat=p&typeid=i","cat":295020},{"id":206315,"n":"Boisson énergisante  Monster - Juiced khaotic 50cl","p":1.6,"u":"3,20 €/L","img":"https://fd6-photos.leclercdrive.fr/image.ashx?id=2511047&use=l&cat=p&typeid=i","cat":284533},{"id":206317,"n":"Boisson énergisante zéro sucres Monster Ultra Watermelon 50cl","p":1.56,"u":"3,12 €/L","img":"https://fd6-photos.leclercdrive.fr/image.ashx?id=2511050&use=l&cat=p&typeid=i","cat":284533},{"id":206439,"n":"Pâte à tartiner Nocciolata  Bio - Crunchy - 250g","p":3.96,"u":"15,84 €/KG","img":"https://fd6-photos.leclercdrive.fr/image.ashx?id=2905078&use=l&cat=p&typeid=i","cat":284481},{"id":206443,"n":"Sirop Teisseire  Violette - 60cl","p":3.3,"u":"5,50 €/L","img":"https://fd6-photos.leclercdrive.fr/image.ashx?id=2510786&use=l&cat=p&typeid=i","cat":295020},{"id":206551,"n":"Serviettes hygiéniques Always Ultra Long Taille 2 - x26","p":4.73,"u":"0,18 €/P","img":"https://fd6-photos.leclercdrive.fr/image.ashx?id=2846493&use=l&cat=p&typeid=i","cat":284624},{"id":206553,"n":"Serviettes hygiéniques Always Ultra Jour&Nuit Taille 3 - x22","p":4.49,"u":"0,20 €/P","img":"https://fd6-photos.leclercdrive.fr/image.ashx?id=2849433&use=l&cat=p&typeid=i","cat":284624},{"id":206582,"n":"Liquide vaiselle Paic Bi Activ Vinaigre et citron - 750ml","p":3.16,"u":"4,21 €/L","img":"https://fd6-photos.leclercdrive.fr/image.ashx?id=2966797&use=l&cat=p&typeid=i","cat":284655},{"id":206606,"n":"Bâtonnets Trium Vanille chocolat blanc x4 314g","p":2.79,"u":"8,89 €/KG","img":"https://fd6-photos.leclercdrive.fr/image.ashx?id=2791392&use=l&cat=p&typeid=i","cat":284265},{"id":206613,"n":"Thé glacé Oasis Ice Tea Saveur Framboise Cassis - 1,5L","p":1.96,"u":"1,31 €/L","img":"https://fd6-photos.leclercdrive.fr/image.ashx?id=2681730&use=l&cat=p&typeid=i","cat":295019},{"id":206614,"n":"Thé glacé Oasis Ice Tea Saveur Pêche - 6x33cl","p":3.62,"u":"1,83 €/L","img":"https://fd6-photos.leclercdrive.fr/image.ashx?id=2873865&use=l&cat=p&typeid=i","cat":295019},{"id":206615,"n":"Boisson aux fruits Oasis Tropical sans sucres - 1,5L","p":2.04,"u":"1,36 €/L","img":"https://fd6-photos.leclercdrive.fr/image.ashx?id=2681739&use=l&cat=p&typeid=i","cat":295018},{"id":206617,"n":"Lessive liquide Arbre Vert Recharge x34 - 1.53L","p":6.28,"u":"4,10 €/L","img":"https://fd6-photos.leclercdrive.fr/image.ashx?id=2680209&use=l&cat=p&typeid=i","cat":284640},{"id":206651,"n":"Mélange fruits exotiques DDV Sirop léger - 340g","p":1.99,"u":"5,85 €/KG","img":"https://fd6-photos.leclercdrive.fr/image.ashx?id=2512511&use=l&cat=p&typeid=i","cat":284507},{"id":206661,"n":"Pré shampooing Elsève  Pro Bond Repair - 200ml","p":9.42,"u":"47,10 €/L","img":"https://fd6-photos.leclercdrive.fr/image.ashx?id=2870680&use=l&cat=p&typeid=i","cat":284606},{"id":206721,"n":"Sundae Ben & Jerry's Dulce de-delish - 342g","p":5.33,"u":"15,23 €/KG","img":"https://fd6-photos.leclercdrive.fr/image.ashx?id=2805654&use=l&cat=p&typeid=i","cat":284725},{"id":206725,"n":"Bâtonnet Magnum Double Sunlover x4 - 300g","p":3.89,"u":"12,97 €/KG","img":"https://fd6-photos.leclercdrive.fr/image.ashx?id=2886397&use=l&cat=p&typeid=i","cat":284265},{"id":206726,"n":"Glace Bâtonnet MAGNUM Double Caramel 4x85ml","p":3.08,"u":"10,85 €/KG","img":"https://fd6-photos.leclercdrive.fr/image.ashx?id=2770626&use=l&cat=p&typeid=i","cat":284265},{"id":206727,"n":"Bâtonnet Magnum Double Chocolat x4 - 284g","p":3.08,"u":"10,85 €/KG","img":"https://fd6-photos.leclercdrive.fr/image.ashx?id=3009284&use=l&cat=p&typeid=i","cat":284265},{"id":206935,"n":"Thon entier Eco+ 140g","p":1.37,"u":"9,79 €/KG","img":"https://fd6-photos.leclercdrive.fr/image.ashx?id=2755004&use=l&cat=p&typeid=i","cat":303867},{"id":206936,"n":"Légum' Vapeur Notre Jardin Petits pois & carottes 265g","p":1.45,"u":"5,47 €/KG","img":"https://fd6-photos.leclercdrive.fr/image.ashx?id=3002647&use=l&cat=p&typeid=i","cat":312607},{"id":206944,"n":"Bière blanche Jenlain 4.5° - 75cl","p":3.73,"u":"4,97 €/L","img":"https://fd6-photos.leclercdrive.fr/image.ashx?id=2732860&use=l&cat=p&typeid=i","cat":334878},{"id":206950,"n":"Gaufrettes P'tit Déli Fourrés - 128g","p":1.59,"u":"12,42 €/KG","img":"https://fd6-photos.leclercdrive.fr/image.ashx?id=2842522&use=l&cat=p&typeid=i","cat":284488},{"id":206981,"n":"Rôti de poulet Fleury Michon 100% filet CSN x4 - 150g","p":2.53,"u":"16,87 €/KG","img":"https://fd6-photos.leclercdrive.fr/image.ashx?id=2892670&use=l&cat=p&typeid=i","cat":316010},{"id":206985,"n":"Haché de jambon Fleury Michon À poêler x2 - 190g","p":1.94,"u":"10,21 €/KG","img":"https://fd6-photos.leclercdrive.fr/image.ashx?id=2518649&use=l&cat=p&typeid=i","cat":316009},{"id":206994,"n":"Allumettes de poulet  Fleury Michon x2 - 150g","p":1.74,"u":"11,60 €/KG","img":"https://fd6-photos.leclercdrive.fr/image.ashx?id=2659647&use=l&cat=p&typeid=i","cat":316011},{"id":206997,"n":"Couscous à la marocaine légumes Fleury Michon - 450g","p":3.78,"u":"8,40 €/KG","img":"https://fd6-photos.leclercdrive.fr/image.ashx?id=2656724&use=l&cat=p&typeid=i","cat":333665},{"id":207010,"n":"Aiguillettes de poulet rôti Fleury Michon - CSN - 150g","p":2.38,"u":"15,87 €/KG","img":"https://fd6-photos.leclercdrive.fr/image.ashx?id=2642555&use=l&cat=p&typeid=i","cat":316011},{"id":207017,"n":"Monster Top Speed Zero 50CL","p":1.54,"u":"3,08 €/L","img":"https://fd6-photos.leclercdrive.fr/image.ashx?id=2861174&use=l&cat=p&typeid=i","cat":284533},{"id":207019,"n":"Monster Aussie Lemonade Boite - 50cl","p":1.63,"u":"3,26 €/L","img":"https://fd6-photos.leclercdrive.fr/image.ashx?id=2519552&use=l&cat=p&typeid=i","cat":284533},{"id":207043,"n":"Lessive Liquide L'Arbre Vert Savon végétal 45 lavages 2,025L","p":6.98,"u":"3,45 €/L","img":"https://fd6-photos.leclercdrive.fr/image.ashx?id=3008542&use=l&cat=p&typeid=i","cat":284640},{"id":207044,"n":"Recharge Lessive l'Arbre Vert Amande Douce 34 lavages 1,53L","p":5.75,"u":"3,76 €/L","img":"https://fd6-photos.leclercdrive.fr/image.ashx?id=2684503&use=l&cat=p&typeid=i","cat":284640},{"id":207045,"n":"Goûter frais Nesquik snack Chocolat au lait - 4x104g","p":1.42,"u":"13,65 €/KG","img":"https://fd6-photos.leclercdrive.fr/image.ashx?id=2661507&use=l&cat=p&typeid=i","cat":284420},{"id":207047,"n":"Beurre de cacahuètes Menguy's 454g","p":4.12,"u":"9,07 €/KG","img":"https://fd6-photos.leclercdrive.fr/image.ashx?id=2844088&use=l&cat=p&typeid=i","cat":284481},{"id":207073,"n":"Tablette lave vaiselle L'Arbre Vert Tout-en-1 - x32","p":5.85,"u":"10,02 €/KG","img":"https://fd6-photos.leclercdrive.fr/image.ashx?id=2672332&use=l&cat=p&typeid=i","cat":284656},{"id":207074,"n":"Vaisselle mains L'Arbre Vert Peaux sensibles - 500ml","p":1.74,"u":"3,48 €/L","img":"https://fd6-photos.leclercdrive.fr/image.ashx?id=2845428&use=l&cat=p&typeid=i","cat":284655},{"id":207075,"n":"Vaisselle Main L'Arbre Vert Amande - 500ml","p":1.72,"u":"3,44 €/L","img":"https://fd6-photos.leclercdrive.fr/image.ashx?id=2845431&use=l&cat=p&typeid=i","cat":284655},{"id":207076,"n":"Recharge Vaisselle mains L'Arbre Vert - Amande - 1L","p":2.76,"u":"2,76 €/L","img":"https://fd6-photos.leclercdrive.fr/image.ashx?id=2849926&use=l&cat=p&typeid=i","cat":284655},{"id":207133,"n":"Mimolette Isigny Ste Mère 210g","p":2.81,"u":"13,38 €/KG","img":"https://fd6-photos.leclercdrive.fr/image.ashx?id=2521101&use=l&cat=p&typeid=i","cat":314034},{"id":207139,"n":"Serviettes hygiéniques Always  Ultra - Secure night - x18","p":4.67,"u":"0,26 €/P","img":"https://fd6-photos.leclercdrive.fr/image.ashx?id=2849436&use=l&cat=p&typeid=i","cat":284624},{"id":207141,"n":"Préservatifs Durex Nude Extra Fins Peau contre Peau x10","p":7.9,"u":"0,79 €/P","img":"https://fd6-photos.leclercdrive.fr/image.ashx?id=2962017&use=l&cat=p&typeid=i","cat":284631},{"id":207142,"n":"Gel Lubrifiant Intime Durex Sensitive base Eau 100ml","p":7.91,"u":"79,10 €/L","img":"https://fd6-photos.leclercdrive.fr/image.ashx?id=2961203&use=l&cat=p&typeid=i","cat":285160},{"id":207149,"n":"Miettes de thon Petit Navire Sauce tomate - 140g","p":1.88,"u":"13,43 €/KG","img":"https://fd6-photos.leclercdrive.fr/image.ashx?id=2881284&use=l&cat=p&typeid=i","cat":303867},{"id":207154,"n":"Thon naturel Petit Navire 112g","p":2.3,"u":"20,54 €/KG","img":"https://fd6-photos.leclercdrive.fr/image.ashx?id=3003092&use=l&cat=p&typeid=i","cat":303867},{"id":207174,"n":"Nouilles vermicelles de riz Tanoshi Vietnam 250g","p":1.8,"u":"7,20 €/KG","img":"https://fd6-photos.leclercdrive.fr/image.ashx?id=2732290&use=l&cat=p&typeid=i","cat":288992},{"id":207210,"n":"Fromage à tartiner Kiri Délicieusement fouetté - 125g","p":2.21,"u":"17,68 €/KG","img":"https://fd6-photos.leclercdrive.fr/image.ashx?id=2686591&use=l&cat=p&typeid=i","cat":314029},{"id":207215,"n":"Multiserve café latte starbuck - 750ml","p":5.25,"u":"7,00 €/L","img":"https://fd6-photos.leclercdrive.fr/image.ashx?id=2521644&use=l&cat=p&typeid=i","cat":295246},{"id":207216,"n":"Boisson lactée café Starbucks Caramel macchiato - 750ml","p":4.97,"u":"6,63 €/L","img":"https://fd6-photos.leclercdrive.fr/image.ashx?id=2521647&use=l&cat=p&typeid=i","cat":295246},{"id":207248,"n":"Infusion La Tisanière Nuit calme - x20 - 30g","p":2.83,"u":"94,33 €/KG","img":"https://fd6-photos.leclercdrive.fr/image.ashx?id=2816835&use=l&cat=p&typeid=i","cat":293234},{"id":207249,"n":"Dentifrice Oral-B Protège et nettoie - 75ml","p":2.21,"u":"29,47 €/L","img":"https://fd6-photos.leclercdrive.fr/image.ashx?id=2957683&use=l&cat=p&typeid=i","cat":284612},{"id":207262,"n":"Capsules Nescafé Dolce Gusto  Grande - x16","p":5.03,"u":"36,99 €/KG","img":"https://fd6-photos.leclercdrive.fr/image.ashx?id=2964153&use=l&cat=p&typeid=i","cat":293239},{"id":207273,"n":"AOP Côtes du Rhône vin rouge Signature - 75cl","p":6.64,"u":"8,85 €/L","img":"https://fd6-photos.leclercdrive.fr/image.ashx?id=2844542&use=l&cat=p&typeid=i","cat":289556},{"id":207285,"n":"AOC Côtes du Rhône Villages  Signature - 75cl","p":5.29,"u":"7,05 €/L","img":"https://fd6-photos.leclercdrive.fr/image.ashx?id=2831837&use=l&cat=p&typeid=i","cat":289556},{"id":207286,"n":"AOC Grignan les Adhemar Rouge Signature - 75cl","p":4.11,"u":"5,48 €/L","img":"https://fd6-photos.leclercdrive.fr/image.ashx?id=2831840&use=l&cat=p&typeid=i","cat":289556},{"id":207396,"n":"Galettes moelleuses St Michel Marbrée Chocolat - 180g","p":2.01,"u":"11,17 €/KG","img":"https://fd6-photos.leclercdrive.fr/image.ashx?id=2936263&use=l&cat=p&typeid=i","cat":284487},{"id":207450,"n":"Capsules Nescafé Dolce Gusto  Grande Intenso - x16","p":5.07,"u":"38,41 €/KG","img":"https://fd6-photos.leclercdrive.fr/image.ashx?id=2525962&use=l&cat=p&typeid=i","cat":293239},{"id":207456,"n":"Purée de fruits Eco+ x8 - 800g","p":1.79,"u":"2,24 €/KG","img":"https://fd6-photos.leclercdrive.fr/image.ashx?id=2523507&use=l&cat=p&typeid=i","cat":284416},{"id":207457,"n":"Yaourt nature sucré Eco+ 4x125g","p":0.89,"u":"1,78 €/KG","img":"https://fd6-photos.leclercdrive.fr/image.ashx?id=2523510&use=l&cat=p&typeid=i","cat":284409},{"id":207458,"n":"Pizza La Royale Pizzaiolo 478g","p":4.62,"u":"9,67 €/KG","img":"https://fd6-photos.leclercdrive.fr/image.ashx?id=2965256&use=l&cat=p&typeid=i","cat":284256},{"id":207460,"n":"Crème glacée La Laitière Vanille bourbon - 490g","p":3.24,"pp":2.27,"u":"4,63 €/KG","img":"https://fd6-photos.leclercdrive.fr/image.ashx?id=3000009&use=l&cat=p&typeid=i","cat":284263},{"id":207467,"n":"Moutarde Forte Amora 430g","p":1.5,"u":"3,49 €/KG","img":"https://fd6-photos.leclercdrive.fr/image.ashx?id=2526079&use=l&cat=p&typeid=i","cat":288850},{"id":207469,"n":"Moutarde Forte Amora 185g","p":1.69,"u":"9,14 €/KG","img":"https://fd6-photos.leclercdrive.fr/image.ashx?id=2526082&use=l&cat=p&typeid=i","cat":288850},{"id":207471,"n":"Moutarde Mi-forte Amora 415g","p":1.53,"u":"3,69 €/KG","img":"https://fd6-photos.leclercdrive.fr/image.ashx?id=2993176&use=l&cat=p&typeid=i","cat":288850},{"id":207474,"n":"Rollmops aux oignons  Simon Dutriaux - 330g","p":3.5,"u":"10,61 €/KG","img":"https://fd6-photos.leclercdrive.fr/image.ashx?id=2524254&use=l&cat=p&typeid=i","cat":285190},{"id":207476,"n":"Moutarde de Dijon Fine MAILLE L'Original Bocal - 360g","p":1.49,"u":"4,14 €/KG","img":"https://fd6-photos.leclercdrive.fr/image.ashx?id=2945841&use=l&cat=p&typeid=i","cat":288850},{"id":207478,"n":"Moutarde à l'Ancienne MAILLE Bocal - 360g","p":2.67,"u":"7,42 €/KG","img":"https://fd6-photos.leclercdrive.fr/image.ashx?id=2664307&use=l&cat=p&typeid=i","cat":288850},{"id":207483,"n":"Bougie parfum Jasmin d'Egypte Ambiances Devineau x1","p":8.89,"img":"https://fd6-photos.leclercdrive.fr/image.ashx?id=2524901&use=l&cat=p&typeid=i","cat":284666},{"id":207489,"n":"Pizza Feu de bois Turini Saisonnière - 450g","p":2.99,"u":"6,64 €/KG","img":"https://fd6-photos.leclercdrive.fr/image.ashx?id=2816618&use=l&cat=p&typeid=i","cat":284256},{"id":207528,"n":"Lessive liquide L'Arbre Vert Peaux sensibles - x34 - 1.53L","p":7.53,"u":"4,92 €/L","img":"https://fd6-photos.leclercdrive.fr/image.ashx?id=3008536&use=l&cat=p&typeid=i","cat":284640},{"id":207529,"n":"Recharge lessive L'Arbre Vert Peaux sensibles - x34 - 1.53L","p":6.41,"u":"4,19 €/L","img":"https://fd6-photos.leclercdrive.fr/image.ashx?id=2680212&use=l&cat=p&typeid=i","cat":284640},{"id":207530,"n":"Vaisselle mains L'Arbre Vert Peaux sensibles - 750ml","p":1.92,"u":"2,56 €/L","img":"https://fd6-photos.leclercdrive.fr/image.ashx?id=2850575&use=l&cat=p&typeid=i","cat":284655},{"id":207531,"n":"Serviettes hygiéniques Always Ultra - Normal - x30","p":4.94,"img":"https://fd6-photos.leclercdrive.fr/image.ashx?id=2846496&use=l&cat=p&typeid=i","cat":284624},{"id":207533,"n":"Préservatifs Durex Feeling  Extra Fins Extra Lubrifiés x12","p":6.84,"img":"https://fd6-photos.leclercdrive.fr/image.ashx?id=2962014&use=l&cat=p&typeid=i","cat":284631},{"id":207535,"n":"Préservatifs Durex Classic Jeans Confort et Confiance  x12","p":5.65,"img":"https://fd6-photos.leclercdrive.fr/image.ashx?id=2730475&use=l&cat=p&typeid=i","cat":284631},{"id":207536,"n":"Préservatifs Durex Nude Sans Latex Extra Lubrifié x10","p":7.76,"img":"https://fd6-photos.leclercdrive.fr/image.ashx?id=2730478&use=l&cat=p&typeid=i","cat":284631},{"id":207540,"n":"Croûtons Tipiak Ail - 75g","p":1.49,"u":"19,87 €/KG","img":"https://fd6-photos.leclercdrive.fr/image.ashx?id=2684461&use=l&cat=p&typeid=i","cat":284464},{"id":207549,"n":"Shampoing purifiant Ultra Doux Force et Brillance - 300ml","p":2.95,"u":"9,83 €/L","img":"https://fd6-photos.leclercdrive.fr/image.ashx?id=2878072&use=l&cat=p&typeid=i","cat":284606},{"id":207557,"n":"Préservatifs Durex Feeling  Extra Lubrifié Extra Fins x20","p":10.33,"u":"0,52 €/P","img":"https://fd6-photos.leclercdrive.fr/image.ashx?id=2964965&use=l&cat=p&typeid=i","cat":284631},{"id":207559,"n":"Préservatifs Durex Pleasure me Perlés et Nervurés x12","p":7.24,"u":"0,60 €/P","img":"https://fd6-photos.leclercdrive.fr/image.ashx?id=2730466&use=l&cat=p&typeid=i","cat":284631},{"id":207588,"n":"Soupe de nouilles Oyakata Ramen miso et legumes - 89g","p":0.99,"u":"11,12 €/KG","img":"https://fd6-photos.leclercdrive.fr/image.ashx?id=2537252&use=l&cat=p&typeid=i","cat":288992},{"id":207590,"n":"Soupe de nouilles Oyakata Poulet Shio - 83g","p":0.97,"u":"11,69 €/KG","img":"https://fd6-photos.leclercdrive.fr/image.ashx?id=2536167&use=l&cat=p&typeid=i","cat":288992},{"id":207591,"n":"Soupe de nouilles Oyakata Sauce soja - 83g","p":0.98,"u":"11,81 €/KG","img":"https://fd6-photos.leclercdrive.fr/image.ashx?id=2536170&use=l&cat=p&typeid=i","cat":288992},{"id":207607,"n":"Dentifrice Elmex Anti-caries - 75ml","p":4.4,"u":"58,67 €/L","img":"https://fd6-photos.leclercdrive.fr/image.ashx?id=2721184&use=l&cat=p&typeid=i","cat":284612},{"id":207609,"n":"Masque reconstituant Ultra doux Cheveu fragile cassant - 340ml","p":4.67,"u":"13,74 €/L","img":"https://fd6-photos.leclercdrive.fr/image.ashx?id=2646924&use=l&cat=p&typeid=i","cat":284608},{"id":207627,"n":"ST MARC Pistolet Antibactérien - 750ml","p":2.28,"u":"3,04 €/L","img":"https://fd6-photos.leclercdrive.fr/image.ashx?id=2528054&use=l&cat=p&typeid=i","cat":325357},{"id":208051,"n":"Surligneurs Stabilo Swing Cool Pastel - x4","p":4.51,"img":"https://fd6-photos.leclercdrive.fr/image.ashx?id=2528096&use=l&cat=p&typeid=i","cat":284696},{"id":208083,"n":"Crayons à doigts Esquisse Baby - x10","p":3.99,"img":"https://fd6-photos.leclercdrive.fr/image.ashx?id=2531572&use=l&cat=p&typeid=i","cat":284696},{"id":208139,"n":"Cahier spirale Esquisse Bleu -100 pages-24x32cm - Seyes","p":3.19,"img":"https://fd6-photos.leclercdrive.fr/image.ashx?id=2543597&use=l&cat=p&typeid=i","cat":284697},{"id":208141,"n":"Cahier spirale Esquisse Jaune -100 pages-24x32cm -Seyes","p":3.19,"img":"https://fd6-photos.leclercdrive.fr/image.ashx?id=2543603&use=l&cat=p&typeid=i","cat":284697},{"id":208142,"n":"Cahier spirale Esquisse Vert -100 pages- 24x32cm -Seyes","p":3.19,"img":"https://fd6-photos.leclercdrive.fr/image.ashx?id=2543606&use=l&cat=p&typeid=i","cat":284697},{"id":208143,"n":"Cahier spirale Esquisse Gris -100 pages- 24x32cm -Seyes","p":3.19,"img":"https://fd6-photos.leclercdrive.fr/image.ashx?id=2543609&use=l&cat=p&typeid=i","cat":284697},{"id":208144,"n":"Ciseaux gaucher Esquissse Vert - 13cm","p":0.89,"img":"https://fd6-photos.leclercdrive.fr/image.ashx?id=2543612&use=l&cat=p&typeid=i","cat":334133},{"id":208145,"n":"Ciseaux gaucher Esquissse Rouge - 13cm","p":0.89,"img":"https://fd6-photos.leclercdrive.fr/image.ashx?id=2543615&use=l&cat=p&typeid=i","cat":334133},{"id":208271,"n":"Capsules café L'Or Espresso Forza N°9 x50","p":14.37,"u":"55,27 €/KG","img":"https://fd6-photos.leclercdrive.fr/image.ashx?id=3000471&use=l&cat=p&typeid=i","cat":284749},{"id":208323,"n":"Franck Provost Shampooing Expert Nutrition Antifrizz 0.4L","p":4.06,"u":"10,15 €/L","img":"https://fd6-photos.leclercdrive.fr/image.ashx?id=2974396&use=l&cat=p&typeid=i","cat":284606},{"id":208385,"n":"Capsules café L'Or Espresso Delizioso N°5 x50","p":14.37,"u":"55,27 €/KG","img":"https://fd6-photos.leclercdrive.fr/image.ashx?id=2788064&use=l&cat=p&typeid=i","cat":284749},{"id":208417,"n":"Capsules café L'Or Espresso Ristretto N°11 x50","p":13.52,"u":"52,00 €/KG","img":"https://fd6-photos.leclercdrive.fr/image.ashx?id=3000474&use=l&cat=p&typeid=i","cat":284749},{"id":208421,"n":"Infusion fruits rouges Elephant Touche de menthe - 40g","p":2.9,"u":"72,50 €/KG","img":"https://fd6-photos.leclercdrive.fr/image.ashx?id=2813104&use=l&cat=p&typeid=i","cat":293234},{"id":208484,"n":"Chips paysanne Lay's Saveur Oignon de Roscoff - 120g","p":1.56,"u":"13,00 €/KG","img":"https://fd6-photos.leclercdrive.fr/image.ashx?id=2810777&use=l&cat=p&typeid=i","cat":284447},{"id":208485,"n":"Chips paysanne Lay's Saveur Fromage Frais- 120g","p":1.78,"u":"14,83 €/KG","img":"https://fd6-photos.leclercdrive.fr/image.ashx?id=2810780&use=l&cat=p&typeid=i","cat":284447},{"id":208507,"n":"AOC Rosé d'Anjou rosé Plessis-Duval - 75cl","p":5.1,"u":"6,80 €/L","img":"https://fd6-photos.leclercdrive.fr/image.ashx?id=2731789&use=l&cat=p&typeid=i","cat":289558},{"id":208611,"n":"Yaourt à boire Eco+ Vanille - 850g","p":1.35,"u":"1,59 €/KG","img":"https://fd6-photos.leclercdrive.fr/image.ashx?id=2543507&use=l&cat=p&typeid=i","cat":284415},{"id":208636,"n":"Purée Mousline Crème et noix de muscade - 500g","p":3.14,"u":"6,28 €/KG","img":"https://fd6-photos.leclercdrive.fr/image.ashx?id=3011728&use=l&cat=p&typeid=i","cat":284431},{"id":208638,"n":"Purée Mousline x3 sachets - 195g","p":1.41,"u":"7,23 €/KG","img":"https://fd6-photos.leclercdrive.fr/image.ashx?id=3004414&use=l&cat=p&typeid=i","cat":284431},{"id":208642,"n":"Purée Mousline x4 - 520g","p":2.22,"u":"4,27 €/KG","img":"https://fd6-photos.leclercdrive.fr/image.ashx?id=3011734&use=l&cat=p&typeid=i","cat":284431},{"id":208651,"n":"Purée Mousline  x8 - 1.04 kg","p":4.49,"u":"4,32 €/KG","img":"https://fd6-photos.leclercdrive.fr/image.ashx?id=2986780&use=l&cat=p&typeid=i","cat":284431},{"id":208658,"n":"Biscuit P'tit Deli Chocolat lait blanc - 150g","p":1.79,"u":"11,93 €/KG","img":"https://fd6-photos.leclercdrive.fr/image.ashx?id=2684835&use=l&cat=p&typeid=i","cat":284488},{"id":208749,"n":"Riz long grain 10 min Lustucru  x5 - 900g","p":2.15,"u":"2,39 €/KG","img":"https://fd6-photos.leclercdrive.fr/image.ashx?id=2963739&use=l&cat=p&typeid=i","cat":284428},{"id":208750,"n":"Purée Mousline x3 - 375g","p":2.54,"u":"6,77 €/KG","img":"https://fd6-photos.leclercdrive.fr/image.ashx?id=2940135&use=l&cat=p&typeid=i","cat":284431},{"id":208751,"n":"Riz long grain 10 min Lustucru x5 - 450g","p":1.48,"u":"3,29 €/KG","img":"https://fd6-photos.leclercdrive.fr/image.ashx?id=2955830&use=l&cat=p&typeid=i","cat":284428},{"id":208759,"n":"Purée Mousline  Presse purée - 375g","p":2.86,"u":"7,63 €/KG","img":"https://fd6-photos.leclercdrive.fr/image.ashx?id=2940117&use=l&cat=p&typeid=i","cat":284431},{"id":208761,"n":"Purée Mousline x4 - 125g","p":1.19,"u":"9,52 €/KG","img":"https://fd6-photos.leclercdrive.fr/image.ashx?id=2940126&use=l&cat=p&typeid=i","cat":284431},{"id":208763,"n":"Dentifrice Colgate Max Fresh Cristaux fraicheur - 75ml","p":2.11,"u":"28,13 €/L","img":"https://fd6-photos.leclercdrive.fr/image.ashx?id=2957311&use=l&cat=p&typeid=i","cat":284612},{"id":208769,"n":"Gelée Felix Tranches avec éffilés - 960g","p":5.43,"u":"5,66 €/KG","img":"https://fd6-photos.leclercdrive.fr/image.ashx?id=2561404&use=l&cat=p&typeid=i","cat":285286},{"id":208775,"n":"Gel douche Tahiti Citron et Huile de coco - 250ml","p":2.36,"u":"9,44 €/L","img":"https://fd6-photos.leclercdrive.fr/image.ashx?id=2533127&use=l&cat=p&typeid=i","cat":284594},{"id":208776,"n":"Gel douche Tahiti Vanille et huile de coco 250ml","p":2.43,"u":"9,72 €/L","img":"https://fd6-photos.leclercdrive.fr/image.ashx?id=2533130&use=l&cat=p&typeid=i","cat":284594},{"id":208782,"n":"Champagne Chanoine Frères  Demi-sec - 75cl","p":21.18,"u":"28,24 €/L","img":"https://fd6-photos.leclercdrive.fr/image.ashx?id=2673220&use=l&cat=p&typeid=i","cat":284542},{"id":208786,"n":"Thé glacé Lipton Ice Tea Pêche La bouteille de 1.25L","p":1.45,"u":"1,16 €/L","img":"https://fd6-photos.leclercdrive.fr/image.ashx?id=2731567&use=l&cat=p&typeid=i","cat":295019},{"id":208788,"n":"Thé glacé Lipton Ice Tea Pêche  Sans sucres bouteille de 1.25L","p":1.57,"u":"1,26 €/L","img":"https://fd6-photos.leclercdrive.fr/image.ashx?id=2731570&use=l&cat=p&typeid=i","cat":295019},{"id":208806,"n":"Grilletine blé complet Pasquier Sans sucre ajouté - 255g","p":2.54,"u":"9,96 €/KG","img":"https://fd6-photos.leclercdrive.fr/image.ashx?id=2533559&use=l&cat=p&typeid=i","cat":284479},{"id":208836,"n":"Lardons végétaux La Vie Fumés - 2x75g","p":3.13,"u":"20,87 €/KG","img":"https://fd6-photos.leclercdrive.fr/image.ashx?id=2965247&use=l&cat=p&typeid=i","cat":316036},{"id":208837,"n":"Bacon végétal La Vie Fumé - 120g","p":3.14,"u":"26,17 €/KG","img":"https://fd6-photos.leclercdrive.fr/image.ashx?id=2965250&use=l&cat=p&typeid=i","cat":316036},{"id":208856,"n":"Dentifrice Colgate Tonigencyl Expert - 75ml","p":2.12,"u":"28,27 €/L","img":"https://fd6-photos.leclercdrive.fr/image.ashx?id=2859992&use=l&cat=p&typeid=i","cat":284612},{"id":208927,"n":"Cidou un amour de fruits Orange Mangue - 1L","p":1.85,"u":"1,85 €/L","img":"https://fd6-photos.leclercdrive.fr/image.ashx?id=2535052&use=l&cat=p&typeid=i","cat":284915},{"id":208928,"n":"Cidou un amour de fruits Pomme - 1L","p":1.85,"u":"1,85 €/L","img":"https://fd6-photos.leclercdrive.fr/image.ashx?id=2535043&use=l&cat=p&typeid=i","cat":284522},{"id":208929,"n":"Cidou un amour de fruits Multifruits - 1L","p":1.85,"u":"1,85 €/L","img":"https://fd6-photos.leclercdrive.fr/image.ashx?id=2535049&use=l&cat=p&typeid=i","cat":284917},{"id":208930,"n":"Cidou un amour de fruits Orange - 1L","p":1.85,"u":"1,85 €/L","img":"https://fd6-photos.leclercdrive.fr/image.ashx?id=2535046&use=l&cat=p&typeid=i","cat":284521},{"id":208937,"n":"Barre protéinée Joyfuel Cookie Dough 55g","p":2.68,"u":"48,73 €/KG","img":"https://fd6-photos.leclercdrive.fr/image.ashx?id=2662057&use=l&cat=p&typeid=i","cat":318652},{"id":209054,"n":"Wraps Old El Paso Extra fins x6 - 192g","p":2.85,"u":"14,84 €/KG","img":"https://fd6-photos.leclercdrive.fr/image.ashx?id=2737693&use=l&cat=p&typeid=i","cat":288993},{"id":209057,"n":"Céréales bébé P'TITE CEREALE chocolat biscuit 12M+ - 415g","p":2.63,"u":"6,34 €/KG","img":"https://fd6-photos.leclercdrive.fr/image.ashx?id=2537303&use=l&cat=p&typeid=i","cat":312225},{"id":209059,"n":"P'tite céréale Nestlé Noisettes Biscuit - 12M+ - 415g","p":2.63,"u":"6,34 €/KG","img":"https://fd6-photos.leclercdrive.fr/image.ashx?id=2679389&use=l&cat=p&typeid=i","cat":312225},{"id":209060,"n":"Chips nature Lay's Sel - 6x25g","p":2.02,"u":"13,47 €/KG","img":"https://fd6-photos.leclercdrive.fr/image.ashx?id=3011143&use=l&cat=p&typeid=i","cat":284447},{"id":209061,"n":"Sauce pesto Florelli A la genovese - 190g","p":2.13,"u":"11,21 €/KG","img":"https://fd6-photos.leclercdrive.fr/image.ashx?id=2787452&use=l&cat=p&typeid=i","cat":299047},{"id":209064,"n":"Céréales bébé BABICAO Cacao 10M+ - 400g","p":3.65,"u":"9,13 €/KG","img":"https://fd6-photos.leclercdrive.fr/image.ashx?id=2537294&use=l&cat=p&typeid=i","cat":312225},{"id":209066,"n":"Céréales bébé P'TITE CEREALE Vanille Biscuit 12M+ - 415g","p":4.05,"u":"9,76 €/KG","img":"https://fd6-photos.leclercdrive.fr/image.ashx?id=2537297&use=l&cat=p&typeid=i","cat":312225},{"id":209113,"n":"Pâtes Collezione Barilla Farfalle Generose - 500g","p":1.92,"u":"3,84 €/KG","img":"https://fd6-photos.leclercdrive.fr/image.ashx?id=2654122&use=l&cat=p&typeid=i","cat":284427},{"id":209137,"n":"Blanc de poulet Tradilège Doré au four - 240g","p":1.97,"u":"8,21 €/KG","img":"https://fd6-photos.leclercdrive.fr/image.ashx?id=2925759&use=l&cat=p&typeid=i","cat":316010},{"id":209151,"n":"Pâtes Torti Legumes Panzani 3 Minutes - 500G","p":1.49,"u":"2,98 €/KG","img":"https://fd6-photos.leclercdrive.fr/image.ashx?id=2896117&use=l&cat=p&typeid=i","cat":284427},{"id":209207,"n":"Nouilles précuites Suzi Wan  Ramen pour wok - 2x150g","p":2.98,"u":"9,03 €/KG","img":"https://fd6-photos.leclercdrive.fr/image.ashx?id=2992272&use=l&cat=p&typeid=i","cat":288992},{"id":209208,"n":"Sauce soja Suzi Wan Sucrée - 135ml","p":2.25,"u":"16,67 €/KG","img":"https://fd6-photos.leclercdrive.fr/image.ashx?id=2892931&use=l&cat=p&typeid=i","cat":288992},{"id":209209,"n":"Sauce soja Suzi Wan 250ml","p":2.86,"u":"11,44 €/L","img":"https://fd6-photos.leclercdrive.fr/image.ashx?id=2990880&use=l&cat=p&typeid=i","cat":288992},{"id":209210,"n":"Goûter laitier Récré O'Lé Gourdes Saveur Biscuit - 4x85g","p":2.14,"u":"6,29 €/KG","img":"https://fd6-photos.leclercdrive.fr/image.ashx?id=2563799&use=l&cat=p&typeid=i","cat":284506},{"id":209212,"n":"Graines de sésame doré Ducros  45g","p":1.91,"u":"42,44 €/KG","img":"https://fd6-photos.leclercdrive.fr/image.ashx?id=2538605&use=l&cat=p&typeid=i","cat":298297},{"id":209241,"n":"Mélange de noix non salées Vico Avec raisins secs - 180g","p":3.68,"u":"20,44 €/KG","img":"https://fd6-photos.leclercdrive.fr/image.ashx?id=2916893&use=l&cat=p&typeid=i","cat":284448},{"id":209245,"n":"Origan Ducros 12g","p":1.7,"u":"141,67 €/KG","img":"https://fd6-photos.leclercdrive.fr/image.ashx?id=2559517&use=l&cat=p&typeid=i","cat":298297},{"id":209287,"n":"Thé glacé Oasis Saveur Pêche - 50cl","p":1.32,"u":"2,64 €/L","img":"https://fd6-photos.leclercdrive.fr/image.ashx?id=2688845&use=l&cat=p&typeid=i","cat":295019},{"id":209301,"n":"Thé vert glacé Lipton Ice Tea Citron vert menthe - 1.25L","p":1.76,"u":"1,41 €/L","img":"https://fd6-photos.leclercdrive.fr/image.ashx?id=2731579&use=l&cat=p&typeid=i","cat":295019},{"id":209302,"n":"Thé glacé Lipton Ice Tea Citron/citron vert - 1.25L","p":1.73,"u":"1,38 €/L","img":"https://fd6-photos.leclercdrive.fr/image.ashx?id=2731573&use=l&cat=p&typeid=i","cat":295019},{"id":209309,"n":"Thé glacé Lipton Ice Tea Framboise - 1.25L","p":1.66,"u":"1,33 €/L","img":"https://fd6-photos.leclercdrive.fr/image.ashx?id=2731588&use=l&cat=p&typeid=i","cat":295019},{"id":209311,"n":"Thé glacé Lipton Ice Tea Pêche abricot - 1,25L","p":1.8,"u":"1,44 €/L","img":"https://fd6-photos.leclercdrive.fr/image.ashx?id=2731576&use=l&cat=p&typeid=i","cat":295019},{"id":209353,"n":"Ratatouille provençale d'aucy 42,5cl","p":2.39,"u":"6,29 €/KG","img":"https://fd6-photos.leclercdrive.fr/image.ashx?id=2539512&use=l&cat=p&typeid=i","cat":312612},{"id":209354,"n":"Courgettes cuisinées D'Aucy Provencale - 380g","p":2.41,"u":"6,34 €/KG","img":"https://fd6-photos.leclercdrive.fr/image.ashx?id=2570088&use=l&cat=p&typeid=i","cat":312612},{"id":209355,"n":"Aubergines cuisinées D'Aucy 380g","p":2.31,"u":"6,08 €/KG","img":"https://fd6-photos.leclercdrive.fr/image.ashx?id=2539509&use=l&cat=p&typeid=i","cat":312612},{"id":209356,"n":"Curry de pois chiches d'aucy  42,5cl","p":2.32,"u":"6,11 €/KG","img":"https://fd6-photos.leclercdrive.fr/image.ashx?id=2539506&use=l&cat=p&typeid=i","cat":287599},{"id":209357,"n":"Mijote de lentilles d'aucy  42,5cl","p":2.4,"u":"6,32 €/KG","img":"https://fd6-photos.leclercdrive.fr/image.ashx?id=2592219&use=l&cat=p&typeid=i","cat":312612},{"id":209366,"n":"Corned beef Halal Exeter 340g","p":7.16,"u":"21,06 €/KG","img":"https://fd6-photos.leclercdrive.fr/image.ashx?id=2538953&use=l&cat=p&typeid=i","cat":289013},{"id":209368,"n":"Thé glacé Lipton Ice Tea Pêche La bouteille de 1.75L","p":1.83,"u":"1,05 €/L","img":"https://fd6-photos.leclercdrive.fr/image.ashx?id=2731594&use=l&cat=p&typeid=i","cat":295019},{"id":209424,"n":"Yaourt bifidus Activia céréales Poire et aux fruits - 4x115g","p":2.48,"u":"5,39 €/KG","img":"https://fd6-photos.leclercdrive.fr/image.ashx?id=2901641&use=l&cat=p&typeid=i","cat":315000},{"id":209428,"n":"Crème dessert Danette  Pistache lit chocolat - 4x125g","p":1.67,"u":"3,34 €/KG","img":"https://fd6-photos.leclercdrive.fr/image.ashx?id=2925325&use=l&cat=p&typeid=i","cat":285041},{"id":209430,"n":"Skyr Danone Citron 0%mg - 2x140g","p":1.95,"u":"6,96 €/KG","img":"https://fd6-photos.leclercdrive.fr/image.ashx?id=2851728&use=l&cat=p&typeid=i","cat":315000},{"id":209431,"n":"Skyr Danone Fraise 0%mg - 2x140g","p":1.95,"u":"6,96 €/KG","img":"https://fd6-photos.leclercdrive.fr/image.ashx?id=2755270&use=l&cat=p&typeid=i","cat":315000},{"id":209432,"n":"Skyr Danone Vanille 0%mg - 2x140g","p":1.95,"u":"6,96 €/KG","img":"https://fd6-photos.leclercdrive.fr/image.ashx?id=2944654&use=l&cat=p&typeid=i","cat":315000},{"id":209437,"n":"Crème dessert protéinée 0%mg Hipro caramel - 180g","p":1.99,"u":"11,06 €/KG","img":"https://fd6-photos.leclercdrive.fr/image.ashx?id=2800288&use=l&cat=p&typeid=i","cat":285041},{"id":209438,"n":"Crème dessert protéinée Hipro  Vanille 0%mg- 180g","p":1.82,"u":"10,11 €/KG","img":"https://fd6-photos.leclercdrive.fr/image.ashx?id=2800291&use=l&cat=p&typeid=i","cat":285041},{"id":209439,"n":"Mousse au chocolat protéinée Hipro 0%mg - 200g","p":2.88,"u":"14,40 €/P","img":"https://fd6-photos.leclercdrive.fr/image.ashx?id=2792156&use=l&cat=p&typeid=i","cat":284417},{"id":209491,"n":"Couscous moyen Ferrero sachet -500g","p":1.71,"u":"3,42 €/KG","img":"https://fd6-photos.leclercdrive.fr/image.ashx?id=2869561&use=l&cat=p&typeid=i","cat":284429},{"id":209494,"n":"Salade & Cie Sodebo Roma Jambon Speck - 320g","p":2.88,"u":"9,00 €/KG","img":"https://fd6-photos.leclercdrive.fr/image.ashx?id=2732413&use=l&cat=p&typeid=i","cat":333657},{"id":209495,"n":"Salade & Cie Sodebo Manhattan Poulet rôti - 320g","p":2.79,"u":"8,72 €/KG","img":"https://fd6-photos.leclercdrive.fr/image.ashx?id=2732407&use=l&cat=p&typeid=i","cat":333657},{"id":209496,"n":"Salade & Cie Sodebo Montmartre Jambon supérieur - 320g","p":2.9,"u":"9,06 €/KG","img":"https://fd6-photos.leclercdrive.fr/image.ashx?id=2868945&use=l&cat=p&typeid=i","cat":333657},{"id":209510,"n":"Chips nature Lay's Sel - 250g","p":2.36,"u":"9,44 €/KG","img":"https://fd6-photos.leclercdrive.fr/image.ashx?id=2995073&use=l&cat=p&typeid=i","cat":284447},{"id":209514,"n":"Chips Lay's Nature - 135g","p":1.43,"u":"10,59 €/KG","img":"https://fd6-photos.leclercdrive.fr/image.ashx?id=2994482&use=l&cat=p&typeid=i","cat":284447},{"id":209557,"n":"Litière chats Eco+ Minérale agglomérante - 5L","p":1.8,"img":"https://fd6-photos.leclercdrive.fr/image.ashx?id=2545479&use=l&cat=p&typeid=i","cat":284683},{"id":209597,"n":"Compote Allégée en sucres Eco+ Bocal pomme poire - 720g","p":1.13,"u":"1,57 €/KG","img":"https://fd6-photos.leclercdrive.fr/image.ashx?id=2953206&use=l&cat=p&typeid=i","cat":284508},{"id":209598,"n":"Compote Allégée en sucres Eco+ Bocal pomme banane - 720g","p":1.03,"u":"1,43 €/KG","img":"https://fd6-photos.leclercdrive.fr/image.ashx?id=2953209&use=l&cat=p&typeid=i","cat":284508},{"id":209600,"n":"Capsules café L'Or Espresso Splendente N°7 x50","p":13.61,"u":"52,35 €/KG","img":"https://fd6-photos.leclercdrive.fr/image.ashx?id=3000477&use=l&cat=p&typeid=i","cat":284749},{"id":209601,"n":"Thé vert Lipton Menthe intense - x20 - 32g","p":1.6,"u":"50,00 €/KG","img":"https://fd6-photos.leclercdrive.fr/image.ashx?id=2540907&use=l&cat=p&typeid=i","cat":293233},{"id":209639,"n":"AOC Vin Blanc Bourgogne Mâcon Villages - 75cl","p":8.9,"u":"11,87 €/L","img":"https://fd6-photos.leclercdrive.fr/image.ashx?id=2845296&use=l&cat=p&typeid=i","cat":289557},{"id":209648,"n":"Briochettes pépites de chocolat Pasquier - 400g","p":2.94,"u":"7,35 €/KG","img":"https://fd6-photos.leclercdrive.fr/image.ashx?id=2541196&use=l&cat=p&typeid=i","cat":296366},{"id":209673,"n":"Drap housse Tissaia Basics 140x190cm - Blanc","p":6.95,"img":"https://fd6-photos.leclercdrive.fr/image.ashx?id=2541417&use=l&cat=p&typeid=i","cat":286694},{"id":209686,"n":"Thé vert Lipton Myrtille et mure - x20 - 32g","p":2.25,"u":"70,31 €/KG","img":"https://fd6-photos.leclercdrive.fr/image.ashx?id=2542816&use=l&cat=p&typeid=i","cat":293233},{"id":209688,"n":"Thé vert menthe Lipton Asie - x30s - 48g","p":2.64,"u":"55,00 €/KG","img":"https://fd6-photos.leclercdrive.fr/image.ashx?id=2542819&use=l&cat=p&typeid=i","cat":293233},{"id":209739,"n":"Adoucissant concentré Soupline Hypoallergénique 64 lav. 1,35L","p":5.78,"u":"4,28 €/L","img":"https://fd6-photos.leclercdrive.fr/image.ashx?id=2831185&use=l&cat=p&typeid=i","cat":284650},{"id":209798,"n":"Lames de rasoir Gillette Venus Comfortglide Breeze - x4","p":13.22,"u":"3,31 €/P","img":"https://fd6-photos.leclercdrive.fr/image.ashx?id=2834806&use=l&cat=p&typeid=i","cat":325352},{"id":209801,"n":"Rasoirs jetables Wilkinson Xtreme 3 - Pure sensitive - x12","p":12.16,"u":"1,01 €/P","img":"https://fd6-photos.leclercdrive.fr/image.ashx?id=2861719&use=l&cat=p&typeid=i","cat":284616},{"id":209806,"n":"Rasoirs Extra 3 Essentials Plastique recyclé - x8","p":5.09,"u":"0,64 €/P","img":"https://fd6-photos.leclercdrive.fr/image.ashx?id=2846481&use=l&cat=p&typeid=i","cat":284616},{"id":209859,"n":"Déboucheur Liquide Destop  4 doses - 950ml","p":3.63,"u":"3,82 €/L","img":"https://fd6-photos.leclercdrive.fr/image.ashx?id=2832161&use=l&cat=p&typeid=i","cat":284908},{"id":209860,"n":"Déboucheur Gel Destop  Express - 4 doses - 950ml","p":3.65,"u":"3,84 €/L","img":"https://fd6-photos.leclercdrive.fr/image.ashx?id=2832164&use=l&cat=p&typeid=i","cat":284908},{"id":209862,"n":"Thé vert Lipton Mangue abricot - x20 32g","p":2.25,"u":"70,31 €/KG","img":"https://fd6-photos.leclercdrive.fr/image.ashx?id=2544626&use=l&cat=p&typeid=i","cat":293233},{"id":209863,"n":"Gel anti-calcaire Calgon  4 en 1 - 750ml","p":5.29,"u":"7,05 €/L","img":"https://fd6-photos.leclercdrive.fr/image.ashx?id=2963475&use=l&cat=p&typeid=i","cat":284653},{"id":209865,"n":"Gel anti-calcaire Calgon  4 en 1 - 2,25L","p":14.72,"u":"6,54 €/L","img":"https://fd6-photos.leclercdrive.fr/image.ashx?id=2953932&use=l&cat=p&typeid=i","cat":284653},{"id":209866,"n":"Infusion Elephant  Pêche Abricot - x20 38g","p":2.62,"u":"68,95 €/KG","img":"https://fd6-photos.leclercdrive.fr/image.ashx?id=2544617&use=l&cat=p&typeid=i","cat":293234},{"id":209867,"n":"AIRWICK Recharge diffuseur Fres hmatic Purefresh Agrumes 250ml","p":4.44,"u":"17,76 €/L","img":"https://fd6-photos.leclercdrive.fr/image.ashx?id=2963478&use=l&cat=p&typeid=i","cat":311629},{"id":209868,"n":"AIRWICK Recharge Freshmatic Vanille et Caramel - 250ml","p":4.18,"u":"16,72 €/L","img":"https://fd6-photos.leclercdrive.fr/image.ashx?id=2896348&use=l&cat=p&typeid=i","cat":311629},{"id":209869,"n":"Infusion Elephant Pomme cannelle - 36g","p":1.87,"u":"51,94 €/KG","img":"https://fd6-photos.leclercdrive.fr/image.ashx?id=2544614&use=l&cat=p&typeid=i","cat":293234},{"id":209877,"n":"Aérosol Fabulon  Pressing express - 400ml","p":4.45,"u":"11,13 €/L","img":"https://fd6-photos.leclercdrive.fr/image.ashx?id=2544410&use=l&cat=p&typeid=i","cat":284652},{"id":209891,"n":"Nettoyant lave-vaisselle Finish  Intégral Anti-Odeurs - 250ml","p":3.84,"u":"15,36 €/L","img":"https://fd6-photos.leclercdrive.fr/image.ashx?id=2659735&use=l&cat=p&typeid=i","cat":284657},{"id":209894,"n":"Adoucissant concentré Soupline  Lavande 60 lavages 1,35 L","p":6.16,"u":"4,56 €/L","img":"https://fd6-photos.leclercdrive.fr/image.ashx?id=2912716&use=l&cat=p&typeid=i","cat":284650},{"id":209993,"n":"Démaquillant Yeux Nivea Sensibles Doux - 125 ml","p":2.96,"u":"23,68 €/L","img":"https://fd6-photos.leclercdrive.fr/image.ashx?id=2953941&use=l&cat=p&typeid=i","cat":284603},{"id":209996,"n":"Détachant Gel Vanish  750ml","p":6.51,"u":"8,68 €/L","img":"https://fd6-photos.leclercdrive.fr/image.ashx?id=2878108&use=l&cat=p&typeid=i","cat":284651},{"id":210015,"n":"Nettoyant ménager La Croix Spray - Ultra cuisine - 500ml","p":1.89,"u":"3,78 €/L","img":"https://fd6-photos.leclercdrive.fr/image.ashx?id=2545216&use=l&cat=p&typeid=i","cat":325357},{"id":210016,"n":"Mousse Marie Morin Chocolat au Lait - 2x100g","p":3.58,"u":"17,90 €/KG","img":"https://fd6-photos.leclercdrive.fr/image.ashx?id=2631702&use=l&cat=p&typeid=i","cat":284417},{"id":210017,"n":"Mascara Maybelline Falsies Surreal Noir","p":10.93,"img":"https://fd6-photos.leclercdrive.fr/image.ashx?id=2545099&use=l&cat=p&typeid=i","cat":287029},{"id":210044,"n":"Dentifrice Colgate Blancheur Micro cristaux - 75ml","p":2.22,"u":"29,60 €/L","img":"https://fd6-photos.leclercdrive.fr/image.ashx?id=3011947&use=l&cat=p&typeid=i","cat":284612},{"id":210064,"n":"Friandises pour chien Fido Poulet - 130g","p":1.98,"u":"15,23 €/KG","img":"https://fd6-photos.leclercdrive.fr/image.ashx?id=2561503&use=l&cat=p&typeid=i","cat":294527},{"id":210066,"n":"Friandise pour chat Felix Tasty Saumon truite - 180g","p":3.27,"u":"18,17 €/KG","img":"https://fd6-photos.leclercdrive.fr/image.ashx?id=2561512&use=l&cat=p&typeid=i","cat":285285},{"id":210071,"n":"Eyeliner feutre Maybelline Ink Pen ultra-pigmenté","p":10.51,"img":"https://fd6-photos.leclercdrive.fr/image.ashx?id=2546629&use=l&cat=p&typeid=i","cat":287029},{"id":210074,"n":"Shampoing Hydratant Dessange Préparation Brushing - 250ml","p":3.59,"u":"14,36 €/L","img":"https://fd6-photos.leclercdrive.fr/image.ashx?id=2546638&use=l&cat=p&typeid=i","cat":284606},{"id":210076,"n":"Gel douche Tahiti Coco & Huile de coco - 250ml","p":2.39,"u":"9,56 €/L","img":"https://fd6-photos.leclercdrive.fr/image.ashx?id=2545897&use=l&cat=p&typeid=i","cat":284594},{"id":210078,"n":"Les Effilochés Gourmet Gold En sauce - 12x85g","p":7.37,"u":"7,23 €/KG","img":"https://fd6-photos.leclercdrive.fr/image.ashx?id=2861809&use=l&cat=p&typeid=i","cat":285286},{"id":210142,"n":"Soin nuit repulpant So'Bio Etic Bio - 50ml","p":12.31,"u":"246,20 €/L","img":"https://fd6-photos.leclercdrive.fr/image.ashx?id=2997013&use=l&cat=p&typeid=i","cat":325345},{"id":210153,"n":"Brosse à dents Electrique Oral-B - Noire - IO3S","p":89.29,"img":"https://fd6-photos.leclercdrive.fr/image.ashx?id=2553311&use=l&cat=p&typeid=i","cat":297133},{"id":210221,"n":"Pain aux céréales  Chaque jour sans gluten - 300g","p":2.99,"u":"9,97 €/KG","img":"https://fd6-photos.leclercdrive.fr/image.ashx?id=2545708&use=l&cat=p&typeid=i","cat":284477},{"id":210235,"n":"Serviettes Tena Discreet Extra - x10","p":3.85,"u":"0,39 €/P","img":"https://fd6-photos.leclercdrive.fr/image.ashx?id=2597244&use=l&cat=p&typeid=i","cat":284628},{"id":210401,"n":"Oreiller ergonomique Tissaia Blanc - 35x50cm","p":17.95,"u":"Dont 0,20 € d'éco-part.","img":"https://fd6-photos.leclercdrive.fr/image.ashx?id=2546932&use=l&cat=p&typeid=i","cat":288835},{"id":210402,"n":"Oreiller standard ferme Tissaia Blanc - 60x60cm","p":9.85,"u":"Dont 0,20 € d'éco-part.","img":"https://fd6-photos.leclercdrive.fr/image.ashx?id=2546974&use=l&cat=p&typeid=i","cat":288835},{"id":210703,"n":"Terrine Tous mes amis Volaille carottes - 1.2kg","p":1.95,"u":"1,63 €/KG","img":"https://fd6-photos.leclercdrive.fr/image.ashx?id=2815758&use=l&cat=p&typeid=i","cat":288578},{"id":210705,"n":"Dragées chocolatées M&M's Cacahuètes - 250g","p":2.95,"u":"11,80 €/KG","img":"https://fd6-photos.leclercdrive.fr/image.ashx?id=3003393&use=l&cat=p&typeid=i","cat":304238},{"id":210717,"n":"Boulettes de boeuf Eco+ 1.2kg","p":1.53,"img":"https://fd6-photos.leclercdrive.fr/image.ashx?id=2815740&use=l&cat=p&typeid=i","cat":288578},{"id":210728,"n":"Sirop de glucose 250g","p":3.69,"u":"14,76 €/KG","img":"https://fd6-photos.leclercdrive.fr/image.ashx?id=2876308&use=l&cat=p&typeid=i","cat":284504},{"id":210803,"n":"Adoucissant Hyperdou Douceur de pêche - 1.9L - x27","p":2.42,"u":"1,27 €/L","img":"https://fd6-photos.leclercdrive.fr/image.ashx?id=2603015&use=l&cat=p&typeid=i","cat":284650},{"id":210804,"n":"Adoucissant Hyperdou Rêve de fraîcheur - 1.9L - x27","p":2.15,"u":"1,13 €/L","img":"https://fd6-photos.leclercdrive.fr/image.ashx?id=2958762&use=l&cat=p&typeid=i","cat":284650},{"id":210806,"n":"Adoucissant Hyperdou Senstive - 1.9L - x27","p":2.38,"u":"1,25 €/L","img":"https://fd6-photos.leclercdrive.fr/image.ashx?id=2603024&use=l&cat=p&typeid=i","cat":284650},{"id":210816,"n":"Beurre Bio Ethiquable  100% cacahuètes crunchy - 350g","p":4.69,"u":"13,40 €/KG","img":"https://fd6-photos.leclercdrive.fr/image.ashx?id=2755747&use=l&cat=p&typeid=i","cat":284481},{"id":210821,"n":"Pommes rissolées Findus 590g","p":1.95,"u":"3,31 €/KG","img":"https://fd6-photos.leclercdrive.fr/image.ashx?id=2790099&use=l&cat=p&typeid=i","cat":319792},{"id":210823,"n":"Pommes noisette Findus 500g","p":2.24,"u":"4,48 €/KG","img":"https://fd6-photos.leclercdrive.fr/image.ashx?id=2865866&use=l&cat=p&typeid=i","cat":319792},{"id":210824,"n":"Pommes noisette Findus 900g","p":3.38,"u":"3,76 €/KG","img":"https://fd6-photos.leclercdrive.fr/image.ashx?id=2899500&use=l&cat=p&typeid=i","cat":319792},{"id":210827,"n":"Adoucissant Hyperdou Plaisir de vanille - 1.9L - x27","p":1.99,"u":"1,05 €/L","img":"https://fd6-photos.leclercdrive.fr/image.ashx?id=2603018&use=l&cat=p&typeid=i","cat":284650},{"id":210848,"n":"Tomates cerises bio Bio Village Allongées bicolores - 250g","p":1.49,"u":"5,96 €/KG","img":"https://fd6-photos.leclercdrive.fr/image.ashx?id=2553073&use=l&cat=p&typeid=i","cat":284352},{"id":210889,"n":"Yaourt à boire Eco+ Fraise - 850g","p":1.35,"u":"1,59 €/KG","img":"https://fd6-photos.leclercdrive.fr/image.ashx?id=2552033&use=l&cat=p&typeid=i","cat":284415},{"id":210946,"n":"Margarine Planta Fin  Demi-sel 100% végétal - 450g","p":3.17,"u":"7,04 €/KG","img":"https://fd6-photos.leclercdrive.fr/image.ashx?id=2989474&use=l&cat=p&typeid=i","cat":315229},{"id":210948,"n":"Margarine Planta Fin Doux 100% végétal - 450g","p":2.41,"u":"5,36 €/KG","img":"https://fd6-photos.leclercdrive.fr/image.ashx?id=2989477&use=l&cat=p&typeid=i","cat":315229},{"id":210951,"n":"Mousse au chocolat Eco+ 4x60g","p":0.84,"u":"3,50 €/KG","img":"https://fd6-photos.leclercdrive.fr/image.ashx?id=2552493&use=l&cat=p&typeid=i","cat":284417},{"id":210952,"n":"Tiramisu Eco+ 2x80g","p":1.12,"u":"7,00 €/KG","img":"https://fd6-photos.leclercdrive.fr/image.ashx?id=2552496&use=l&cat=p&typeid=i","cat":284419},{"id":210953,"n":"Île flottante Eco+ 4x95g","p":1.62,"u":"4,26 €/KG","img":"https://fd6-photos.leclercdrive.fr/image.ashx?id=2885753&use=l&cat=p&typeid=i","cat":284419},{"id":210956,"n":"Yaourt gourmand Délisse Coco - 2x150g","p":1.09,"u":"3,63 €/KG","img":"https://fd6-photos.leclercdrive.fr/image.ashx?id=2556532&use=l&cat=p&typeid=i","cat":314999},{"id":210957,"n":"Yaourt gourmand Délisse Cerise - 2x150g","p":1.09,"u":"3,63 €/KG","img":"https://fd6-photos.leclercdrive.fr/image.ashx?id=2552502&use=l&cat=p&typeid=i","cat":314999},{"id":210958,"n":"Yaourt gourrmand Délisse  2x150g","p":1.13,"u":"3,77 €/KG","img":"https://fd6-photos.leclercdrive.fr/image.ashx?id=2552505&use=l&cat=p&typeid=i","cat":314999},{"id":210960,"n":"Bouchées Tous les Amis 1.2kg","p":2.15,"u":"1,79 €/KG","img":"https://fd6-photos.leclercdrive.fr/image.ashx?id=2815767&use=l&cat=p&typeid=i","cat":288578},{"id":210961,"n":"Le Fondant Mamie Nova Pistache - 2x150g","p":1.46,"u":"4,87 €/KG","img":"https://fd6-photos.leclercdrive.fr/image.ashx?id=2886957&use=l&cat=p&typeid=i","cat":285041},{"id":210963,"n":"Boulettes de bœuf Eco+ 400g","p":0.87,"u":"2,18 €/KG","img":"https://fd6-photos.leclercdrive.fr/image.ashx?id=2815731&use=l&cat=p&typeid=i","cat":285601},{"id":210965,"n":"Le Fondant Mamie Nova Caramel beurre salé - 2x150g","p":1.51,"u":"5,03 €/KG","img":"https://fd6-photos.leclercdrive.fr/image.ashx?id=2909038&use=l&cat=p&typeid=i","cat":285041},{"id":210968,"n":"Tajine de boeuf Fleury Michon 350g","p":3.59,"u":"10,26 €/KG","img":"https://fd6-photos.leclercdrive.fr/image.ashx?id=2656730&use=l&cat=p&typeid=i","cat":333665},{"id":210976,"n":"Émincés de boeuf Marie Sauce au poivre - 300g","p":4.73,"u":"15,77 €/KG","img":"https://fd6-photos.leclercdrive.fr/image.ashx?id=2554178&use=l&cat=p&typeid=i","cat":333665},{"id":211041,"n":"Fromage à tartiner Kiri Délicieusement fouetté - 210g","p":3.27,"u":"15,57 €/KG","img":"https://fd6-photos.leclercdrive.fr/image.ashx?id=2686594&use=l&cat=p&typeid=i","cat":314029},{"id":211052,"n":"Café moulu San Marco Supremo N°8 - 2x250g","p":10.49,"u":"20,98 €/KG","img":"https://fd6-photos.leclercdrive.fr/image.ashx?id=2553662&use=l&cat=p&typeid=i","cat":284750},{"id":211053,"n":"Isey Skyr Cheesecake Mandarine - 400g","p":3.04,"u":"7,60 €/KG","img":"https://fd6-photos.leclercdrive.fr/image.ashx?id=2553770&use=l&cat=p&typeid=i","cat":315000},{"id":211077,"n":"Jus de pomme bio Pressade Sans sucre ajouté - 1L","p":2.49,"u":"2,49 €/L","img":"https://fd6-photos.leclercdrive.fr/image.ashx?id=2692377&use=l&cat=p&typeid=i","cat":284522},{"id":211082,"n":"Soda Canada Dry Ginger Ale 6x33cl","p":3.86,"u":"1,95 €/L","img":"https://fd6-photos.leclercdrive.fr/image.ashx?id=2669097&use=l&cat=p&typeid=i","cat":284531},{"id":211086,"n":"Noisettes décortiquées Vahiné  100g","p":4.08,"u":"40,80 €/KG","img":"https://fd6-photos.leclercdrive.fr/image.ashx?id=2554145&use=l&cat=p&typeid=i","cat":284504},{"id":211087,"n":"AOC Vin doux ambrée Rivesaltes 75cl","p":3.88,"u":"5,17 €/L","img":"https://fd6-photos.leclercdrive.fr/image.ashx?id=2974726&use=l&cat=p&typeid=i","cat":284913},{"id":211089,"n":"Pâte à sucre rose Vahiné  250g","p":3.12,"u":"12,48 €/KG","img":"https://fd6-photos.leclercdrive.fr/image.ashx?id=2554154&use=l&cat=p&typeid=i","cat":284504},{"id":211090,"n":"Liqueur de menthe Get 27 17,9° - 1L","p":18.17,"u":"18,17 €/L","img":"https://fd6-photos.leclercdrive.fr/image.ashx?id=2858276&use=l&cat=p&typeid=i","cat":286032},{"id":211091,"n":"Porto blanc Eco+ 18% vol - 75cl","p":5.87,"u":"7,83 €/L","img":"https://fd6-photos.leclercdrive.fr/image.ashx?id=2869850&use=l&cat=p&typeid=i","cat":284913},{"id":211096,"n":"Ciboulette Ducros 11g","p":2.35,"u":"213,64 €/KG","img":"https://fd6-photos.leclercdrive.fr/image.ashx?id=2554115&use=l&cat=p&typeid=i","cat":298297},{"id":211098,"n":"Emincée Tous Mes Amis Poissons - 4x400g","p":4.02,"u":"2,51 €/KG","img":"https://fd6-photos.leclercdrive.fr/image.ashx?id=2815764&use=l&cat=p&typeid=i","cat":285601},{"id":211114,"n":"Bigarreaux confits Vahiné Provence - 150g","p":3.24,"u":"21,60 €/KG","img":"https://fd6-photos.leclercdrive.fr/image.ashx?id=2554136&use=l&cat=p&typeid=i","cat":284504},{"id":211117,"n":"Paprika fumé Ducros 40g","p":2.43,"u":"60,75 €/KG","img":"https://fd6-photos.leclercdrive.fr/image.ashx?id=2559484&use=l&cat=p&typeid=i","cat":298297},{"id":211125,"n":"Curry Ducros 47g","p":1.93,"u":"41,06 €/KG","img":"https://fd6-photos.leclercdrive.fr/image.ashx?id=2559496&use=l&cat=p&typeid=i","cat":298297},{"id":211127,"n":"Pignons de pin Vahiné  150g","p":10.44,"u":"69,60 €/KG","img":"https://fd6-photos.leclercdrive.fr/image.ashx?id=2554142&use=l&cat=p&typeid=i","cat":284357},{"id":211229,"n":"Pépites chocolat corsé Vahiné 100g","p":3.15,"u":"31,50 €/KG","img":"https://fd6-photos.leclercdrive.fr/image.ashx?id=2555403&use=l&cat=p&typeid=i","cat":284504},{"id":211244,"n":"Boisson base vodka Eristoff Pink 18° - 70cl","p":12.2,"u":"17,43 €/L","img":"https://fd6-photos.leclercdrive.fr/image.ashx?id=2842933&use=l&cat=p&typeid=i","cat":284550},{"id":211302,"n":"Chips paysanne nature Lay's Sel maxi format  - 365g","p":3.19,"u":"8,74 €/KG","img":"https://fd6-photos.leclercdrive.fr/image.ashx?id=2818605&use=l&cat=p&typeid=i","cat":284447},{"id":211321,"n":"Sirop Oasis  Menthe Citron - 75cl","p":3.35,"u":"4,47 €/L","img":"https://fd6-photos.leclercdrive.fr/image.ashx?id=2555421&use=l&cat=p&typeid=i","cat":295020},{"id":211397,"n":"Cacahuetes caramélisées Tokapi Salé - 150g","p":1.4,"u":"9,33 €/KG","img":"https://fd6-photos.leclercdrive.fr/image.ashx?id=2793329&use=l&cat=p&typeid=i","cat":284448},{"id":211398,"n":"Amandes  Tokapi 200g","p":2.78,"u":"13,90 €/KG","img":"https://fd6-photos.leclercdrive.fr/image.ashx?id=2793326&use=l&cat=p&typeid=i","cat":284448},{"id":211402,"n":"Melange non salé Tokapi 150g","p":2.3,"u":"15,33 €/KG","img":"https://fd6-photos.leclercdrive.fr/image.ashx?id=2793323&use=l&cat=p&typeid=i","cat":284448},{"id":211408,"n":"Emilia Lambrusco Rouge - 75cl","p":3.25,"u":"4,33 €/L","img":"https://fd6-photos.leclercdrive.fr/image.ashx?id=2696716&use=l&cat=p&typeid=i","cat":289461},{"id":211409,"n":"AOP Crémant d'Alsace Rebmann Demi sec - 75cl","p":5.95,"u":"7,93 €/L","img":"https://fd6-photos.leclercdrive.fr/image.ashx?id=2874759&use=l&cat=p&typeid=i","cat":284545},{"id":211413,"n":"Céréales Kit Kat 330g","p":3.74,"u":"11,33 €/KG","img":"https://fd6-photos.leclercdrive.fr/image.ashx?id=2989453&use=l&cat=p&typeid=i","cat":309513},{"id":211414,"n":"Céréales Miel Pops Kellogg's 330g","p":2.34,"u":"7,09 €/KG","img":"https://fd6-photos.leclercdrive.fr/image.ashx?id=3003423&use=l&cat=p&typeid=i","cat":309513},{"id":211415,"n":"Poules aux vermicelles Maggi 3x59g","p":1.51,"u":"8,53 €/KG","img":"https://fd6-photos.leclercdrive.fr/image.ashx?id=2556345&use=l&cat=p&typeid=i","cat":284463},{"id":211426,"n":"Pain burger Eco+ Nature x6 - 330g","p":0.88,"u":"2,67 €/KG","img":"https://fd6-photos.leclercdrive.fr/image.ashx?id=2854195&use=l&cat=p&typeid=i","cat":325067},{"id":211427,"n":"Pain burger Epi d'Or Nature x6 - 330g","p":0.93,"u":"2,82 €/KG","img":"https://fd6-photos.leclercdrive.fr/image.ashx?id=2807303&use=l&cat=p&typeid=i","cat":325067},{"id":211428,"n":"Céréales Special K Kellogg's Nature - 500g","p":3.47,"u":"6,94 €/KG","img":"https://fd6-photos.leclercdrive.fr/image.ashx?id=2583996&use=l&cat=p&typeid=i","cat":309512},{"id":211436,"n":"Weetabix crispy  Minis choco - 500g","p":3.93,"u":"7,86 €/KG","img":"https://fd6-photos.leclercdrive.fr/image.ashx?id=2971311&use=l&cat=p&typeid=i","cat":309512},{"id":211437,"n":"Céréales Kellogg's Rice Krispies - 360g","p":2.75,"u":"7,64 €/KG","img":"https://fd6-photos.leclercdrive.fr/image.ashx?id=3003420&use=l&cat=p&typeid=i","cat":309513},{"id":211470,"n":"Dentifrice Signal Professionnel Action Sensibilité Complet 75ml","p":2.91,"u":"38,80 €/L","img":"https://fd6-photos.leclercdrive.fr/image.ashx?id=2961326&use=l&cat=p&typeid=i","cat":284612},{"id":211512,"n":"Dentifrice Blancheur Signal White Now Original 75ml","p":2.41,"u":"32,13 €/L","img":"https://fd6-photos.leclercdrive.fr/image.ashx?id=2832590&use=l&cat=p&typeid=i","cat":284612},{"id":211513,"n":"Dentifrice Blancheur Signal White now Gold 75ml","p":2.29,"u":"30,53 €/L","img":"https://fd6-photos.leclercdrive.fr/image.ashx?id=2770187&use=l&cat=p&typeid=i","cat":284612},{"id":211522,"n":"Dentifrice Signal Professionnel Sensibilité Blancheur 75ml","p":2.83,"u":"37,73 €/L","img":"https://fd6-photos.leclercdrive.fr/image.ashx?id=2961332&use=l&cat=p&typeid=i","cat":284612},{"id":211525,"n":"Lessive tablettes Persil Bouquet de Provence - x32","p":6.0,"u":"6,25 €/KG","img":"https://fd6-photos.leclercdrive.fr/image.ashx?id=2557809&use=l&cat=p&typeid=i","cat":284641},{"id":211537,"n":"Céréales Miel Pops Loops Kellogg's 330g","p":2.43,"u":"7,36 €/KG","img":"https://fd6-photos.leclercdrive.fr/image.ashx?id=2561353&use=l&cat=p&typeid=i","cat":309513},{"id":211550,"n":"Sel Regénérant Sun Lave Vaisselle Standard 1Kg","p":1.07,"u":"1,07 €/KG","img":"https://fd6-photos.leclercdrive.fr/image.ashx?id=2729434&use=l&cat=p&typeid=i","cat":284657},{"id":211551,"n":"Déodorant bille homme Axe Aqua bergamot - 50ml","p":4.6,"u":"92,00 €/L","img":"https://fd6-photos.leclercdrive.fr/image.ashx?id=2850829&use=l&cat=p&typeid=i","cat":284618},{"id":211555,"n":"Sun Capsules Lave-Vaisselle Tout en 1 Absolu Brillance x28","p":7.9,"u":"18,81 €/KG","img":"https://fd6-photos.leclercdrive.fr/image.ashx?id=2961350&use=l&cat=p&typeid=i","cat":284656},{"id":211561,"n":"Déodorant Spray Dove Anti- Transpirant Invisible Dry 100ml","p":3.23,"u":"32,30 €/L","img":"https://fd6-photos.leclercdrive.fr/image.ashx?id=2905711&use=l&cat=p&typeid=i","cat":284595},{"id":211562,"n":"Déodorant Spray Compressé Dove Anti-Transpirant Original 100ml","p":3.23,"u":"32,30 €/L","img":"https://fd6-photos.leclercdrive.fr/image.ashx?id=2793098&use=l&cat=p&typeid=i","cat":284595},{"id":211563,"n":"Déodorant Spray Dove Anti- Transpirant Invisible Dry 200ml","p":3.25,"u":"16,25 €/L","img":"https://fd6-photos.leclercdrive.fr/image.ashx?id=2877244&use=l&cat=p&typeid=i","cat":284595},{"id":211573,"n":"Déodorant Spray Dove Anti- Transpirant Original 200ml","p":3.25,"u":"16,25 €/L","img":"https://fd6-photos.leclercdrive.fr/image.ashx?id=2878486&use=l&cat=p&typeid=i","cat":284595},{"id":211574,"n":"Déodorant semi-compressé Dove Powder soft - 200ml","p":2.79,"u":"13,95 €/L","img":"https://fd6-photos.leclercdrive.fr/image.ashx?id=2961338&use=l&cat=p&typeid=i","cat":284595},{"id":211578,"n":"Déodorant bille Rexona Invisible aqua 72h - 50ml","p":3.28,"u":"65,60 €/L","img":"https://fd6-photos.leclercdrive.fr/image.ashx?id=2849674&use=l&cat=p&typeid=i","cat":284595},{"id":211579,"n":"Déodorant Bille Dove Anti- Transpirant Original 50ml","p":3.58,"u":"71,60 €/L","img":"https://fd6-photos.leclercdrive.fr/image.ashx?id=2877685&use=l&cat=p&typeid=i","cat":284595},{"id":211584,"n":"Déodorant spray homme Axe Aqua bergamot - 150ml","p":4.14,"u":"27,60 €/L","img":"https://fd6-photos.leclercdrive.fr/image.ashx?id=3004453&use=l&cat=p&typeid=i","cat":284618},{"id":211586,"n":"Gel douche homme Axe Aqua bergamot - 300ml","p":3.35,"u":"11,17 €/L","img":"https://fd6-photos.leclercdrive.fr/image.ashx?id=2758761&use=l&cat=p&typeid=i","cat":284619},{"id":211588,"n":"Gel douche homme Axe Copper santal - 300ml","p":3.29,"u":"10,97 €/L","img":"https://fd6-photos.leclercdrive.fr/image.ashx?id=2758764&use=l&cat=p&typeid=i","cat":284619},{"id":211589,"n":"Coulis de tomate Alro Basilic - 680g","p":2.22,"u":"3,26 €/KG","img":"https://fd6-photos.leclercdrive.fr/image.ashx?id=2994542&use=l&cat=p&typeid=i","cat":289010},{"id":211598,"n":"Yaourt protéiné Hipro Stracciatella 0%mg - 2x160g","p":2.19,"u":"6,84 €/KG","img":"https://fd6-photos.leclercdrive.fr/image.ashx?id=2807438&use=l&cat=p&typeid=i","cat":315000},{"id":211631,"n":"Desserts Lactés P'TIT BRASSE   Abricot vanille -6m+ - 4x90g","p":2.4,"u":"6,67 €/KG","img":"https://fd6-photos.leclercdrive.fr/image.ashx?id=2600072&use=l&cat=p&typeid=i","cat":312392},{"id":211634,"n":"Ravioli Lustucru  Chèvre épinard - 250g","p":2.8,"u":"11,20 €/KG","img":"https://fd6-photos.leclercdrive.fr/image.ashx?id=2974357&use=l&cat=p&typeid=i","cat":333682},{"id":211706,"n":"Liqueur de menthe Get 27 17,9° - 1.5L","p":23.95,"pp":19.95,"u":"13,30 €/L","img":"https://fd6-photos.leclercdrive.fr/image.ashx?id=2850707&use=l&cat=p&typeid=i","cat":286032},{"id":211723,"n":"Gel douche Adidas Active Skin & Mind- Deep Care - 250ml","p":2.64,"u":"10,56 €/L","img":"https://fd6-photos.leclercdrive.fr/image.ashx?id=2990778&use=l&cat=p&typeid=i","cat":284594},{"id":211808,"n":"Olives Noires Confites Tramier  Dénoyautées 150g","p":1.94,"u":"12,93 €/KG","img":"https://fd6-photos.leclercdrive.fr/image.ashx?id=2840829&use=l&cat=p&typeid=i","cat":284450},{"id":211827,"n":"Céréales bébé BABIVANILLE Vanille 10M+ - 400g","p":3.56,"u":"8,90 €/KG","img":"https://fd6-photos.leclercdrive.fr/image.ashx?id=2562651&use=l&cat=p&typeid=i","cat":312225},{"id":212107,"n":"Brosse à dents Colgate Extra-clean médium - x4","p":1.81,"u":"0,45 €/P","img":"https://fd6-photos.leclercdrive.fr/image.ashx?id=2564309&use=l&cat=p&typeid=i","cat":284614},{"id":212112,"n":"Céréales Frosties Kellogg's  330g","p":2.31,"u":"7,00 €/KG","img":"https://fd6-photos.leclercdrive.fr/image.ashx?id=2565362&use=l&cat=p&typeid=i","cat":309513},{"id":212461,"n":"Sprite sans sucre  Citron & citron vert - 6x33cl","p":2.81,"u":"1,42 €/L","img":"https://fd6-photos.leclercdrive.fr/image.ashx?id=2566461&use=l&cat=p&typeid=i","cat":284531},{"id":212469,"n":"Protège-slip Protection Vania Long Fresh - x40","p":2.64,"img":"https://fd6-photos.leclercdrive.fr/image.ashx?id=2735239&use=l&cat=p&typeid=i","cat":284625},{"id":212477,"n":"Déodorant spray Monsavon Compres$sé -  Vanille - 100ml","p":3.19,"u":"31,90 €/L","img":"https://fd6-photos.leclercdrive.fr/image.ashx?id=2566215&use=l&cat=p&typeid=i","cat":284595},{"id":212486,"n":"Film étirable Elembal 50m","p":1.8,"u":"0,04 €/MT","img":"https://fd6-photos.leclercdrive.fr/image.ashx?id=2566146&use=l&cat=p&typeid=i","cat":285194},{"id":212487,"n":"Papier toilette Le Trèfle Maxi douceur - 12+6","p":9.95,"u":"0,55 €/P","img":"https://fd6-photos.leclercdrive.fr/image.ashx?id=2568437&use=l&cat=p&typeid=i","cat":284634},{"id":212582,"n":"Blanquette de poulet Côté Table 300g","p":2.79,"u":"9,30 €/KG","img":"https://fd6-photos.leclercdrive.fr/image.ashx?id=2764146&use=l&cat=p&typeid=i","cat":333665},{"id":212584,"n":"Penne au saumon Côté Table 280g","p":2.68,"u":"9,57 €/KG","img":"https://fd6-photos.leclercdrive.fr/image.ashx?id=2794761&use=l&cat=p&typeid=i","cat":333665},{"id":212588,"n":"Skyr Siggi's  Framboise - 450g","p":3.44,"u":"7,64 €/KG","img":"https://fd6-photos.leclercdrive.fr/image.ashx?id=2664380&use=l&cat=p&typeid=i","cat":315000},{"id":212593,"n":"Litière chats Tous mes Amis Triple action blanche - 5L","p":4.2,"u":"0,84 €/L","img":"https://fd6-photos.leclercdrive.fr/image.ashx?id=2568361&use=l&cat=p&typeid=i","cat":284683},{"id":212643,"n":"Margarine Planta Fin Doux 100% végétal - 225g","p":1.64,"u":"7,29 €/KG","img":"https://fd6-photos.leclercdrive.fr/image.ashx?id=2989471&use=l&cat=p&typeid=i","cat":315229},{"id":212645,"n":"Margarine Planta Fin Demi-sel 100% végétal - 225g","p":1.72,"u":"7,64 €/KG","img":"https://fd6-photos.leclercdrive.fr/image.ashx?id=2989465&use=l&cat=p&typeid=i","cat":315229},{"id":212667,"n":"Cottage cheese Danone Fromage frais - 200g","p":2.36,"u":"11,80 €/KG","img":"https://fd6-photos.leclercdrive.fr/image.ashx?id=2628341&use=l&cat=p&typeid=i","cat":314029},{"id":212679,"n":"Céréales Coco Pops Chocos Kellogg's - 330g","p":2.55,"u":"7,73 €/KG","img":"https://fd6-photos.leclercdrive.fr/image.ashx?id=2571683&use=l&cat=p&typeid=i","cat":309513},{"id":212749,"n":"Lait bébé Calisma Gallia Pocket 1er âge 0-6 mois 479g","p":18.74,"u":"38,80 €/KG","img":"https://fd6-photos.leclercdrive.fr/image.ashx?id=2983075&use=l&cat=p&typeid=i","cat":284726},{"id":212770,"n":"Ail & poivre Ducros 45g","p":2.82,"u":"62,67 €/KG","img":"https://fd6-photos.leclercdrive.fr/image.ashx?id=2570166&use=l&cat=p&typeid=i","cat":298297},{"id":212814,"n":"Skyr Siggi's  Céréales Miel & Noix - 2x140g","p":2.28,"u":"8,14 €/KG","img":"https://fd6-photos.leclercdrive.fr/image.ashx?id=2879673&use=l&cat=p&typeid=i","cat":315000},{"id":212815,"n":"Yaourt à la grecque YAOS  Stracciatella - 8x125g","p":4.38,"u":"4,38 €/KG","img":"https://fd6-photos.leclercdrive.fr/image.ashx?id=2570115&use=l&cat=p&typeid=i","cat":314999},{"id":212817,"n":"Nettoyant vitres Ajax Triple action Recharge - 750ml","p":1.69,"u":"2,25 €/L","img":"https://fd6-photos.leclercdrive.fr/image.ashx?id=2842969&use=l&cat=p&typeid=i","cat":325363},{"id":212819,"n":"Préparation moelleux Alsa Chocolat - 500g","p":3.97,"u":"7,94 €/KG","img":"https://fd6-photos.leclercdrive.fr/image.ashx?id=2812663&use=l&cat=p&typeid=i","cat":284504},{"id":212829,"n":"Moulin Ducros 5 baies - 24g","p":3.55,"u":"147,92 €/KG","img":"https://fd6-photos.leclercdrive.fr/image.ashx?id=2571197&use=l&cat=p&typeid=i","cat":298297},{"id":212865,"n":"Margarine Planta Fin léger  Sans huile de palme - 225g","p":1.67,"u":"7,42 €/KG","img":"https://fd6-photos.leclercdrive.fr/image.ashx?id=2796441&use=l&cat=p&typeid=i","cat":315229},{"id":212876,"n":"AOP Champagne Moët & Chandon Brut impérial - 75cl","p":38.57,"u":"51,43 €/L","img":"https://fd6-photos.leclercdrive.fr/image.ashx?id=2578951&use=l&cat=p&typeid=i","cat":284542},{"id":212922,"n":"Déboucheur Gel Destop  Spécial Cuisine - 1L","p":3.55,"u":"3,55 €/L","img":"https://fd6-photos.leclercdrive.fr/image.ashx?id=2572278&use=l&cat=p&typeid=i","cat":284908},{"id":212923,"n":"Lardons fumés Herta  300g","p":3.2,"u":"10,67 €/KG","img":"https://fd6-photos.leclercdrive.fr/image.ashx?id=2572155&use=l&cat=p&typeid=i","cat":316011},{"id":212934,"n":"Lait bébé poudre Guigoz Optipro 3ème âge - dès 12 mois - 830g","p":10.26,"u":"12,36 €/KG","img":"https://fd6-photos.leclercdrive.fr/image.ashx?id=2895059&use=l&cat=p&typeid=i","cat":290219},{"id":213020,"n":"Chips Nature Lay's Sel maxi Format - 370g","p":3.21,"u":"8,68 €/KG","img":"https://fd6-photos.leclercdrive.fr/image.ashx?id=2999949&use=l&cat=p&typeid=i","cat":284447},{"id":213023,"n":"Pâtée et morceaux chiens Eco+ Boeuf - 1.2kg","p":1.67,"u":"1,39 €/KG","img":"https://fd6-photos.leclercdrive.fr/image.ashx?id=2815743&use=l&cat=p&typeid=i","cat":288578},{"id":213024,"n":"Boulettes volaille Eco+ 800g","p":1.47,"u":"1,84 €/KG","img":"https://fd6-photos.leclercdrive.fr/image.ashx?id=2815734&use=l&cat=p&typeid=i","cat":285601},{"id":213025,"n":"Boulettes à la volaille Eco+ 1.2kg","p":1.54,"u":"1,28 €/KG","img":"https://fd6-photos.leclercdrive.fr/image.ashx?id=2815737&use=l&cat=p&typeid=i","cat":288578},{"id":213176,"n":"Nouilles à la chinoise Marie Au Poulet - 900g","p":5.18,"u":"5,76 €/KG","img":"https://fd6-photos.leclercdrive.fr/image.ashx?id=2996773&use=l&cat=p&typeid=i","cat":284254},{"id":213189,"n":"Milky fromage enfant à tartiner Les Croisés 24 portions - 432g","p":3.59,"u":"8,31 €/KG","img":"https://fd6-photos.leclercdrive.fr/image.ashx?id=2791899&use=l&cat=p&typeid=i","cat":314030},{"id":213190,"n":"Milky fromage enfant à tartiner Les Croisés 12 portions - 216g","p":1.85,"u":"8,56 €/KG","img":"https://fd6-photos.leclercdrive.fr/image.ashx?id=2791914&use=l&cat=p&typeid=i","cat":314030},{"id":213200,"n":"Gaufrettes Quadro Cémoi Choco noisettes - 187g","p":2.05,"u":"10,96 €/KG","img":"https://fd6-photos.leclercdrive.fr/image.ashx?id=2654731&use=l&cat=p&typeid=i","cat":284488},{"id":213204,"n":"Ourson guimauve Cémoi Chocolat au lait - 170g","p":2.0,"u":"11,76 €/KG","img":"https://fd6-photos.leclercdrive.fr/image.ashx?id=2576462&use=l&cat=p&typeid=i","cat":304250},{"id":213213,"n":"Pastis de Marseille Duval  45%vol - 20cl","p":4.28,"u":"21,40 €/L","img":"https://fd6-photos.leclercdrive.fr/image.ashx?id=2686663&use=l&cat=p&typeid=i","cat":284548},{"id":213242,"n":"Céréales Coco Pops Kellogg's Original - 330g","p":3.0,"u":"9,09 €/KG","img":"https://fd6-photos.leclercdrive.fr/image.ashx?id=2577099&use=l&cat=p&typeid=i","cat":309513},{"id":213432,"n":"Gel Corps et Cheveux Cadum Hypoallergenique - 750ml","p":4.77,"u":"6,36 €/L","img":"https://fd6-photos.leclercdrive.fr/image.ashx?id=2581798&use=l&cat=p&typeid=i","cat":284594},{"id":213443,"n":"Après-Shampoing Franck Provost Expert nutrition - 450ml","p":4.06,"u":"9,02 €/L","img":"https://fd6-photos.leclercdrive.fr/image.ashx?id=2581807&use=l&cat=p&typeid=i","cat":284607},{"id":213451,"n":"Haché moelleux Eco+ x2 - 200g","p":2.19,"u":"10,95 €/KG","img":"https://fd6-photos.leclercdrive.fr/image.ashx?id=2930609&use=l&cat=p&typeid=i","cat":284332},{"id":213454,"n":"Petits pois Eco+ 1kg","p":1.54,"u":"1,54 €/KG","img":"https://fd6-photos.leclercdrive.fr/image.ashx?id=2728225&use=l&cat=p&typeid=i","cat":319805},{"id":213455,"n":"Champignons Eco+ 1kg","p":1.47,"u":"1,47 €/KG","img":"https://fd6-photos.leclercdrive.fr/image.ashx?id=2593339&use=l&cat=p&typeid=i","cat":319805},{"id":213456,"n":"Quart de jambon sec Eco+ 14 tranches - 200g","p":2.33,"u":"11,65 €/KG","img":"https://fd6-photos.leclercdrive.fr/image.ashx?id=2579219&use=l&cat=p&typeid=i","cat":316007},{"id":213457,"n":"Cônes Eco+ Vanille fraise x8 - 512g","p":2.04,"u":"3,98 €/KG","img":"https://fd6-photos.leclercdrive.fr/image.ashx?id=2615576&use=l&cat=p&typeid=i","cat":284264},{"id":213458,"n":"Dés de poulet Eco+ 150g","p":1.69,"u":"11,27 €/KG","img":"https://fd6-photos.leclercdrive.fr/image.ashx?id=2930939&use=l&cat=p&typeid=i","cat":316011},{"id":213528,"n":"Gel WC Canard 100% Détartrant - 750ml","p":2.35,"u":"3,13 €/L","img":"https://fd6-photos.leclercdrive.fr/image.ashx?id=2580194&use=l&cat=p&typeid=i","cat":284662},{"id":213530,"n":"Skyr Siggi's  Nature 0% MG - 450g","p":3.26,"u":"7,24 €/KG","img":"https://fd6-photos.leclercdrive.fr/image.ashx?id=3007945&use=l&cat=p&typeid=i","cat":315000},{"id":213581,"n":"Gel douche Cadum Crème d'amande - 450ml","p":2.94,"u":"6,53 €/L","img":"https://fd6-photos.leclercdrive.fr/image.ashx?id=2582273&use=l&cat=p&typeid=i","cat":284594},{"id":213582,"n":"Crème Douche surgras Bio Cadum Karité - 450ml","p":2.94,"u":"6,53 €/L","img":"https://fd6-photos.leclercdrive.fr/image.ashx?id=2580801&use=l&cat=p&typeid=i","cat":284594},{"id":213600,"n":"Crème Douche Nourrissante Cadum Huile de Coco Bio - 450ml","p":2.73,"u":"6,07 €/L","img":"https://fd6-photos.leclercdrive.fr/image.ashx?id=2582276&use=l&cat=p&typeid=i","cat":284594},{"id":213602,"n":"Crème Douche Nourrissante Cadum Miel de Fleurs bio - 450ml","p":3.15,"u":"7,00 €/L","img":"https://fd6-photos.leclercdrive.fr/image.ashx?id=2582279&use=l&cat=p&typeid=i","cat":284594},{"id":213604,"n":"Crème Douche Hydratation Cadum Huile d'Amandes Douces - 450ml","p":2.9,"u":"6,44 €/L","img":"https://fd6-photos.leclercdrive.fr/image.ashx?id=2582282&use=l&cat=p&typeid=i","cat":284594},{"id":213605,"n":"Crème de douche Cadum Fleur de coton - 450ml","p":2.78,"u":"6,18 €/L","img":"https://fd6-photos.leclercdrive.fr/image.ashx?id=2582285&use=l&cat=p&typeid=i","cat":284594},{"id":213606,"n":"Gel Douche Sans Savon Bio Cadum Huile d'Amandes Douces - 450ml","p":2.85,"u":"6,33 €/L","img":"https://fd6-photos.leclercdrive.fr/image.ashx?id=2582288&use=l&cat=p&typeid=i","cat":284594},{"id":213614,"n":"Lentilles corail Notre Jardin 500g","p":1.72,"u":"3,44 €/KG","img":"https://fd6-photos.leclercdrive.fr/image.ashx?id=2983835&use=l&cat=p&typeid=i","cat":284430},{"id":213635,"n":"Eau Volvic Zest Fraise - 6x50cl","p":3.72,"u":"1,24 €/L","img":"https://fd6-photos.leclercdrive.fr/image.ashx?id=2730289&use=l&cat=p&typeid=i","cat":284537},{"id":213682,"n":"Douche Crème Dop Lait Végétal - 290ml","p":1.71,"u":"5,90 €/L","img":"https://fd6-photos.leclercdrive.fr/image.ashx?id=2582303&use=l&cat=p&typeid=i","cat":284594},{"id":213683,"n":"Douche Crème Dop Vanille de Polynésie - 290ml","p":1.78,"u":"6,14 €/L","img":"https://fd6-photos.leclercdrive.fr/image.ashx?id=2582306&use=l&cat=p&typeid=i","cat":284594},{"id":213687,"n":"Shampoing karité Franck Provost Cheveux Secs, très secs - 500ml","p":4.06,"u":"8,12 €/L","img":"https://fd6-photos.leclercdrive.fr/image.ashx?id=2581804&use=l&cat=p&typeid=i","cat":284606},{"id":213688,"n":"Shampoing Karité Franck Provost Cheveux Très Secs épais - 500ml","p":4.06,"u":"8,12 €/L","img":"https://fd6-photos.leclercdrive.fr/image.ashx?id=2582312&use=l&cat=p&typeid=i","cat":284606},{"id":213691,"n":"Après-Shampooing Franck Provost Expert réparation - 450ml","p":4.06,"u":"9,02 €/L","img":"https://fd6-photos.leclercdrive.fr/image.ashx?id=2582318&use=l&cat=p&typeid=i","cat":284607},{"id":213692,"n":"Shampooing Franck Provost Cheveux colorés - 500ml","p":4.06,"u":"8,12 €/L","img":"https://fd6-photos.leclercdrive.fr/image.ashx?id=2582321&use=l&cat=p&typeid=i","cat":284606},{"id":213695,"n":"Recharge Gel douche Cadum Sans Sulfate - 500ml","p":2.88,"u":"5,76 €/L","img":"https://fd6-photos.leclercdrive.fr/image.ashx?id=2581810&use=l&cat=p&typeid=i","cat":284594},{"id":213703,"n":"Gel Corps et Cheveux Cadum Sans Sulfate - 400ml","p":2.88,"u":"7,20 €/L","img":"https://fd6-photos.leclercdrive.fr/image.ashx?id=2582270&use=l&cat=p&typeid=i","cat":284594},{"id":213724,"n":"Bouchée pour chien Eco+ Boeuf, pâtes, carottes - 1.2kg","p":1.79,"u":"1,49 €/KG","img":"https://fd6-photos.leclercdrive.fr/image.ashx?id=2815728&use=l&cat=p&typeid=i","cat":288578},{"id":213742,"n":"Fritelle L'originale emmental 80g","p":0.95,"u":"11,88 €/KG","img":"https://fd6-photos.leclercdrive.fr/image.ashx?id=2582144&use=l&cat=p&typeid=i","cat":284449},{"id":213749,"n":"Bière blonde Pélican 6x33cl","p":7.92,"u":"4,00 €/L","img":"https://fd6-photos.leclercdrive.fr/image.ashx?id=2946922&use=l&cat=p&typeid=i","cat":334872},{"id":213782,"n":"Bloc WC Canard Eau Bleue 5 en 1 - x2","p":1.51,"u":"0,76 €/P","img":"https://fd6-photos.leclercdrive.fr/image.ashx?id=2582378&use=l&cat=p&typeid=i","cat":284662},{"id":213792,"n":"Nettoyant sol savon noir Perfboost Carolin -1L","p":2.88,"u":"2,88 €/L","img":"https://fd6-photos.leclercdrive.fr/image.ashx?id=2582633&use=l&cat=p&typeid=i","cat":284907},{"id":213814,"n":"Sérum réparateur Elsève 150ml","p":12.8,"u":"85,33 €/L","img":"https://fd6-photos.leclercdrive.fr/image.ashx?id=2584635&use=l&cat=p&typeid=i","cat":284608},{"id":213817,"n":"Croquettes chats Perfect Fit Stérilisés, saumon - 1.4kg","p":7.04,"u":"5,03 €/KG","img":"https://fd6-photos.leclercdrive.fr/image.ashx?id=2619163&use=l&cat=p&typeid=i","cat":284680},{"id":213821,"n":"Brosse à dents Signal Soins gencives Extra souple x4","p":3.26,"u":"0,82 €/P","img":"https://fd6-photos.leclercdrive.fr/image.ashx?id=2805690&use=l&cat=p&typeid=i","cat":284614},{"id":213822,"n":"Soupline hypoallergenique 1.9l","p":4.63,"u":"2,44 €/L","img":"https://fd6-photos.leclercdrive.fr/image.ashx?id=2772527&use=l&cat=p&typeid=i","cat":284650},{"id":213823,"n":"Soupline dilué 3D grand air 2.85l","p":6.85,"u":"2,40 €/L","img":"https://fd6-photos.leclercdrive.fr/image.ashx?id=2811791&use=l&cat=p&typeid=i","cat":284650},{"id":213830,"n":"Adoucissant Soupline concentré  3D Grand air - 1,35L","p":5.78,"u":"4,28 €/L","img":"https://fd6-photos.leclercdrive.fr/image.ashx?id=2924950&use=l&cat=p&typeid=i","cat":284650},{"id":213833,"n":"Colgate Chloro intense  75ml","p":1.3,"u":"17,33 €/L","img":"https://fd6-photos.leclercdrive.fr/image.ashx?id=2964231&use=l&cat=p&typeid=i","cat":284612},{"id":213834,"n":"Brosse à dents Colgate Extra-clean souple - x4","p":2.12,"u":"0,53 €/P","img":"https://fd6-photos.leclercdrive.fr/image.ashx?id=3011950&use=l&cat=p&typeid=i","cat":284614},{"id":213836,"n":"Dentifrice Colgate Ultra Brite  Haleine Fraîche - 75ml","p":1.34,"u":"17,87 €/L","img":"https://fd6-photos.leclercdrive.fr/image.ashx?id=2802845&use=l&cat=p&typeid=i","cat":284612},{"id":213910,"n":"Taboulé Oriental  Garbit - 525g","p":2.71,"u":"5,16 €/KG","img":"https://fd6-photos.leclercdrive.fr/image.ashx?id=2901899&use=l&cat=p&typeid=i","cat":284429},{"id":213930,"n":"Fromage enfant La Vache qui rit Original 24P à tartiner - 384g","p":3.87,"u":"10,08 €/KG","img":"https://fd6-photos.leclercdrive.fr/image.ashx?id=2945451&use=l&cat=p&typeid=i","cat":314030},{"id":213934,"n":"Jambon végétal nature La Vie 120g","p":3.57,"u":"29,75 €/KG","img":"https://fd6-photos.leclercdrive.fr/image.ashx?id=2887167&use=l&cat=p&typeid=i","cat":316036},{"id":213935,"n":"Jambon végétal fumé La Vie 120g","p":3.27,"u":"27,25 €/KG","img":"https://fd6-photos.leclercdrive.fr/image.ashx?id=2878216&use=l&cat=p&typeid=i","cat":316036},{"id":213959,"n":"Nettoyant ménager Pliz Fée du logis - 250ml","p":2.24,"u":"8,96 €/L","img":"https://fd6-photos.leclercdrive.fr/image.ashx?id=2585540&use=l&cat=p&typeid=i","cat":325364},{"id":213961,"n":"Terrine chiens Tous Mes Amis Viandes carottes - 1.2kg","p":1.95,"u":"1,63 €/KG","img":"https://fd6-photos.leclercdrive.fr/image.ashx?id=3015590&use=l&cat=p&typeid=i","cat":288578},{"id":213962,"n":"Patée pour chiens Eco+ Volaille - 150g","p":0.47,"u":"3,13 €/KG","img":"https://fd6-photos.leclercdrive.fr/image.ashx?id=2584913&use=l&cat=p&typeid=i","cat":284673},{"id":213963,"n":"Patée pour chiens Eco+ Boeuf - 150g","p":0.47,"u":"3,13 €/KG","img":"https://fd6-photos.leclercdrive.fr/image.ashx?id=2586360&use=l&cat=p&typeid=i","cat":284673},{"id":213964,"n":"Nettoyant ménager Ajax Maison pure Sureau - 1.25L","p":3.05,"u":"2,44 €/L","img":"https://fd6-photos.leclercdrive.fr/image.ashx?id=2585555&use=l&cat=p&typeid=i","cat":284907},{"id":213965,"n":"Adoucissant Eco+ Fraîcheur - 1.5L - x60","p":1.64,"u":"1,09 €/L","img":"https://fd6-photos.leclercdrive.fr/image.ashx?id=2600833&use=l&cat=p&typeid=i","cat":284650},{"id":214050,"n":"Beurre moulé neutre doux Loyez Woessen - 500g","p":5.29,"u":"10,58 €/KG","img":"https://fd6-photos.leclercdrive.fr/image.ashx?id=2586198&use=l&cat=p&typeid=i","cat":284379},{"id":214087,"n":"Soda Coca-Cola Original Bouteille - 1,75L","p":2.4,"u":"1,37 €/L","img":"https://fd6-photos.leclercdrive.fr/image.ashx?id=2971745&use=l&cat=p&typeid=i","cat":284530},{"id":214247,"n":"Beurre Loyez-Woessen Demi-sel - 500g","p":5.29,"u":"10,58 €/KG","img":"https://fd6-photos.leclercdrive.fr/image.ashx?id=2586947&use=l&cat=p&typeid=i","cat":284379},{"id":214321,"n":"Déodorant bille Dove Grenade - Anti-transpirant 50ml","p":3.76,"u":"75,20 €/L","img":"https://fd6-photos.leclercdrive.fr/image.ashx?id=2867341&use=l&cat=p&typeid=i","cat":284595},{"id":214328,"n":"Déodorant Spray compressé Dove Anti-Transpirant Original 200ml","p":2.35,"u":"11,75 €/L","img":"https://fd6-photos.leclercdrive.fr/image.ashx?id=2877250&use=l&cat=p&typeid=i","cat":284595},{"id":214332,"n":"Chili Cheese Nuggets Pickers By McCain - 230g","p":3.65,"u":"15,87 €/KG","img":"https://fd6-photos.leclercdrive.fr/image.ashx?id=2958678&use=l&cat=p&typeid=i","cat":319822},{"id":214389,"n":"Lame OneBlade Philips QP215/50 - First have - x1","p":15.87,"img":"https://fd6-photos.leclercdrive.fr/image.ashx?id=2589554&use=l&cat=p&typeid=i","cat":284616},{"id":214403,"n":"Lessive liquide Bonux L'original 50 Lavages - 2.25L","p":7.43,"u":"3,30 €/L","img":"https://fd6-photos.leclercdrive.fr/image.ashx?id=2881993&use=l&cat=p&typeid=i","cat":284640},{"id":214404,"n":"Nettoyant ménager Ajax Multi-surfaces - Citron - 1.25L","p":2.85,"u":"2,28 €/L","img":"https://fd6-photos.leclercdrive.fr/image.ashx?id=2915606&use=l&cat=p&typeid=i","cat":284907},{"id":214458,"n":"Pile rechargeable Foxter Accus - HR20 - 3000mAh - x2","p":7.75,"u":"3,88 €/P","img":"https://fd6-photos.leclercdrive.fr/image.ashx?id=2780948&use=l&cat=p&typeid=i","cat":300572},{"id":214516,"n":"Pâte à pizza Herta Épaisse et ronde - 450g","p":2.7,"u":"6,00 €/KG","img":"https://fd6-photos.leclercdrive.fr/image.ashx?id=2813917&use=l&cat=p&typeid=i","cat":333681},{"id":214518,"n":"Pâte à pizza Herta Épaisse et rectangulaire - 540g","p":2.95,"u":"5,46 €/KG","img":"https://fd6-photos.leclercdrive.fr/image.ashx?id=2731405&use=l&cat=p&typeid=i","cat":333681},{"id":214558,"n":"Café en grains Bio Méo Espresso - 1kg","p":19.35,"u":"19,35 €/KG","img":"https://fd6-photos.leclercdrive.fr/image.ashx?id=2593980&use=l&cat=p&typeid=i","cat":293237},{"id":214567,"n":"Bonbon à sucer Ricola Framboise sans sucre - 50g","p":1.87,"u":"37,40 €/KG","img":"https://fd6-photos.leclercdrive.fr/image.ashx?id=2593014&use=l&cat=p&typeid=i","cat":304252},{"id":214648,"n":"Nouilles Banzai Noodle bœuf  cup - 67g","p":1.37,"u":"20,45 €/KG","img":"https://fd6-photos.leclercdrive.fr/image.ashx?id=2730001&use=l&cat=p&typeid=i","cat":288992},{"id":214756,"n":"Feuilleté de Mousse La Laitière Menthe - 4x57g","p":1.77,"u":"7,76 €/KG","img":"https://fd6-photos.leclercdrive.fr/image.ashx?id=3007960&use=l&cat=p&typeid=i","cat":284417},{"id":214762,"n":"Nouilles Banzai Noodle poulet  cup - 67g","p":1.38,"u":"20,60 €/KG","img":"https://fd6-photos.leclercdrive.fr/image.ashx?id=2730004&use=l&cat=p&typeid=i","cat":288992},{"id":214814,"n":"Ail en semoule Ducro 335g","p":8.28,"u":"24,72 €/KG","img":"https://fd6-photos.leclercdrive.fr/image.ashx?id=2595665&use=l&cat=p&typeid=i","cat":298297},{"id":214848,"n":"Champignons blancs de Paris  Eco+ - 200g","p":0.95,"u":"4,75 €/KG","img":"https://fd6-photos.leclercdrive.fr/image.ashx?id=2742685&use=l&cat=p&typeid=i","cat":284352},{"id":214880,"n":"Pizza Dolce Sodebo Sicilia - 400g","p":4.42,"u":"11,05 €/KG","img":"https://fd6-photos.leclercdrive.fr/image.ashx?id=2921633&use=l&cat=p&typeid=i","cat":333679},{"id":215017,"n":"Croutons ail Tipiak 220g","p":3.23,"u":"14,68 €/KG","img":"https://fd6-photos.leclercdrive.fr/image.ashx?id=2688872&use=l&cat=p&typeid=i","cat":284464},{"id":215089,"n":"Friandises chien Pedigree Rodeo bœuf fromage x7 - 123g","p":2.33,"u":"18,94 €/KG","img":"https://fd6-photos.leclercdrive.fr/image.ashx?id=2753277&use=l&cat=p&typeid=i","cat":294527},{"id":215213,"n":"Sérum visage repulpant Garnier Acide Hyaluronique & Aloe Vera","p":9.56,"u":"318,67 €/L","img":"https://fd6-photos.leclercdrive.fr/image.ashx?id=2979911&use=l&cat=p&typeid=i","cat":325345},{"id":215214,"n":"Brossettes Oral-B Pro Sensitive clean - x2","p":12.95,"u":"6,48 €/PRT","img":"https://fd6-photos.leclercdrive.fr/image.ashx?id=2909254&use=l&cat=p&typeid=i","cat":297133},{"id":215215,"n":"Rasoir électrique Wilkinson Intuition Bikini - x1","p":16.94,"u":"Dont 0,07 € d'éco-part.","img":"https://fd6-photos.leclercdrive.fr/image.ashx?id=2597531&use=l&cat=p&typeid=i","cat":325352},{"id":215216,"n":"Lames rasoir Wilkinson Intuition - 2 en 1 - 3 lames","p":10.63,"u":"3,54 €/P","img":"https://fd6-photos.leclercdrive.fr/image.ashx?id=2849427&use=l&cat=p&typeid=i","cat":325352},{"id":215242,"n":"Tomates séchées bio Gusti Amo 280g","p":4.85,"u":"17,32 €/KG","img":"https://fd6-photos.leclercdrive.fr/image.ashx?id=2598181&use=l&cat=p&typeid=i","cat":312608},{"id":215278,"n":"Bonbons Copains Copines Bouée bi-goût acide - 250 g","p":1.59,"u":"6,36 €/KG","img":"https://fd6-photos.leclercdrive.fr/image.ashx?id=2934763&use=l&cat=p&typeid=i","cat":304250},{"id":215281,"n":"Bonbons Copains Copines Soda fruit acide - 200 g","p":1.19,"u":"5,95 €/KG","img":"https://fd6-photos.leclercdrive.fr/image.ashx?id=2934766&use=l&cat=p&typeid=i","cat":304250},{"id":215282,"n":"Bonbons Copains Copines Unicone - 200 g","p":1.29,"u":"6,45 €/KG","img":"https://fd6-photos.leclercdrive.fr/image.ashx?id=2934769&use=l&cat=p&typeid=i","cat":304250},{"id":215307,"n":"Eau micellaire Expert Nivea  Démaquillant - 400ml","p":4.3,"u":"10,75 €/L","img":"https://fd6-photos.leclercdrive.fr/image.ashx?id=2597528&use=l&cat=p&typeid=i","cat":284603},{"id":215311,"n":"P'tit biscuit Nestlé 180g","p":2.22,"u":"12,33 €/KG","img":"https://fd6-photos.leclercdrive.fr/image.ashx?id=2737225&use=l&cat=p&typeid=i","cat":312227},{"id":215319,"n":"Lotion tonique visage Nivea Lotus sacré - 200ml","p":4.19,"u":"20,95 €/L","img":"https://fd6-photos.leclercdrive.fr/image.ashx?id=2597813&use=l&cat=p&typeid=i","cat":284603},{"id":215501,"n":"Casier chocolat  liqueur Abtey x12 -  155g","p":6.33,"u":"40,84 €/KG","img":"https://fd6-photos.leclercdrive.fr/image.ashx?id=2731174&use=l&cat=p&typeid=i","cat":327601},{"id":215548,"n":"Calendrier de l'Avent Pat Patrouille - 75g","p":2.33,"u":"31,07 €/KG","img":"https://fd6-photos.leclercdrive.fr/image.ashx?id=2866184&use=l&cat=p&typeid=i","cat":327590},{"id":215581,"n":"Bouchées chocolats mon chéri  x30 - 315g","p":8.61,"u":"27,33 €/KG","img":"https://fd6-photos.leclercdrive.fr/image.ashx?id=2952923&use=l&cat=p&typeid=i","cat":327601},{"id":215585,"n":"Moulage Kinder Surprise  Modèles divers - 75g","p":3.71,"u":"49,47 €/KG","img":"https://fd6-photos.leclercdrive.fr/image.ashx?id=2599381&use=l&cat=p&typeid=i","cat":327592},{"id":215586,"n":"Moulage chocolat Kinder 110g","p":3.71,"u":"33,73 €/KG","img":"https://fd6-photos.leclercdrive.fr/image.ashx?id=2764155&use=l&cat=p&typeid=i","cat":327592},{"id":215588,"n":"Calendrier de l'Avent Kinder Chalet - 184g","p":9.75,"u":"52,99 €/KG","img":"https://fd6-photos.leclercdrive.fr/image.ashx?id=2599384&use=l&cat=p&typeid=i","cat":336112},{"id":215589,"n":"Calendrier de l'Avent Kinder House 3D - 234g","p":11.06,"u":"47,26 €/KG","img":"https://fd6-photos.leclercdrive.fr/image.ashx?id=2599393&use=l&cat=p&typeid=i","cat":336112},{"id":215599,"n":"Chocolat Ferrero collection Boite de 15 pièces - 172g","p":7.44,"u":"43,26 €/KG","img":"https://fd6-photos.leclercdrive.fr/image.ashx?id=2871178&use=l&cat=p&typeid=i","cat":327595},{"id":215600,"n":"Boîte Ferrero collection  42 pièces - 431g","p":16.85,"u":"39,10 €/KG","img":"https://fd6-photos.leclercdrive.fr/image.ashx?id=2899752&use=l&cat=p&typeid=i","cat":327595},{"id":215624,"n":"Sucette guimauve Xmas Fizzy  Père noël - 35g","p":1.63,"u":"46,57 €/KG","img":"https://fd6-photos.leclercdrive.fr/image.ashx?id=2996944&use=l&cat=p&typeid=i","cat":327592},{"id":215636,"n":"Fizzy x-mas twisty 40g","p":1.58,"u":"39,50 €/KG","img":"https://fd6-photos.leclercdrive.fr/image.ashx?id=2851015&use=l&cat=p&typeid=i","cat":327592},{"id":215684,"n":"Candy Cane rouge et blanche 12g","p":0.32,"u":"26,67 €/KG","img":"https://fd6-photos.leclercdrive.fr/image.ashx?id=2629638&use=l&cat=p&typeid=i","cat":327592},{"id":215712,"n":"Boîte sélection Côte d'or 135g","p":8.32,"u":"61,63 €/KG","img":"https://fd6-photos.leclercdrive.fr/image.ashx?id=2599964&use=l&cat=p&typeid=i","cat":327595},{"id":215899,"n":"Moules apéritives Pêche Océan - 350ml","p":2.85,"u":"8,14 €/L","img":"https://fd6-photos.leclercdrive.fr/image.ashx?id=2605008&use=l&cat=p&typeid=i","cat":285094},{"id":215900,"n":"Moules apéritives à la catalane Pêche Océan - 350ml","p":2.85,"u":"8,14 €/L","img":"https://fd6-photos.leclercdrive.fr/image.ashx?id=2605005&use=l&cat=p&typeid=i","cat":285094},{"id":215910,"n":"Bain de bouche Expert Dentamyl Blanche - 500ml","p":1.97,"u":"3,94 €/L","img":"https://fd6-photos.leclercdrive.fr/image.ashx?id=2600627&use=l&cat=p&typeid=i","cat":284613},{"id":215917,"n":"Liquide de Rinçage Finish  800ml","p":5.67,"u":"7,09 €/L","img":"https://fd6-photos.leclercdrive.fr/image.ashx?id=2864678&use=l&cat=p&typeid=i","cat":284657},{"id":216071,"n":"Beurre Président  Doux - 60% MG - 200g","p":1.87,"u":"9,35 €/KG","img":"https://fd6-photos.leclercdrive.fr/image.ashx?id=2887683&use=l&cat=p&typeid=i","cat":284379},{"id":216072,"n":"Beurre Président Demi-sel - 60% MG - 200g","p":1.71,"u":"8,55 €/KG","img":"https://fd6-photos.leclercdrive.fr/image.ashx?id=2841265&use=l&cat=p&typeid=i","cat":284379},{"id":216093,"n":"Chips Tortilla Doritos Goût barbecue style - 160g","p":2.01,"u":"12,56 €/KG","img":"https://fd6-photos.leclercdrive.fr/image.ashx?id=2880718&use=l&cat=p&typeid=i","cat":287899},{"id":216095,"n":"Chips Tortilla Doritos Goût nacho cheese - 160g","p":1.5,"u":"9,38 €/KG","img":"https://fd6-photos.leclercdrive.fr/image.ashx?id=2990478&use=l&cat=p&typeid=i","cat":287899},{"id":216096,"n":"Chips Tortilla Doritos Goût Nature Sel - 160g","p":1.86,"u":"11,63 €/KG","img":"https://fd6-photos.leclercdrive.fr/image.ashx?id=2880715&use=l&cat=p&typeid=i","cat":287899},{"id":216097,"n":"Chips Tortilla Doritos Goût paprika - 160g","p":2.06,"u":"12,88 €/KG","img":"https://fd6-photos.leclercdrive.fr/image.ashx?id=2890091&use=l&cat=p&typeid=i","cat":287899},{"id":216098,"n":"Chips Tortilla Doritos Goût sweet chili - 160g","p":1.97,"u":"12,31 €/KG","img":"https://fd6-photos.leclercdrive.fr/image.ashx?id=2990475&use=l&cat=p&typeid=i","cat":287899},{"id":216099,"n":"Chips Tortilla Doritos Goût sour cream - 160g","p":1.98,"u":"12,38 €/KG","img":"https://fd6-photos.leclercdrive.fr/image.ashx?id=2890088&use=l&cat=p&typeid=i","cat":287899},{"id":216105,"n":"Pané raclette Grand Fermage x4 - 100g","p":2.46,"u":"24,60 €/KG","img":"https://fd6-photos.leclercdrive.fr/image.ashx?id=2603402&use=l&cat=p&typeid=i","cat":314037},{"id":216108,"n":"Compotes Materne 5 fruits - 12x100g","p":5.02,"u":"4,18 €/KG","img":"https://fd6-photos.leclercdrive.fr/image.ashx?id=3003104&use=l&cat=p&typeid=i","cat":284416},{"id":216109,"n":"Compotes Materne 5 fruits rose & orange 12x100g","p":3.2,"u":"2,67 €/KG","img":"https://fd6-photos.leclercdrive.fr/image.ashx?id=3003107&use=l&cat=p&typeid=i","cat":284416},{"id":216112,"n":"Yaourt Fruits Panier de Yoplait Fraise Framboise - 4x125g","p":1.89,"u":"3,78 €/KG","img":"https://fd6-photos.leclercdrive.fr/image.ashx?id=2884471&use=l&cat=p&typeid=i","cat":284410},{"id":216113,"n":"Yaourt Fruits Panier de Yoplait Mûre Myrtille - 4x125g","p":1.92,"u":"3,84 €/KG","img":"https://fd6-photos.leclercdrive.fr/image.ashx?id=2884480&use=l&cat=p&typeid=i","cat":284410},{"id":216114,"n":"Yaourt Fruits Panier de Yoplait Abricot Nectarine - 4x125g","p":1.91,"u":"3,82 €/KG","img":"https://fd6-photos.leclercdrive.fr/image.ashx?id=2884474&use=l&cat=p&typeid=i","cat":284410},{"id":216115,"n":"Yaourt Fruits Panier de Yoplait Cerise - 4x125g","p":1.83,"u":"3,98 €/P","img":"https://fd6-photos.leclercdrive.fr/image.ashx?id=2884483&use=l&cat=p&typeid=i","cat":284410},{"id":216119,"n":"Yaourt Panier de Yoplait Fruits Jaunes - 8x125g","p":2.77,"u":"2,77 €/KG","img":"https://fd6-photos.leclercdrive.fr/image.ashx?id=2811965&use=l&cat=p&typeid=i","cat":284410},{"id":216120,"n":"Yaourt Fruits Panier de Yoplait Fraise Framboise Cerise -8x125g","p":2.76,"u":"2,76 €/KG","img":"https://fd6-photos.leclercdrive.fr/image.ashx?id=2811968&use=l&cat=p&typeid=i","cat":284410},{"id":216121,"n":"Yaourt Fruits Panier de Yoplait Coco Mangue Ananas - 8x125g","p":2.89,"u":"2,89 €/KG","img":"https://fd6-photos.leclercdrive.fr/image.ashx?id=2733742&use=l&cat=p&typeid=i","cat":284410},{"id":216122,"n":"Yaourt Fruits Panier de Yoplait Panaché - 12x125g","p":3.95,"u":"2,63 €/KG","img":"https://fd6-photos.leclercdrive.fr/image.ashx?id=2884486&use=l&cat=p&typeid=i","cat":284410},{"id":216123,"n":"Yaourt Fruits Panier de Yoplait Panaché - 16x125g","p":4.59,"u":"2,30 €/KG","img":"https://fd6-photos.leclercdrive.fr/image.ashx?id=2884489&use=l&cat=p&typeid=i","cat":284410},{"id":216125,"n":"Yaourt Panier de Yoplait Fruits Jaunes 0%Mg - 8x125g","p":2.84,"img":"https://fd6-photos.leclercdrive.fr/image.ashx?id=2733760&use=l&cat=p&typeid=i","cat":284410},{"id":216126,"n":"Yaourt Panier de Yoplait Fruits Rouges 0%Mg - 8x125g","p":2.76,"u":"2,76 €/KG","img":"https://fd6-photos.leclercdrive.fr/image.ashx?id=2830399&use=l&cat=p&typeid=i","cat":284410},{"id":216128,"n":"Yaourt Fruits Panier de Yoplait Panaché 0%Mg - 16x125g","p":4.54,"u":"2,27 €/KG","img":"https://fd6-photos.leclercdrive.fr/image.ashx?id=2884495&use=l&cat=p&typeid=i","cat":284410},{"id":216295,"n":"Raclette nature Eco+ 400g","p":3.37,"u":"8,43 €/KG","img":"https://fd6-photos.leclercdrive.fr/image.ashx?id=2611852&use=l&cat=p&typeid=i","cat":314037},{"id":216303,"n":"Riz Méditerranée Ben's original  Express 2mn - 220g","p":1.44,"u":"5,76 €/KG","img":"https://fd6-photos.leclercdrive.fr/image.ashx?id=2995301&use=l&cat=p&typeid=i","cat":287600},{"id":216325,"n":"Gel douche Adidas Active Skin & Mind - Energy Kick - 250ml","p":3.08,"u":"12,32 €/L","img":"https://fd6-photos.leclercdrive.fr/image.ashx?id=2990784&use=l&cat=p&typeid=i","cat":284619},{"id":216350,"n":"Émincés de porc au curry L'Atelier Boucherie - 300g","p":4.59,"u":"15,30 €/KG","img":"https://fd6-photos.leclercdrive.fr/image.ashx?id=2854279&use=l&cat=p&typeid=i","cat":284331},{"id":216353,"n":"Émincés de porc caramel L'Atelier Boucherie - 300g","p":4.59,"u":"15,30 €/KG","img":"https://fd6-photos.leclercdrive.fr/image.ashx?id=2854297&use=l&cat=p&typeid=i","cat":284331},{"id":216381,"n":"Émincés de boeuf Tex-Mex L'Atelier Boucherie - 200g","p":4.79,"u":"23,95 €/KG","img":"https://fd6-photos.leclercdrive.fr/image.ashx?id=2854282&use=l&cat=p&typeid=i","cat":284328},{"id":216463,"n":"Lingettes désinfectantes St  Marc Anti-Bactériennes - x80","p":2.5,"u":"0,03 €/P","img":"https://fd6-photos.leclercdrive.fr/image.ashx?id=2811341&use=l&cat=p&typeid=i","cat":325358},{"id":216519,"n":"Skyr Siggi's  Stracciatella - 2x140g","p":2.17,"u":"7,75 €/KG","img":"https://fd6-photos.leclercdrive.fr/image.ashx?id=2606885&use=l&cat=p&typeid=i","cat":315000},{"id":216520,"n":"Skyr Siggi's  Noix de Coco - 2x140g","p":2.17,"u":"7,75 €/KG","img":"https://fd6-photos.leclercdrive.fr/image.ashx?id=2938623&use=l&cat=p&typeid=i","cat":315000},{"id":216521,"n":"Yaourt à la grecque YAOS  Nature - 850g","p":2.99,"u":"3,52 €/KG","img":"https://fd6-photos.leclercdrive.fr/image.ashx?id=2729776&use=l&cat=p&typeid=i","cat":314999},{"id":216522,"n":"Fromage blanc Lindahls Protein  Pêche Passion - 2x160g","p":2.17,"u":"6,78 €/KG","img":"https://fd6-photos.leclercdrive.fr/image.ashx?id=2870197&use=l&cat=p&typeid=i","cat":284409},{"id":216596,"n":"Pâte à tartiner Andros be nuts Cacahuète croquant - 325g","p":3.38,"u":"10,40 €/KG","img":"https://fd6-photos.leclercdrive.fr/image.ashx?id=2906484&use=l&cat=p&typeid=i","cat":284481},{"id":216597,"n":"Pâte à tartiner Andros be nuts Cacahuète crémeux - 325g","p":3.32,"u":"10,22 €/KG","img":"https://fd6-photos.leclercdrive.fr/image.ashx?id=2916201&use=l&cat=p&typeid=i","cat":284481},{"id":216638,"n":"Nectar multifruits Pressade Bio  - 1L","p":2.69,"u":"2,69 €/L","img":"https://fd6-photos.leclercdrive.fr/image.ashx?id=2692380&use=l&cat=p&typeid=i","cat":284917},{"id":216639,"n":"Nectar orange Pressade Bio  - 1L","p":2.8,"u":"2,80 €/L","img":"https://fd6-photos.leclercdrive.fr/image.ashx?id=2732545&use=l&cat=p&typeid=i","cat":284521},{"id":216749,"n":"Sauce pesto Gusti Amo Bio Pesto verde - 130g","p":3.0,"u":"23,08 €/KG","img":"https://fd6-photos.leclercdrive.fr/image.ashx?id=2608875&use=l&cat=p&typeid=i","cat":299047},{"id":216772,"n":"Desserts Lactés P'TIT ONCTUEUX Pomme 6M+ - 4x90g","p":2.56,"u":"7,11 €/KG","img":"https://fd6-photos.leclercdrive.fr/image.ashx?id=2737765&use=l&cat=p&typeid=i","cat":312392},{"id":216999,"n":"Pétales céréales Grainea Nature - 750g","p":2.99,"u":"3,99 €/KG","img":"https://fd6-photos.leclercdrive.fr/image.ashx?id=2927869&use=l&cat=p&typeid=i","cat":309512},{"id":217003,"n":"Céréales coco pops Kellogg's Au chocolat - 550g","p":4.03,"u":"7,33 €/KG","img":"https://fd6-photos.leclercdrive.fr/image.ashx?id=2611080&use=l&cat=p&typeid=i","cat":309513},{"id":217020,"n":"Vin blanc Menetou-Salou Domaine de Boisbelle - 75cl","p":12.5,"u":"16,67 €/L","img":"https://fd6-photos.leclercdrive.fr/image.ashx?id=2910344&use=l&cat=p&typeid=i","cat":289557},{"id":217026,"n":"AOP Savoie blanc Apremont  Domaine Philippe Viallet - 75cl","p":7.95,"u":"10,60 €/L","img":"https://fd6-photos.leclercdrive.fr/image.ashx?id=2677678&use=l&cat=p&typeid=i","cat":289557},{"id":217042,"n":"Bitter Amaro Voltano Saveur orange 25% vol - 70cl","p":13.99,"u":"19,99 €/L","img":"https://fd6-photos.leclercdrive.fr/image.ashx?id=2613738&use=l&cat=p&typeid=i","cat":284913},{"id":217097,"n":"Boisson énergisante Crazy Tiger Cerise - 1L","p":1.99,"u":"1,99 €/L","img":"https://fd6-photos.leclercdrive.fr/image.ashx?id=2859509&use=l&cat=p&typeid=i","cat":284533},{"id":217187,"n":"Shampooing anti pelliculaire Le Petit Marseillais Lot 2x25cl","p":3.88,"u":"7,76 €/L","img":"https://fd6-photos.leclercdrive.fr/image.ashx?id=2668527&use=l&cat=p&typeid=i","cat":284606},{"id":217404,"n":"Mini rôti volaille Maître Coq Aux figues  - 2x200g","p":6.95,"u":"17,38 €/KG","img":"https://fd6-photos.leclercdrive.fr/image.ashx?id=2962503&use=l&cat=p&typeid=i","cat":327289},{"id":217427,"n":"Moulage chocolat Kinder Pingouin - 35g","p":1.75,"u":"50,00 €/KG","img":"https://fd6-photos.leclercdrive.fr/image.ashx?id=2619294&use=l&cat=p&typeid=i","cat":327592},{"id":217610,"n":"Café en grain  Bio Village Bio Pur arabica - 500g","p":8.29,"u":"16,58 €/KG","img":"https://fd6-photos.leclercdrive.fr/image.ashx?id=2615376&use=l&cat=p&typeid=i","cat":293237},{"id":217611,"n":"Chataigne Bio Village Bio - 195g","p":3.71,"u":"19,03 €/KG","img":"https://fd6-photos.leclercdrive.fr/image.ashx?id=2613747&use=l&cat=p&typeid=i","cat":312612},{"id":217612,"n":"Café en grain Plantation Pur arabica - 1kg","p":11.99,"u":"11,99 €/KG","img":"https://fd6-photos.leclercdrive.fr/image.ashx?id=2824307&use=l&cat=p&typeid=i","cat":293237},{"id":217613,"n":"Café en grain Plantation Ethiopie - 500g","p":7.99,"u":"15,98 €/KG","img":"https://fd6-photos.leclercdrive.fr/image.ashx?id=2824310&use=l&cat=p&typeid=i","cat":293237},{"id":217615,"n":"Fèves edamame d'aucy  2x130g","p":3.73,"u":"14,35 €/KG","img":"https://fd6-photos.leclercdrive.fr/image.ashx?id=2614927&use=l&cat=p&typeid=i","cat":312606},{"id":217902,"n":"Gourdes fruitées NATURNES Pomme Banane Fraise 6M+ - 7x90g","p":6.58,"u":"10,44 €/KG","img":"https://fd6-photos.leclercdrive.fr/image.ashx?id=2658099&use=l&cat=p&typeid=i","cat":312393},{"id":217907,"n":"Mix croquant Tramier Natura 175g","p":3.81,"u":"21,77 €/KG","img":"https://fd6-photos.leclercdrive.fr/image.ashx?id=2985624&use=l&cat=p&typeid=i","cat":284357},{"id":217914,"n":"Noix de cajou Tramier Natura 160g","p":3.78,"u":"23,63 €/KG","img":"https://fd6-photos.leclercdrive.fr/image.ashx?id=2948507&use=l&cat=p&typeid=i","cat":284448},{"id":217921,"n":"Olives vertes Tramier  Confites dénoyauté 320g","p":2.41,"u":"7,53 €/KG","img":"https://fd6-photos.leclercdrive.fr/image.ashx?id=2616087&use=l&cat=p&typeid=i","cat":284450},{"id":217934,"n":"Gel douche Adidas Active Skin & Mind - Cool Down - 250ml","p":2.95,"u":"11,80 €/L","img":"https://fd6-photos.leclercdrive.fr/image.ashx?id=2990775&use=l&cat=p&typeid=i","cat":284619},{"id":217936,"n":"Désodorisant diffuseur Airwick  Active Fresh Magnolia - 75ml","p":3.66,"u":"48,80 €/L","img":"https://fd6-photos.leclercdrive.fr/image.ashx?id=2616435&use=l&cat=p&typeid=i","cat":311629},{"id":217971,"n":"Désinfectant du linge Texil Fraîcheur - 1L","p":1.79,"u":"1,79 €/L","img":"https://fd6-photos.leclercdrive.fr/image.ashx?id=2622025&use=l&cat=p&typeid=i","cat":290451},{"id":217982,"n":"Dentifrice Integral 8 Signal Complet Effet Prébiotique 75ml","p":1.76,"u":"23,47 €/L","img":"https://fd6-photos.leclercdrive.fr/image.ashx?id=2974665&use=l&cat=p&typeid=i","cat":284612},{"id":217989,"n":"Dentifrice Integral 8 Signal HaleineFraîche Prébiotique 75ml","p":2.27,"u":"30,27 €/L","img":"https://fd6-photos.leclercdrive.fr/image.ashx?id=2985660&use=l&cat=p&typeid=i","cat":284612},{"id":217991,"n":"Dentifrice Signal Integral 8 Nettoyage intense - 75ml","p":2.42,"u":"32,27 €/L","img":"https://fd6-photos.leclercdrive.fr/image.ashx?id=2818190&use=l&cat=p&typeid=i","cat":284612},{"id":217993,"n":"Dentifrice Integral 8 Signal Blancheur Prébiotique 75ml","p":1.76,"u":"23,47 €/L","img":"https://fd6-photos.leclercdrive.fr/image.ashx?id=2974668&use=l&cat=p&typeid=i","cat":284612},{"id":217995,"n":"Dentifrice Signal Integral 8 Resist +Prébiotique - 75ml","p":2.53,"u":"33,73 €/L","img":"https://fd6-photos.leclercdrive.fr/image.ashx?id=2818199&use=l&cat=p&typeid=i","cat":284612},{"id":218000,"n":"Dentifrice Signal Système Blancheur 1 semaine - 75ml","p":1.91,"u":"25,47 €/L","img":"https://fd6-photos.leclercdrive.fr/image.ashx?id=2777516&use=l&cat=p&typeid=i","cat":284612},{"id":218001,"n":"Dentifrice Signal Système Blancheur - Charbon - 75ml","p":2.25,"u":"30,00 €/L","img":"https://fd6-photos.leclercdrive.fr/image.ashx?id=2981421&use=l&cat=p&typeid=i","cat":284612},{"id":218002,"n":"Dentifrice Signal Système Blancheur Eclat brillance 75ml","p":2.42,"u":"32,27 €/L","img":"https://fd6-photos.leclercdrive.fr/image.ashx?id=2981424&use=l&cat=p&typeid=i","cat":284612},{"id":218003,"n":"Brosse à dents Signal Integral  8 - Noir - Souple - x1","p":2.06,"img":"https://fd6-photos.leclercdrive.fr/image.ashx?id=2748707&use=l&cat=p&typeid=i","cat":284614},{"id":218108,"n":"Chocolats liqueurs Abtey Collection chardons - x20  280g","p":8.29,"u":"29,61 €/KG","img":"https://fd6-photos.leclercdrive.fr/image.ashx?id=2616559&use=l&cat=p&typeid=i","cat":327601},{"id":218164,"n":"Oeuf Kinder surprise Géant Pokemon - 220g","p":11.55,"u":"52,50 €/KG","img":"https://fd6-photos.leclercdrive.fr/image.ashx?id=2994563&use=l&cat=p&typeid=i","cat":284958},{"id":218178,"n":"Nuggets de dinde Côté Croc 1kg","p":5.99,"img":"https://fd6-photos.leclercdrive.fr/image.ashx?id=2837072&use=l&cat=p&typeid=i","cat":333684},{"id":218189,"n":"Pizza croustimoelleuse extrême  Marie Tartiflette - 2+1 offerte","p":6.93,"u":"4,20 €/KG","img":"https://fd6-photos.leclercdrive.fr/image.ashx?id=2996665&use=l&cat=p&typeid=i","cat":284256},{"id":218304,"n":"Cordon bleu de dinde Côté Croc 1kg","p":5.99,"u":"5,99 €/KG","img":"https://fd6-photos.leclercdrive.fr/image.ashx?id=2617319&use=l&cat=p&typeid=i","cat":333683},{"id":218331,"n":"Saumon fumé Petit Navire Écosse 10 tranches - 290g","p":10.7,"u":"36,90 €/KG","img":"https://fd6-photos.leclercdrive.fr/image.ashx?id=2950495&use=l&cat=p&typeid=i","cat":285188},{"id":218332,"n":"Pizza feu de bois Turini Montagnarde - 450g","p":3.24,"u":"7,20 €/KG","img":"https://fd6-photos.leclercdrive.fr/image.ashx?id=2816621&use=l&cat=p&typeid=i","cat":284256},{"id":218423,"n":"Burrata di Bufala Les Croisés - 125g","p":2.91,"u":"23,28 €/KG","img":"https://fd6-photos.leclercdrive.fr/image.ashx?id=3009529&use=l&cat=p&typeid=i","cat":314026},{"id":218424,"n":"Milky fromage enfant à tartiner Les Croisés 8 portions - 144g","p":1.76,"u":"12,22 €/KG","img":"https://fd6-photos.leclercdrive.fr/image.ashx?id=2791908&use=l&cat=p&typeid=i","cat":314030},{"id":218428,"n":"Bûche glacée Nestlé Fruits rouges meringue - 540g","p":6.73,"u":"12,46 €/KG","img":"https://fd6-photos.leclercdrive.fr/image.ashx?id=2936710&use=l&cat=p&typeid=i","cat":284266},{"id":218492,"n":"Brisures de saumon fumé Eco+ 150g","p":3.06,"u":"20,40 €/KG","img":"https://fd6-photos.leclercdrive.fr/image.ashx?id=2618378&use=l&cat=p&typeid=i","cat":285188},{"id":218494,"n":"Panés aux poissons Eco+ 200g","p":1.59,"u":"7,95 €/KG","img":"https://fd6-photos.leclercdrive.fr/image.ashx?id=2618706&use=l&cat=p&typeid=i","cat":284344},{"id":218518,"n":"Oeuf Kinder surprise Géant Frozen - 220g","p":11.55,"u":"52,50 €/KG","img":"https://fd6-photos.leclercdrive.fr/image.ashx?id=2764329&use=l&cat=p&typeid=i","cat":284958},{"id":218560,"n":"Tortillas Old El Paso de blé  nature familial x12 - 489g","p":3.86,"u":"0,32 €/P","img":"https://fd6-photos.leclercdrive.fr/image.ashx?id=2737669&use=l&cat=p&typeid=i","cat":288993},{"id":218563,"n":"Sauce Tomates Cuisinées Panzani - 650G","p":2.45,"u":"3,77 €/KG","img":"https://fd6-photos.leclercdrive.fr/image.ashx?id=2977936&use=l&cat=p&typeid=i","cat":287599},{"id":218581,"n":"Pesto alla genovese Sacla 190g","p":2.46,"u":"12,95 €/KG","img":"https://fd6-photos.leclercdrive.fr/image.ashx?id=2620737&use=l&cat=p&typeid=i","cat":289010},{"id":218606,"n":"Maxi œuf surprise Kinder Père Noel & oiseau 100g","p":6.52,"u":"65,20 €/KG","img":"https://fd6-photos.leclercdrive.fr/image.ashx?id=2621717&use=l&cat=p&typeid=i","cat":327592},{"id":218792,"n":"Sachet Père Noël et attaches Rohan - 175g","p":3.49,"u":"19,94 €/KG","img":"https://fd6-photos.leclercdrive.fr/image.ashx?id=2622594&use=l&cat=p&typeid=i","cat":327592},{"id":218803,"n":"Croquettes chat sénior Perfect  Fit 11+ au poulet - 1,4kg","p":7.63,"u":"5,45 €/KG","img":"https://fd6-photos.leclercdrive.fr/image.ashx?id=2871076&use=l&cat=p&typeid=i","cat":284680},{"id":218804,"n":"Croquettes chat Perfect Fit Boeuf Stérilisés Adulte 1.4kg","p":7.04,"u":"5,03 €/KG","img":"https://fd6-photos.leclercdrive.fr/image.ashx?id=2622792&use=l&cat=p&typeid=i","cat":284680},{"id":218807,"n":"Croquettes chat Perfect Fit Poulet stérilisés - 1.4kg","p":7.43,"u":"5,31 €/KG","img":"https://fd6-photos.leclercdrive.fr/image.ashx?id=2622795&use=l&cat=p&typeid=i","cat":284680},{"id":218819,"n":"Croquettes chat sénior Perfect  Fit 7+ au poulet - 1,4kg","p":6.9,"u":"4,93 €/KG","img":"https://fd6-photos.leclercdrive.fr/image.ashx?id=2624332&use=l&cat=p&typeid=i","cat":284680},{"id":218838,"n":"Rillettes de thon MSC Cap Océan - 140g","p":1.88,"u":"13,43 €/KG","img":"https://fd6-photos.leclercdrive.fr/image.ashx?id=3008845&use=l&cat=p&typeid=i","cat":285191},{"id":218861,"n":"Knacki Original Herta Sans nitrite x10 - 350g","p":2.93,"u":"8,37 €/KG","img":"https://fd6-photos.leclercdrive.fr/image.ashx?id=2684958&use=l&cat=p&typeid=i","cat":316012},{"id":218862,"n":"Knacki Original Herta x20 - 700g","p":3.45,"u":"4,93 €/KG","img":"https://fd6-photos.leclercdrive.fr/image.ashx?id=2688848&use=l&cat=p&typeid=i","cat":316012},{"id":219039,"n":"Pétales de céréales Grainea Chocolat noir - 550g","p":2.73,"u":"4,96 €/KG","img":"https://fd6-photos.leclercdrive.fr/image.ashx?id=2888649&use=l&cat=p&typeid=i","cat":309512},{"id":219041,"n":"Pétales de céréales Grainea Chocolat au lait - 550g","p":2.58,"u":"4,69 €/KG","img":"https://fd6-photos.leclercdrive.fr/image.ashx?id=2917669&use=l&cat=p&typeid=i","cat":309512},{"id":219069,"n":"Sauce Pesto Barilla Alla Calabrese - 190g","p":2.65,"u":"13,95 €/KG","img":"https://fd6-photos.leclercdrive.fr/image.ashx?id=2624751&use=l&cat=p&typeid=i","cat":287599},{"id":219070,"n":"Poivre saveur & épices 40g","p":2.61,"u":"65,25 €/KG","img":"https://fd6-photos.leclercdrive.fr/image.ashx?id=2624592&use=l&cat=p&typeid=i","cat":284457},{"id":219125,"n":"Liquide vaisselle Uni Vert Ecologique - Rose - 500ml","p":1.25,"u":"2,50 €/L","img":"https://fd6-photos.leclercdrive.fr/image.ashx?id=2999520&use=l&cat=p&typeid=i","cat":284655},{"id":219142,"n":"Lessive liquide Chanteclair Musc Blanc - 1800ml","p":6.9,"u":"3,83 €/L","img":"https://fd6-photos.leclercdrive.fr/image.ashx?id=2997298&use=l&cat=p&typeid=i","cat":284640},{"id":219405,"n":"Pièces de monnaie Rohan Chocolat - 100g","p":2.25,"u":"22,50 €/KG","img":"https://fd6-photos.leclercdrive.fr/image.ashx?id=2674743&use=l&cat=p&typeid=i","cat":327592},{"id":219478,"n":"AOP Cabernet d'Anjou Bernard Cordelier - 3L","p":11.49,"u":"3,83 €/L","img":"https://fd6-photos.leclercdrive.fr/image.ashx?id=2995655&use=l&cat=p&typeid=i","cat":289558},{"id":219483,"n":"AOP Cabernet d'Anjou  Bernard Cordelier - 75cl","p":2.99,"u":"3,99 €/L","img":"https://fd6-photos.leclercdrive.fr/image.ashx?id=2894716&use=l&cat=p&typeid=i","cat":289558},{"id":219490,"n":"Vin d'Espagne grenache Bernard Cordelier - 75cl","p":1.75,"u":"2,33 €/L","img":"https://fd6-photos.leclercdrive.fr/image.ashx?id=2714977&use=l&cat=p&typeid=i","cat":289558},{"id":219620,"n":"Brosse à laver 2 en 1 Eléphant - x1","p":5.46,"img":"https://fd6-photos.leclercdrive.fr/image.ashx?id=2997025&use=l&cat=p&typeid=i","cat":284667},{"id":219625,"n":"Set mini-goupillon x4 Eléphant","p":4.53,"img":"https://fd6-photos.leclercdrive.fr/image.ashx?id=2629163&use=l&cat=p&typeid=i","cat":284669},{"id":219722,"n":"Bloc de foie gras de canard Pierre de Chaumeyrac - 300g","p":16.9,"u":"56,33 €/KG","img":"https://fd6-photos.leclercdrive.fr/image.ashx?id=2804341&use=l&cat=p&typeid=i","cat":316008},{"id":220213,"n":"Raisin rosé sans pépins Panier du Primeur - 500g","p":3.49,"u":"6,98 €/KG","img":"https://fd6-photos.leclercdrive.fr/image.ashx?id=2858144&use=l&cat=p&typeid=i","cat":284356},{"id":220226,"n":"Décoloration Cheveux 100% ultra blond - 255g","p":9.89,"u":"38,78 €/KG","img":"https://fd6-photos.leclercdrive.fr/image.ashx?id=2636386&use=l&cat=p&typeid=i","cat":288899},{"id":220258,"n":"Sachet fraîcheur chat Sheba  Volaille en sauce - 40x85g","p":16.09,"u":"4,73 €/KG","img":"https://fd6-photos.leclercdrive.fr/image.ashx?id=2642729&use=l&cat=p&typeid=i","cat":285286},{"id":220265,"n":"Friandises chat Catisfactions  Creamy au saumon - 4x10g","p":1.98,"u":"49,50 €/KG","img":"https://fd6-photos.leclercdrive.fr/image.ashx?id=2912536&use=l&cat=p&typeid=i","cat":285285},{"id":220269,"n":"Friandises chat Catisfactions  Herbe à chat - 60g","p":1.37,"u":"22,83 €/KG","img":"https://fd6-photos.leclercdrive.fr/image.ashx?id=2914765&use=l&cat=p&typeid=i","cat":285285},{"id":220272,"n":"Sachet fraîcheur chat Whiskas  Carte mixte en gelée - 12x85g","p":5.39,"u":"5,28 €/KG","img":"https://fd6-photos.leclercdrive.fr/image.ashx?id=2902990&use=l&cat=p&typeid=i","cat":285286},{"id":220280,"n":"Raisin blanc sans pépins Panier du Primeur - 500g","p":3.99,"u":"7,98 €/KG","img":"https://fd6-photos.leclercdrive.fr/image.ashx?id=2858132&use=l&cat=p&typeid=i","cat":284356},{"id":220289,"n":"Stevia en poudre Edulcorel 200g","p":2.69,"u":"13,45 €/KG","img":"https://fd6-photos.leclercdrive.fr/image.ashx?id=2632680&use=l&cat=p&typeid=i","cat":324846},{"id":220296,"n":"Boîte chat Whiskas  Gelée du marché - 4x390g","p":5.62,"u":"3,60 €/KG","img":"https://fd6-photos.leclercdrive.fr/image.ashx?id=2730490&use=l&cat=p&typeid=i","cat":285601},{"id":220298,"n":"Bonbons Tubes Acid'  Copains Copines - 180g","p":1.39,"u":"7,72 €/KG","img":"https://fd6-photos.leclercdrive.fr/image.ashx?id=2934775&use=l&cat=p&typeid=i","cat":304250},{"id":220347,"n":"Sachet fraîcheur chat Whiskas  Classiques en sauce - 12x85g","p":5.64,"u":"5,53 €/KG","img":"https://fd6-photos.leclercdrive.fr/image.ashx?id=2633887&use=l&cat=p&typeid=i","cat":285286},{"id":220510,"n":"Dentifrice Signal Intégral 8  Complet - 3x75ml","p":4.55,"u":"20,22 €/L","img":"https://fd6-photos.leclercdrive.fr/image.ashx?id=2639840&use=l&cat=p&typeid=i","cat":284612},{"id":220538,"n":"Emiettés de thon Gastromer Piquant - 150g","p":1.99,"pp":1.31,"u":"8,73 €/KG","img":"https://fd6-photos.leclercdrive.fr/image.ashx?id=2638832&use=l&cat=p&typeid=i","cat":285191},{"id":220563,"n":"Dentifrice Signal Intégral 8 Interdentaire - 3x75ml","p":4.55,"u":"20,22 €/L","img":"https://fd6-photos.leclercdrive.fr/image.ashx?id=2639846&use=l&cat=p&typeid=i","cat":284612},{"id":220564,"n":"Dentifrice Signal Intégral 8 Haleine fraîche - 3x75ml","p":6.81,"u":"90,80 €/L","img":"https://fd6-photos.leclercdrive.fr/image.ashx?id=2971464&use=l&cat=p&typeid=i","cat":284612},{"id":220689,"n":"Dentifrice Integral 8 Signal Interdentaire Prébiotique 75ml","p":2.42,"u":"32,27 €/L","img":"https://fd6-photos.leclercdrive.fr/image.ashx?id=2940654&use=l&cat=p&typeid=i","cat":284612},{"id":220728,"n":"Dentifrice Signal Intégral 8 Sel rose & camomille - 2x75ml","p":3.3,"u":"22,00 €/L","img":"https://fd6-photos.leclercdrive.fr/image.ashx?id=2636467&use=l&cat=p&typeid=i","cat":284612},{"id":220733,"n":"Recharge power tabs Rubson Neutre aéro 360° - 450g - x6","p":42.41,"u":"94,24 €/KG","img":"https://fd6-photos.leclercdrive.fr/image.ashx?id=2636326&use=l&cat=p&typeid=i","cat":300576},{"id":220786,"n":"Papier toilette humide Lotus Confort - x38","p":1.7,"u":"0,04 €/P","img":"https://fd6-photos.leclercdrive.fr/image.ashx?id=2864843&use=l&cat=p&typeid=i","cat":284634},{"id":220788,"n":"Recharge crème lavante mains Le Petit Marseillais Lait 250ml","p":0.81,"u":"3,24 €/L","img":"https://fd6-photos.leclercdrive.fr/image.ashx?id=2735242&use=l&cat=p&typeid=i","cat":284597},{"id":220789,"n":"Coloration Permanente Olia 5.15 Chocolat Glacé","p":9.07,"img":"https://fd6-photos.leclercdrive.fr/image.ashx?id=2635961&use=l&cat=p&typeid=i","cat":288899},{"id":220791,"n":"Après-shampooing Garnier Cheveu coloré ou méché - 250ml","p":2.49,"u":"9,96 €/L","img":"https://fd6-photos.leclercdrive.fr/image.ashx?id=2828049&use=l&cat=p&typeid=i","cat":284607},{"id":220800,"n":"Pommes rissolées Findus 1.08kg","p":3.38,"u":"3,13 €/KG","img":"https://fd6-photos.leclercdrive.fr/image.ashx?id=2843183&use=l&cat=p&typeid=i","cat":319792},{"id":220821,"n":"Crème lavante mains Le Petit Marseillais - Amande - 250ml","p":0.87,"u":"3,48 €/L","img":"https://fd6-photos.leclercdrive.fr/image.ashx?id=2684209&use=l&cat=p&typeid=i","cat":284597},{"id":220823,"n":"Gel lavant mains Le Petit Marseillais - Lavande - 300ml","p":1.81,"u":"6,03 €/L","img":"https://fd6-photos.leclercdrive.fr/image.ashx?id=2684221&use=l&cat=p&typeid=i","cat":284597},{"id":220824,"n":"Crème lavante mains Le Petit Marseillais - Lait - 300ml","p":1.86,"u":"6,20 €/L","img":"https://fd6-photos.leclercdrive.fr/image.ashx?id=2684224&use=l&cat=p&typeid=i","cat":284597},{"id":220946,"n":"Chocolat Peluche mix Kinder Pingouin - 133g","p":12.49,"u":"93,91 €/KG","img":"https://fd6-photos.leclercdrive.fr/image.ashx?id=2638072&use=l&cat=p&typeid=i","cat":327789},{"id":220999,"n":"Film Scel-O-Frais Fraîcheur - 20m","p":2.26,"img":"https://fd6-photos.leclercdrive.fr/image.ashx?id=2639615&use=l&cat=p&typeid=i","cat":285194},{"id":221082,"n":"Chips Mazingarbe poivrée 120g","p":2.9,"u":"24,17 €/KG","img":"https://fd6-photos.leclercdrive.fr/image.ashx?id=2670035&use=l&cat=p&typeid=i","cat":284447},{"id":221147,"n":"Serviette hygénique Always Platinum - Long+ - x10","p":2.71,"u":"0,27 €/P","img":"https://fd6-photos.leclercdrive.fr/image.ashx?id=2890442&use=l&cat=p&typeid=i","cat":284624},{"id":221203,"n":"Jus multivitamines Andros 1,5L","p":4.11,"u":"2,74 €/L","img":"https://fd6-photos.leclercdrive.fr/image.ashx?id=2904269&use=l&cat=p&typeid=i","cat":284917},{"id":221205,"n":"Fromage fondu Burger Eco+ x10 - 200g","p":1.19,"u":"5,95 €/KG","img":"https://fd6-photos.leclercdrive.fr/image.ashx?id=2956960&use=l&cat=p&typeid=i","cat":314028},{"id":221208,"n":"Disques à démaquiller x120","p":0.42,"img":"https://fd6-photos.leclercdrive.fr/image.ashx?id=2640119&use=l&cat=p&typeid=i","cat":285593},{"id":221279,"n":"Cerneaux de noix Eco+ 400g","p":3.99,"u":"9,98 €/KG","img":"https://fd6-photos.leclercdrive.fr/image.ashx?id=2768454&use=l&cat=p&typeid=i","cat":284357},{"id":221463,"n":"Saumon fumé Delpeyrat Ecosse - 10 tranches - 275g","p":7.99,"u":"29,05 €/KG","img":"https://fd6-photos.leclercdrive.fr/image.ashx?id=2923543&use=l&cat=p&typeid=i","cat":285188},{"id":221493,"n":"Stevia en comprimés Eco+ x650 - 42,25g","p":1.52,"u":"36,19 €/KG","img":"https://fd6-photos.leclercdrive.fr/image.ashx?id=2641789&use=l&cat=p&typeid=i","cat":284502},{"id":221498,"n":"Infusion nuit tranquille miel Elephant - x20 - 30g","p":2.4,"u":"80,00 €/KG","img":"https://fd6-photos.leclercdrive.fr/image.ashx?id=2655650&use=l&cat=p&typeid=i","cat":293234},{"id":221507,"n":"Infusion nuit tranquille  Elephant - x20 - 30g","p":1.52,"u":"50,67 €/KG","img":"https://fd6-photos.leclercdrive.fr/image.ashx?id=2655647&use=l&cat=p&typeid=i","cat":293234},{"id":221933,"n":"Dentifrice Oral-B 3D White Advanced Luxe blancheur 2x75ml","p":9.3,"u":"62,00 €/L","img":"https://fd6-photos.leclercdrive.fr/image.ashx?id=2795914&use=l&cat=p&typeid=i","cat":284612},{"id":221934,"n":"Dentifrice Oral-B 3D White Advanced Luxe perfection 2x75ml","p":9.12,"u":"60,80 €/L","img":"https://fd6-photos.leclercdrive.fr/image.ashx?id=2745334&use=l&cat=p&typeid=i","cat":284612},{"id":222030,"n":"Yaourt à boire Actimel Original et Fraise - 8x100g","p":3.55,"u":"4,44 €/KG","img":"https://fd6-photos.leclercdrive.fr/image.ashx?id=2648121&use=l&cat=p&typeid=i","cat":284415},{"id":222056,"n":"Citron vert  1p","p":0.35,"img":"https://fd6-photos.leclercdrive.fr/image.ashx?id=1628331&use=l&cat=p&typeid=i","cat":284356},{"id":222064,"n":"Grenade 1p","p":0.99,"img":"https://fd6-photos.leclercdrive.fr/image.ashx?id=1633898&use=l&cat=p&typeid=i","cat":284356},{"id":222082,"n":"Shampoing nutrition Ultra Doux Argan et Camélia - 600ml","p":5.47,"u":"9,12 €/L","img":"https://fd6-photos.leclercdrive.fr/image.ashx?id=2648781&use=l&cat=p&typeid=i","cat":284606},{"id":222083,"n":"Shampoing illuminant Ultra Doux Camomille Miel - 600ml","p":5.31,"u":"8,85 €/L","img":"https://fd6-photos.leclercdrive.fr/image.ashx?id=2926602&use=l&cat=p&typeid=i","cat":284606},{"id":222084,"n":"Shampooing Ultra Doux Garnier Trésor de miel - 600ml","p":5.15,"u":"8,58 €/L","img":"https://fd6-photos.leclercdrive.fr/image.ashx?id=2648787&use=l&cat=p&typeid=i","cat":284606},{"id":222087,"n":"Shampoing Enfants Ultra Doux Abricot - 600ml","p":5.47,"u":"9,12 €/L","img":"https://fd6-photos.leclercdrive.fr/image.ashx?id=2851096&use=l&cat=p&typeid=i","cat":284606},{"id":222089,"n":"Shampoing nutrition Ultra Doux Avocat et Karité - 600ml","p":5.28,"u":"8,80 €/L","img":"https://fd6-photos.leclercdrive.fr/image.ashx?id=2944852&use=l&cat=p&typeid=i","cat":284606},{"id":222095,"n":"Shampooing Ultra Doux Charbon Magnétique - 600ml","p":5.47,"u":"9,12 €/L","img":"https://fd6-photos.leclercdrive.fr/image.ashx?id=2648796&use=l&cat=p&typeid=i","cat":284606},{"id":222257,"n":"Avocat  1p","p":1.39,"img":"https://fd6-photos.leclercdrive.fr/image.ashx?id=1633637&use=l&cat=p&typeid=i","cat":284352},{"id":222390,"n":"Décor pour gateaux Vahiné Pirate","p":1.54,"img":"https://fd6-photos.leclercdrive.fr/image.ashx?id=2649683&use=l&cat=p&typeid=i","cat":284504},{"id":222394,"n":"Décor pour gateaux Vahiné Animaux","p":1.54,"img":"https://fd6-photos.leclercdrive.fr/image.ashx?id=2649686&use=l&cat=p&typeid=i","cat":284504},{"id":222397,"n":"Décor pour gateaux Vahiné Princesse","p":1.54,"img":"https://fd6-photos.leclercdrive.fr/image.ashx?id=2649689&use=l&cat=p&typeid=i","cat":284504},{"id":222472,"n":"Ananas Eco+ Morceaux - Sirop léger - 340g","p":1.06,"u":"3,12 €/KG","img":"https://fd6-photos.leclercdrive.fr/image.ashx?id=2650907&use=l&cat=p&typeid=i","cat":284507},{"id":222479,"n":"Pop corn sucre de canne Vico Micro-ondable 240g","p":1.98,"u":"8,25 €/KG","img":"https://fd6-photos.leclercdrive.fr/image.ashx?id=2651585&use=l&cat=p&typeid=i","cat":304249},{"id":222480,"n":"Pop corn Vico Salé - 240g","p":1.88,"u":"7,83 €/KG","img":"https://fd6-photos.leclercdrive.fr/image.ashx?id=2815049&use=l&cat=p&typeid=i","cat":304249},{"id":222487,"n":"Punch planteur Eco+ 70cl","p":3.97,"u":"5,67 €/L","img":"https://fd6-photos.leclercdrive.fr/image.ashx?id=2675750&use=l&cat=p&typeid=i","cat":284551},{"id":222488,"n":"AOC tuile Rivesaltes Eco+ Vin doux naturel - 75cl","p":3.22,"u":"4,29 €/L","img":"https://fd6-photos.leclercdrive.fr/image.ashx?id=2974732&use=l&cat=p&typeid=i","cat":284913},{"id":222582,"n":"Shampoing Restaurateur Eslève Glycolic Gloss - 200ml","p":6.19,"u":"30,95 €/L","img":"https://fd6-photos.leclercdrive.fr/image.ashx?id=2657157&use=l&cat=p&typeid=i","cat":284606},{"id":222583,"n":"Soin Cheveux Lamination Elsève Glycolic Gloss - 200ml","p":7.8,"u":"39,00 €/L","img":"https://fd6-photos.leclercdrive.fr/image.ashx?id=2656796&use=l&cat=p&typeid=i","cat":284608},{"id":222584,"n":"Pâte à tartiner Nutella 220g","p":2.37,"u":"10,77 €/KG","img":"https://fd6-photos.leclercdrive.fr/image.ashx?id=2755216&use=l&cat=p&typeid=i","cat":284481},{"id":222586,"n":"Démêlant Cheveux Elsève Glycolic Gloss - 150ml","p":6.19,"u":"41,27 €/L","img":"https://fd6-photos.leclercdrive.fr/image.ashx?id=2657160&use=l&cat=p&typeid=i","cat":284607},{"id":222589,"n":"Sérum Soin Sans Rinçage Elsève Glycolic Gloss - 150ml","p":12.87,"u":"85,80 €/L","img":"https://fd6-photos.leclercdrive.fr/image.ashx?id=2656069&use=l&cat=p&typeid=i","cat":284608},{"id":222591,"n":"Soin anti-tâches L'Oréal Paris Bright Reveal SPF50+ - 50ml","p":13.87,"u":"277,40 €/L","img":"https://fd6-photos.leclercdrive.fr/image.ashx?id=2921879&use=l&cat=p&typeid=i","cat":325345},{"id":222597,"n":"Sérum anti-taches L'Oréal Paris Bright Reveal - 30ml","p":15.12,"u":"504,00 €/L","img":"https://fd6-photos.leclercdrive.fr/image.ashx?id=2865881&use=l&cat=p&typeid=i","cat":325345},{"id":222638,"n":"Chocolat pâtissier Nestlé Corsé - 2x200g","p":6.1,"u":"15,25 €/KG","img":"https://fd6-photos.leclercdrive.fr/image.ashx?id=2905654&use=l&cat=p&typeid=i","cat":285562},{"id":222703,"n":"Dentifrice Signal Extra fraîcheur blancheur 75ml","p":2.2,"u":"29,33 €/L","img":"https://fd6-photos.leclercdrive.fr/image.ashx?id=2938328&use=l&cat=p&typeid=i","cat":284612},{"id":222704,"n":"Dentifrice Signal Extra fraîcheur intense - 75ml","p":2.17,"u":"28,93 €/L","img":"https://fd6-photos.leclercdrive.fr/image.ashx?id=2654212&use=l&cat=p&typeid=i","cat":284612},{"id":222740,"n":"Pommes bicolores Eco+ x4","p":0.99,"u":"0,25 €/P","img":"https://fd6-photos.leclercdrive.fr/image.ashx?id=2928210&use=l&cat=p&typeid=i","cat":284356},{"id":222742,"n":"Swiffer wetjet Kit Lavable Système anti-poussière - x1","p":30.48,"pp":18.29,"img":"https://fd6-photos.leclercdrive.fr/image.ashx?id=2927708&use=l&cat=p&typeid=i","cat":325364},{"id":222743,"n":"Sauce Sriracha Mayo Hot Chili - 215ml","p":3.16,"u":"14,70 €/L","img":"https://fd6-photos.leclercdrive.fr/image.ashx?id=2655211&use=l&cat=p&typeid=i","cat":288992},{"id":222779,"n":"Eau de javel La Croix Traditionnelle - 1.5L","p":1.66,"u":"1,11 €/L","img":"https://fd6-photos.leclercdrive.fr/image.ashx?id=2667556&use=l&cat=p&typeid=i","cat":284661},{"id":222782,"n":"Adoucissant Soupline Lingettes Voile Sèche-linge Grand air-x20","p":2.77,"u":"0,14 €/P","img":"https://fd6-photos.leclercdrive.fr/image.ashx?id=2654435&use=l&cat=p&typeid=i","cat":325302},{"id":222820,"n":"Bonbons Haribo Pocket Assortiment mini sachets - 340g","p":3.32,"u":"9,76 €/KG","img":"https://fd6-photos.leclercdrive.fr/image.ashx?id=2654653&use=l&cat=p&typeid=i","cat":304250},{"id":222824,"n":"Carottes râpées Notre Jardin 250g","p":1.49,"u":"5,96 €/KG","img":"https://fd6-photos.leclercdrive.fr/image.ashx?id=2693321&use=l&cat=p&typeid=i","cat":284353},{"id":222826,"n":"Chou blanc carotte Notre Jardin 250g","p":1.49,"u":"5,96 €/KG","img":"https://fd6-photos.leclercdrive.fr/image.ashx?id=2680830&use=l&cat=p&typeid=i","cat":284353},{"id":222839,"n":"Duo mâche et betterave Notre Jardin - 175g","p":1.32,"u":"7,54 €/KG","img":"https://fd6-photos.leclercdrive.fr/image.ashx?id=2693330&use=l&cat=p&typeid=i","cat":284353},{"id":222842,"n":"Acide citrique Clair 500g","p":2.99,"u":"5,98 €/KG","img":"https://fd6-photos.leclercdrive.fr/image.ashx?id=2822147&use=l&cat=p&typeid=i","cat":325365},{"id":222843,"n":"Liquide vaisselle Uni vert Ecolo amande - 500ml","p":1.15,"u":"2,30 €/L","img":"https://fd6-photos.leclercdrive.fr/image.ashx?id=2999523&use=l&cat=p&typeid=i","cat":284655},{"id":222851,"n":"Mesclun Notre Jardin 125g","p":1.51,"u":"12,08 €/KG","img":"https://fd6-photos.leclercdrive.fr/image.ashx?id=2663299&use=l&cat=p&typeid=i","cat":284353},{"id":222854,"n":"Lingette lavable Swiffer Wetj Wetjet - Microfibre - x1","p":8.65,"pp":5.19,"img":"https://fd6-photos.leclercdrive.fr/image.ashx?id=2656240&use=l&cat=p&typeid=i","cat":325364},{"id":222898,"n":"Dentifrice Sensodyne Anti-Tâches - 75ml","p":6.42,"u":"85,60 €/L","img":"https://fd6-photos.leclercdrive.fr/image.ashx?id=2997775&use=l&cat=p&typeid=i","cat":284612},{"id":222899,"n":"Dentifrice Sensodyne Email renforcé - 75ml","p":5.51,"u":"73,47 €/L","img":"https://fd6-photos.leclercdrive.fr/image.ashx?id=2997208&use=l&cat=p&typeid=i","cat":284612},{"id":222959,"n":"Soin jour bio So'Bio Etic Anti-tâches - Lys - 50ml","p":17.35,"u":"347,00 €/L","img":"https://fd6-photos.leclercdrive.fr/image.ashx?id=3000207&use=l&cat=p&typeid=i","cat":325345},{"id":222960,"n":"Soin nuit bio So'Bio Etic Peeling - Anti-tâche - Lys 50ml","p":17.67,"u":"353,40 €/L","img":"https://fd6-photos.leclercdrive.fr/image.ashx?id=2997019&use=l&cat=p&typeid=i","cat":325345},{"id":222961,"n":"Soin regard So'Bio Etic Lift Grenade bio - 15ml","p":12.02,"u":"801,33 €/L","img":"https://fd6-photos.leclercdrive.fr/image.ashx?id=2787113&use=l&cat=p&typeid=i","cat":325345},{"id":222964,"n":"Colin d'Alaska MSC Pêche Océan Façon Fish & Chips - 400g","p":2.69,"u":"6,73 €/KG","img":"https://fd6-photos.leclercdrive.fr/image.ashx?id=2856211&use=l&cat=p&typeid=i","cat":319788},{"id":222995,"n":"Nouilles Banzai Noodle Curry cup - 67g","p":1.41,"u":"21,04 €/KG","img":"https://fd6-photos.leclercdrive.fr/image.ashx?id=2730007&use=l&cat=p&typeid=i","cat":288992},{"id":222998,"n":"Jambon de Paris Tradilège Sans nitrite 4 tranches - 140g","p":1.89,"u":"13,50 €/KG","img":"https://fd6-photos.leclercdrive.fr/image.ashx?id=2991530&use=l&cat=p&typeid=i","cat":316009},{"id":223019,"n":"Shampooing Herbal Essences Argan - 250ml","p":4.02,"u":"16,08 €/L","img":"https://fd6-photos.leclercdrive.fr/image.ashx?id=2684629&use=l&cat=p&typeid=i","cat":284606},{"id":223146,"n":"Bière de Flandre 3 Monts Triple - 6x33cl   9.5%vol.","p":7.35,"u":"3,71 €/L","img":"https://fd6-photos.leclercdrive.fr/image.ashx?id=2661051&use=l&cat=p&typeid=i","cat":334852},{"id":223157,"n":"Vinaigre blanc 5L - 10°","p":3.57,"u":"0,71 €/L","img":"https://fd6-photos.leclercdrive.fr/image.ashx?id=2659792&use=l&cat=p&typeid=i","cat":298543},{"id":223176,"n":"Dentifrice Oral-B Luxe Charbon - 2x75ml","p":7.35,"u":"49,00 €/L","img":"https://fd6-photos.leclercdrive.fr/image.ashx?id=2661492&use=l&cat=p&typeid=i","cat":284612},{"id":223229,"n":"Dentifrice Parodontax Réparation active gencives 75ml","p":4.71,"u":"62,80 €/L","img":"https://fd6-photos.leclercdrive.fr/image.ashx?id=2917534&use=l&cat=p&typeid=i","cat":284612},{"id":223278,"n":"Bière Kasteel Rubus 75cl","p":5.17,"u":"6,89 €/L","img":"https://fd6-photos.leclercdrive.fr/image.ashx?id=2661454&use=l&cat=p&typeid=i","cat":334872},{"id":223279,"n":"Bière Houthakker 75cl","p":3.79,"u":"5,05 €/L","img":"https://fd6-photos.leclercdrive.fr/image.ashx?id=2833480&use=l&cat=p&typeid=i","cat":334872},{"id":223280,"n":"Bière ambrée 3 Monts 6x33cl","p":7.35,"u":"3,71 €/L","img":"https://fd6-photos.leclercdrive.fr/image.ashx?id=2661688&use=l&cat=p&typeid=i","cat":334852},{"id":223356,"n":"Bière triple Abbaye Paix Dieu 33cl","p":3.59,"u":"10,88 €/L","img":"https://fd6-photos.leclercdrive.fr/image.ashx?id=2757788&use=l&cat=p&typeid=i","cat":334872},{"id":223358,"n":"Bière blonde Queue de charrue 75cl","p":4.71,"u":"6,28 €/L","img":"https://fd6-photos.leclercdrive.fr/image.ashx?id=2662511&use=l&cat=p&typeid=i","cat":334872},{"id":223363,"n":"Bière blonde Queue de charrue 33cl","p":1.95,"u":"5,91 €/L","img":"https://fd6-photos.leclercdrive.fr/image.ashx?id=2662508&use=l&cat=p&typeid=i","cat":334872},{"id":223365,"n":"Boisson aux fruits Jafun Multifruits - 4x20cl","p":1.44,"u":"1,80 €/L","img":"https://fd6-photos.leclercdrive.fr/image.ashx?id=2992570&use=l&cat=p&typeid=i","cat":295018},{"id":223392,"n":"Boisson aux fruits Jafun Fruits rouges - 4x20cl","p":1.44,"u":"1,80 €/L","img":"https://fd6-photos.leclercdrive.fr/image.ashx?id=2992573&use=l&cat=p&typeid=i","cat":295018},{"id":223394,"n":"Boisson aux fruits Jafun Tropical - 4x20cl","p":1.52,"u":"1,90 €/L","img":"https://fd6-photos.leclercdrive.fr/image.ashx?id=2992576&use=l&cat=p&typeid=i","cat":295018},{"id":223396,"n":"Boisson aux fruits Jafun Pomme cassis framboise 10x20cl","p":3.35,"u":"1,68 €/L","img":"https://fd6-photos.leclercdrive.fr/image.ashx?id=2992594&use=l&cat=p&typeid=i","cat":295018},{"id":223431,"n":"Crème dessert protéinée Hipro  Chocolat noisette - 180g","p":1.7,"u":"9,44 €/KG","img":"https://fd6-photos.leclercdrive.fr/image.ashx?id=2800294&use=l&cat=p&typeid=i","cat":285041},{"id":223437,"n":"Gratte-éponge Spontex Secret d'antan - x4","p":3.4,"u":"0,85 €/P","img":"https://fd6-photos.leclercdrive.fr/image.ashx?id=2673214&use=l&cat=p&typeid=i","cat":284667},{"id":223445,"n":"Shampoing fortifiant Fructis Force et Brillance - 300ml","p":3.01,"u":"10,03 €/L","img":"https://fd6-photos.leclercdrive.fr/image.ashx?id=2669271&use=l&cat=p&typeid=i","cat":284606},{"id":223498,"n":"Ketchup Rustica 900g","p":1.79,"u":"1,99 €/KG","img":"https://fd6-photos.leclercdrive.fr/image.ashx?id=2954394&use=l&cat=p&typeid=i","cat":284455},{"id":223499,"n":"Ketchup Rustica 390g","p":1.09,"u":"2,79 €/KG","img":"https://fd6-photos.leclercdrive.fr/image.ashx?id=2954391&use=l&cat=p&typeid=i","cat":284455},{"id":223500,"n":"Mais croquant Notre Jardin 2x285g","p":1.7,"u":"2,98 €/KG","img":"https://fd6-photos.leclercdrive.fr/image.ashx?id=3005694&use=l&cat=p&typeid=i","cat":312611},{"id":223521,"n":"Biscuit bio  Nocciolata bianca Fourré pâte à tartiner - 250g","p":3.36,"u":"13,44 €/KG","img":"https://fd6-photos.leclercdrive.fr/image.ashx?id=2664554&use=l&cat=p&typeid=i","cat":284487},{"id":223537,"n":"Bloc Energy 5 WC Net Actions - Brise aquatique - 38g","p":1.86,"u":"48,95 €/KG","img":"https://fd6-photos.leclercdrive.fr/image.ashx?id=2664449&use=l&cat=p&typeid=i","cat":284662},{"id":223538,"n":"Bloc Energy 5 actions WC Net Javel Agrumes et iris - 38g","p":1.98,"u":"52,11 €/KG","img":"https://fd6-photos.leclercdrive.fr/image.ashx?id=2664452&use=l&cat=p&typeid=i","cat":284662},{"id":223554,"n":"Tablettes WC Harpic  Power Plus Fraicheur Active- x6","p":3.5,"u":"25,93 €/KG","img":"https://fd6-photos.leclercdrive.fr/image.ashx?id=2665391&use=l&cat=p&typeid=i","cat":284662},{"id":223560,"n":"Culottes fuites urinaires Always Discreet - Taille M x13","p":10.1,"u":"0,78 €/P","img":"https://fd6-photos.leclercdrive.fr/image.ashx?id=2927029&use=l&cat=p&typeid=i","cat":284628},{"id":223563,"n":"Culottes fuites urinaires Always Discreet Noir - L x8","p":11.02,"u":"1,38 €/P","img":"https://fd6-photos.leclercdrive.fr/image.ashx?id=2685432&use=l&cat=p&typeid=i","cat":284628},{"id":223578,"n":"Serviettes fuites urinaires Always Discreet - Long - x26","p":9.55,"u":"0,37 €/P","img":"https://fd6-photos.leclercdrive.fr/image.ashx?id=2685465&use=l&cat=p&typeid=i","cat":284628},{"id":223581,"n":"Serviettes fuites urinaires Always Discreet - Long+ - x16","p":8.19,"u":"0,51 €/P","img":"https://fd6-photos.leclercdrive.fr/image.ashx?id=2685471&use=l&cat=p&typeid=i","cat":284628},{"id":223587,"n":"Serviettes fuites urinaires Always Discreet - Long - x10","p":3.83,"u":"0,38 €/P","img":"https://fd6-photos.leclercdrive.fr/image.ashx?id=2685474&use=l&cat=p&typeid=i","cat":284628},{"id":223603,"n":"Fil dentaire Dentamyl Cire menthe - 80m","p":2.72,"u":"0,03 €/MT","img":"https://fd6-photos.leclercdrive.fr/image.ashx?id=2672888&use=l&cat=p&typeid=i","cat":285159},{"id":223604,"n":"Shampoing fortifiant Fructis Antipelliculaire - 300ml","p":2.81,"u":"9,37 €/L","img":"https://fd6-photos.leclercdrive.fr/image.ashx?id=2667862&use=l&cat=p&typeid=i","cat":284606},{"id":223605,"n":"Crème Douche Hydratation Cadum Peaux Sèches - 500ml","p":2.44,"u":"4,88 €/L","img":"https://fd6-photos.leclercdrive.fr/image.ashx?id=2739318&use=l&cat=p&typeid=i","cat":284594},{"id":223607,"n":"Gel Corps et Cheveux Cadum Hypoallergénique - 750ml","p":4.88,"u":"6,51 €/L","img":"https://fd6-photos.leclercdrive.fr/image.ashx?id=2802512&use=l&cat=p&typeid=i","cat":284594},{"id":223608,"n":"Crème Douche Tolérance Cadum Sans Sulfate - 400ml","p":2.91,"u":"7,28 €/L","img":"https://fd6-photos.leclercdrive.fr/image.ashx?id=2696007&use=l&cat=p&typeid=i","cat":284594},{"id":223609,"n":"Douche Crème Dop Cookies au Chocolat - 290ml","p":2.08,"u":"7,17 €/L","img":"https://fd6-photos.leclercdrive.fr/image.ashx?id=2709876&use=l&cat=p&typeid=i","cat":284594},{"id":223613,"n":"Désodorisant Febreze Petit coin Coton - 7.5ml","p":3.2,"u":"400,00 €/L","img":"https://fd6-photos.leclercdrive.fr/image.ashx?id=2955236&use=l&cat=p&typeid=i","cat":311628},{"id":223648,"n":"Rasoir Gillette Skinguard + 1 recharge - Aloe vera - x1","p":11.71,"img":"https://fd6-photos.leclercdrive.fr/image.ashx?id=2665499&use=l&cat=p&typeid=i","cat":284616},{"id":223650,"n":"Shampooing Head & shoulder 1in1 - Classic - 330ml","p":4.98,"u":"15,09 €/L","img":"https://fd6-photos.leclercdrive.fr/image.ashx?id=2859962&use=l&cat=p&typeid=i","cat":284606},{"id":223652,"n":"Shampooing Head & shoulders Citron - 2en1 - 300ml","p":4.66,"u":"15,53 €/L","img":"https://fd6-photos.leclercdrive.fr/image.ashx?id=2863009&use=l&cat=p&typeid=i","cat":284606},{"id":223797,"n":"filet de pièces mario 45g  45g","p":1.82,"u":"40,44 €/KG","img":"https://fd6-photos.leclercdrive.fr/image.ashx?id=2683880&use=l&cat=p&typeid=i","cat":327592},{"id":223820,"n":"Moulage chocolat Kinder 35g","p":1.75,"u":"50,00 €/KG","img":"https://fd6-photos.leclercdrive.fr/image.ashx?id=2688785&use=l&cat=p&typeid=i","cat":327592},{"id":223826,"n":"Moulage avec surprise Kinder Chocolat - 36g","p":2.15,"u":"59,72 €/KG","img":"https://fd6-photos.leclercdrive.fr/image.ashx?id=2993158&use=l&cat=p&typeid=i","cat":327592},{"id":223836,"n":"Shampooing Head & shoulders Citrus fresh - 1in1 - 330ml","p":4.89,"u":"14,82 €/L","img":"https://fd6-photos.leclercdrive.fr/image.ashx?id=2737840&use=l&cat=p&typeid=i","cat":284606},{"id":223839,"n":"Shampooing Head & shoulders 1in1 - Anti-démangeaisons 330ml","p":6.07,"u":"18,39 €/L","img":"https://fd6-photos.leclercdrive.fr/image.ashx?id=2681329&use=l&cat=p&typeid=i","cat":284606},{"id":223841,"n":"Shampooing Head & shoulders Menthol fresh - 1in1 - 330ml","p":5.58,"u":"16,91 €/L","img":"https://fd6-photos.leclercdrive.fr/image.ashx?id=2668770&use=l&cat=p&typeid=i","cat":284606},{"id":223844,"n":"Shampooing Head & shoulders 1in1 - Lisse & soyeux - 330ml","p":4.84,"u":"14,67 €/L","img":"https://fd6-photos.leclercdrive.fr/image.ashx?id=2737843&use=l&cat=p&typeid=i","cat":284606},{"id":223850,"n":"Déodorant Spray Femme Narta Anti-Trace Blanche 48h - 200ml","p":2.37,"u":"11,85 €/L","img":"https://fd6-photos.leclercdrive.fr/image.ashx?id=2678589&use=l&cat=p&typeid=i","cat":284595},{"id":223851,"n":"Déodorant Spray Homme 48h Narta Fraîcheur Classique - 200mL","p":2.35,"u":"11,75 €/L","img":"https://fd6-photos.leclercdrive.fr/image.ashx?id=2675511&use=l&cat=p&typeid=i","cat":284618},{"id":223852,"n":"Déodorant Spray Homme Sans Alcool - Anti-transpirant 200ml","p":2.4,"u":"12,00 €/L","img":"https://fd6-photos.leclercdrive.fr/image.ashx?id=2681880&use=l&cat=p&typeid=i","cat":284618},{"id":223853,"n":"Déodorant Spray Femme Narta Fraîcheur Cologne 48h - 200ml","p":2.39,"u":"11,95 €/L","img":"https://fd6-photos.leclercdrive.fr/image.ashx?id=2678592&use=l&cat=p&typeid=i","cat":284595},{"id":223855,"n":"Déodorant Spray Homme 48h Narta Anti-Traces Blanches - 200ml","p":2.39,"u":"11,95 €/L","img":"https://fd6-photos.leclercdrive.fr/image.ashx?id=2681883&use=l&cat=p&typeid=i","cat":284618},{"id":223857,"n":"Déodorant Spray Femme Narta 48h Sans Alcool - 200ML","p":2.39,"u":"11,95 €/L","img":"https://fd6-photos.leclercdrive.fr/image.ashx?id=2680242&use=l&cat=p&typeid=i","cat":284595},{"id":223858,"n":"Déodorant femme Narta Magnesium protect - 100ml","p":4.38,"u":"43,80 €/L","img":"https://fd6-photos.leclercdrive.fr/image.ashx?id=2680245&use=l&cat=p&typeid=i","cat":284595},{"id":223883,"n":"Gel cheveux Taft  Effet mouillé - 300ml","p":4.15,"u":"13,83 €/L","img":"https://fd6-photos.leclercdrive.fr/image.ashx?id=2666773&use=l&cat=p&typeid=i","cat":284609},{"id":223884,"n":"Brossettes Dentamyl Perfect angle - x2","p":6.99,"u":"3,50 €/P","img":"https://fd6-photos.leclercdrive.fr/image.ashx?id=2824298&use=l&cat=p&typeid=i","cat":297133},{"id":223885,"n":"Crème de douche Ushuaïa Coco - 300ml","p":2.25,"u":"7,50 €/L","img":"https://fd6-photos.leclercdrive.fr/image.ashx?id=2682303&use=l&cat=p&typeid=i","cat":284594},{"id":223893,"n":"Lingettes de nettoyage Swiffer Wet Jet - x12","p":7.19,"pp":4.31,"u":"0,36 €/P","img":"https://fd6-photos.leclercdrive.fr/image.ashx?id=2948525&use=l&cat=p&typeid=i","cat":325364},{"id":223925,"n":"Riz Long grain Ben's original Vrac 10mn - 1kg","p":2.97,"u":"2,97 €/KG","img":"https://fd6-photos.leclercdrive.fr/image.ashx?id=2990961&use=l&cat=p&typeid=i","cat":284428},{"id":224140,"n":"Bun's jambon ketchup McCain 460g","p":3.57,"u":"7,76 €/KG","img":"https://fd6-photos.leclercdrive.fr/image.ashx?id=2741180&use=l&cat=p&typeid=i","cat":319822},{"id":224141,"n":"Bun's bolognaise McCain 460g","p":3.74,"u":"8,13 €/KG","img":"https://fd6-photos.leclercdrive.fr/image.ashx?id=2750675&use=l&cat=p&typeid=i","cat":319822},{"id":224143,"n":"Bun's Burger McCain 460g","p":3.82,"u":"8,30 €/KG","img":"https://fd6-photos.leclercdrive.fr/image.ashx?id=2741183&use=l&cat=p&typeid=i","cat":319822},{"id":224144,"n":"Bun's jambon 4 fromages McCain 460g","p":4.62,"u":"10,04 €/KG","img":"https://fd6-photos.leclercdrive.fr/image.ashx?id=2668111&use=l&cat=p&typeid=i","cat":319822},{"id":224146,"n":"Bun's Raclette McCain 460g","p":4.1,"u":"8,91 €/KG","img":"https://fd6-photos.leclercdrive.fr/image.ashx?id=2750678&use=l&cat=p&typeid=i","cat":319822},{"id":224257,"n":"Crêpes au chocolat Whaou x30 - 960g","p":7.6,"u":"7,92 €/KG","img":"https://fd6-photos.leclercdrive.fr/image.ashx?id=2956149&use=l&cat=p&typeid=i","cat":284494},{"id":224263,"n":"Monster Energy zéro sucres 50cl","p":1.6,"u":"3,20 €/L","img":"https://fd6-photos.leclercdrive.fr/image.ashx?id=2669358&use=l&cat=p&typeid=i","cat":284533},{"id":224282,"n":"Crème Revitalift Dermo Expertise - Jour - 2x50ml","p":17.13,"u":"171,30 €/L","img":"https://fd6-photos.leclercdrive.fr/image.ashx?id=2679879&use=l&cat=p&typeid=i","cat":325345},{"id":224353,"n":"Eosine Mercurochrome 2% Solution aquese - 100ml","p":3.64,"u":"36,40 €/L","img":"https://fd6-photos.leclercdrive.fr/image.ashx?id=2670710&use=l&cat=p&typeid=i","cat":284630},{"id":224434,"n":"Yaourt à la grecque Délisse Vanille - 4x150g","p":2.39,"u":"3,98 €/KG","img":"https://fd6-photos.leclercdrive.fr/image.ashx?id=2885143&use=l&cat=p&typeid=i","cat":314999},{"id":224461,"n":"Bière Pas Cap triple Brasserie Tandem - Bio - 75cl","p":5.05,"u":"6,73 €/L","img":"https://fd6-photos.leclercdrive.fr/image.ashx?id=2673298&use=l&cat=p&typeid=i","cat":334872},{"id":224463,"n":"Bière Poule Mouillée IPA Brasserie Tandem - Bio - 75cl","p":5.15,"u":"6,87 €/L","img":"https://fd6-photos.leclercdrive.fr/image.ashx?id=2673295&use=l&cat=p&typeid=i","cat":334872},{"id":224464,"n":"Bière Poule Mouillée IPA Brasserie Tandem - Bio - 33cl","p":2.7,"u":"8,18 €/L","img":"https://fd6-photos.leclercdrive.fr/image.ashx?id=2673292&use=l&cat=p&typeid=i","cat":334872},{"id":224465,"n":"Bière Bonne Pioche Pale Ale Brasserie Tandem - Bio - 75cl","p":4.94,"u":"6,59 €/L","img":"https://fd6-photos.leclercdrive.fr/image.ashx?id=2673289&use=l&cat=p&typeid=i","cat":334872},{"id":224670,"n":"Eau minérale naturelle Hépar 6x75cl","p":3.77,"u":"0,84 €/L","img":"https://fd6-photos.leclercdrive.fr/image.ashx?id=2673361&use=l&cat=p&typeid=i","cat":284535},{"id":224706,"n":"Gnocchi star à poêler Lustucru  300g","p":1.92,"u":"6,40 €/KG","img":"https://fd6-photos.leclercdrive.fr/image.ashx?id=2921630&use=l&cat=p&typeid=i","cat":333682},{"id":224717,"n":"Gnocchi roll à poêler Lustucru Cheddar bacon - 280g","p":2.57,"u":"9,18 €/KG","img":"https://fd6-photos.leclercdrive.fr/image.ashx?id=2995121&use=l&cat=p&typeid=i","cat":333682},{"id":224805,"n":"Biscuits Kinder Kinderini Nature et cacao - 250g","p":2.83,"u":"11,32 €/KG","img":"https://fd6-photos.leclercdrive.fr/image.ashx?id=2708372&use=l&cat=p&typeid=i","cat":284488},{"id":224808,"n":"Riz Citron Ben's original  Express 2mn - 220g","p":1.31,"u":"5,95 €/KG","img":"https://fd6-photos.leclercdrive.fr/image.ashx?id=2906442&use=l&cat=p&typeid=i","cat":287600},{"id":224810,"n":"Riz Tomate Ben's original  Express 2mn - 220g","p":1.33,"u":"6,05 €/KG","img":"https://fd6-photos.leclercdrive.fr/image.ashx?id=2995295&use=l&cat=p&typeid=i","cat":287600},{"id":224818,"n":"Riz Basmati Ben's original  Express 2mn - 220g","p":1.27,"u":"5,77 €/KG","img":"https://fd6-photos.leclercdrive.fr/image.ashx?id=2995292&use=l&cat=p&typeid=i","cat":287600},{"id":224830,"n":"Riz Complet Ben's original Vrac 12mn - 1kg","p":4.3,"u":"4,30 €/KG","img":"https://fd6-photos.leclercdrive.fr/image.ashx?id=2886307&use=l&cat=p&typeid=i","cat":284428},{"id":224854,"n":"Désinfectant multi-surfaces Sanytol - Eucalyptus - 1.45L","p":4.43,"u":"3,06 €/L","img":"https://fd6-photos.leclercdrive.fr/image.ashx?id=2674590&use=l&cat=p&typeid=i","cat":325357},{"id":224856,"n":"Jus innocent ananas fraise 900ml","p":2.86,"u":"3,18 €/L","img":"https://fd6-photos.leclercdrive.fr/image.ashx?id=2879122&use=l&cat=p&typeid=i","cat":285435},{"id":224872,"n":"Riz Complet Ben's original  Express 2mn - 220g","p":1.63,"u":"7,41 €/KG","img":"https://fd6-photos.leclercdrive.fr/image.ashx?id=2886969&use=l&cat=p&typeid=i","cat":287600},{"id":224873,"n":"Riz Paella Ben's original Express 2mn - 220g","p":1.69,"u":"7,68 €/KG","img":"https://fd6-photos.leclercdrive.fr/image.ashx?id=2995310&use=l&cat=p&typeid=i","cat":287600},{"id":224874,"n":"Riz Champignons Ben's original Express 2mn - 220g","p":1.46,"u":"6,64 €/KG","img":"https://fd6-photos.leclercdrive.fr/image.ashx?id=2995307&use=l&cat=p&typeid=i","cat":287600},{"id":224877,"n":"Riz Cantonais Ben's original  Express 2mn - 220g","p":1.52,"u":"6,91 €/KG","img":"https://fd6-photos.leclercdrive.fr/image.ashx?id=2995304&use=l&cat=p&typeid=i","cat":287600},{"id":224879,"n":"Riz Curry Ben's original Express 2mn - 220g","p":1.61,"u":"7,32 €/KG","img":"https://fd6-photos.leclercdrive.fr/image.ashx?id=2906433&use=l&cat=p&typeid=i","cat":287600},{"id":224880,"n":"Riz aux Légumes Ben's original Express 2mn - 220g","p":1.62,"u":"7,36 €/KG","img":"https://fd6-photos.leclercdrive.fr/image.ashx?id=2906430&use=l&cat=p&typeid=i","cat":287600},{"id":224882,"n":"Riz Long grain Ben's original  Sachet cuisson 10mn - 1kg","p":3.19,"u":"3,19 €/KG","img":"https://fd6-photos.leclercdrive.fr/image.ashx?id=2957272&use=l&cat=p&typeid=i","cat":284428},{"id":224883,"n":"Riz Long Grain Ben's original Sachet cuisson 10mn - 750g","p":2.99,"u":"3,99 €/KG","img":"https://fd6-photos.leclercdrive.fr/image.ashx?id=2886313&use=l&cat=p&typeid=i","cat":284428},{"id":224916,"n":"Biscuits speculoos Eco+ 600g","p":1.59,"u":"2,65 €/KG","img":"https://fd6-photos.leclercdrive.fr/image.ashx?id=2675058&use=l&cat=p&typeid=i","cat":284487},{"id":224930,"n":"Lait d'avoine Bjorg Bio Vanille - 1L","p":2.7,"u":"2,70 €/L","img":"https://fd6-photos.leclercdrive.fr/image.ashx?id=2906253&use=l&cat=p&typeid=i","cat":316067},{"id":224932,"n":"Boisson végétale Bjorg Bio noisettes sans sucres - 1L","p":2.75,"u":"2,75 €/L","img":"https://fd6-photos.leclercdrive.fr/image.ashx?id=2939466&use=l&cat=p&typeid=i","cat":316067},{"id":224937,"n":"Plat en morceaux Bledina 200g","p":2.57,"u":"12,85 €/KG","img":"https://fd6-photos.leclercdrive.fr/image.ashx?id=2866298&use=l&cat=p&typeid=i","cat":312239},{"id":224941,"n":"Champagne Veuve Clicquot Brut - 12,5% - 75cl","p":43.12,"u":"57,49 €/L","img":"https://fd6-photos.leclercdrive.fr/image.ashx?id=2675070&use=l&cat=p&typeid=i","cat":284542},{"id":224967,"n":"Gel douche Ushuaïa Lait de coco - 400ml","p":2.97,"u":"7,43 €/L","img":"https://fd6-photos.leclercdrive.fr/image.ashx?id=2680266&use=l&cat=p&typeid=i","cat":284594},{"id":224976,"n":"Shampooing Kératine Ogx Du brésil Cheveux frisés 385ml","p":6.74,"u":"17,51 €/L","img":"https://fd6-photos.leclercdrive.fr/image.ashx?id=2805075&use=l&cat=p&typeid=i","cat":284606},{"id":225017,"n":"Mayonnaise de Lille Crown's  450g","p":1.92,"u":"4,27 €/KG","img":"https://fd6-photos.leclercdrive.fr/image.ashx?id=2763136&use=l&cat=p&typeid=i","cat":298295},{"id":225019,"n":"Mayonnaise de Lille Crown's - 175g","p":1.0,"u":"5,71 €/KG","img":"https://fd6-photos.leclercdrive.fr/image.ashx?id=2763139&use=l&cat=p&typeid=i","cat":298295},{"id":225021,"n":"Lait de pâturage demi-écrémé Eleveurs Hauts-de-France - 1L","p":1.2,"u":"1,20 €/L","img":"https://fd6-photos.leclercdrive.fr/image.ashx?id=2676051&use=l&cat=p&typeid=i","cat":284377},{"id":225024,"n":"Lait demi-écrémé Eleveurs Hauts-de-France - 50cl","p":0.67,"u":"1,34 €/L","img":"https://fd6-photos.leclercdrive.fr/image.ashx?id=2676054&use=l&cat=p&typeid=i","cat":284377},{"id":225247,"n":"Pain nature Gerblé   Sans Gluten  - 200g","p":2.35,"u":"11,75 €/KG","img":"https://fd6-photos.leclercdrive.fr/image.ashx?id=2677303&use=l&cat=p&typeid=i","cat":318654},{"id":225255,"n":"Complément alimentaire Juvamine Articulations","p":6.14,"u":"511,67 €/KG","img":"https://fd6-photos.leclercdrive.fr/image.ashx?id=2676663&use=l&cat=p&typeid=i","cat":313217},{"id":225275,"n":"Doomino Chocolat blanc St-Michel - 180g","p":1.8,"u":"10,00 €/KG","img":"https://fd6-photos.leclercdrive.fr/image.ashx?id=2950003&use=l&cat=p&typeid=i","cat":284495},{"id":225276,"n":"Galette moelleuse tigrée Choco blanc - St Michel - 180g","p":1.95,"u":"10,83 €/KG","img":"https://fd6-photos.leclercdrive.fr/image.ashx?id=2953501&use=l&cat=p&typeid=i","cat":284495},{"id":225309,"n":"Bière blonde Kronenbourg 4,2° - 30x25cl","p":15.19,"u":"2,03 €/L","img":"https://fd6-photos.leclercdrive.fr/image.ashx?id=2992759&use=l&cat=p&typeid=i","cat":334873},{"id":225310,"n":"Boisson aux Fruits Tropico Tropical - Bouteille - 1,25L","p":1.81,"u":"1,45 €/L","img":"https://fd6-photos.leclercdrive.fr/image.ashx?id=2736811&use=l&cat=p&typeid=i","cat":295018},{"id":225311,"n":"Boisson Tropico Orange Ananas - 1.25 L","p":1.84,"u":"1,47 €/L","img":"https://fd6-photos.leclercdrive.fr/image.ashx?id=2977702&use=l&cat=p&typeid=i","cat":295018},{"id":225312,"n":"Boisson aux fruits Tropico  Fraise Kiwi - Bouteille - 1,25L","p":1.86,"u":"1,49 €/L","img":"https://fd6-photos.leclercdrive.fr/image.ashx?id=2682370&use=l&cat=p&typeid=i","cat":295018},{"id":225441,"n":"Fusilli au poulet Fleury Michon Sauce champignons - 280g","p":2.7,"u":"9,64 €/KG","img":"https://fd6-photos.leclercdrive.fr/image.ashx?id=3003233&use=l&cat=p&typeid=i","cat":333665},{"id":225445,"n":"Les tranches Fleury Michon Pois chiches x4 - 120g","p":2.08,"u":"17,33 €/KG","img":"https://fd6-photos.leclercdrive.fr/image.ashx?id=2902007&use=l&cat=p&typeid=i","cat":316036},{"id":225446,"n":"Les tranches Fleury Michon Lentilles corail  x4 - 120g","p":2.11,"u":"17,58 €/KG","img":"https://fd6-photos.leclercdrive.fr/image.ashx?id=2900905&use=l&cat=p&typeid=i","cat":316036},{"id":225447,"n":"Les tranches Fleury Michon Haricots blancs x4 - 120g","p":2.08,"u":"17,33 €/KG","img":"https://fd6-photos.leclercdrive.fr/image.ashx?id=2902010&use=l&cat=p&typeid=i","cat":316036},{"id":225461,"n":"Déodorant Bille Homme 48h Narta Anti-traces - 50ml","p":2.44,"u":"48,80 €/L","img":"https://fd6-photos.leclercdrive.fr/image.ashx?id=2681859&use=l&cat=p&typeid=i","cat":284618},{"id":225462,"n":"Déodorant Bille Femme Narta Anti-Transpirant 48h - 50ml","p":2.34,"u":"46,80 €/L","img":"https://fd6-photos.leclercdrive.fr/image.ashx?id=2681862&use=l&cat=p&typeid=i","cat":284595},{"id":225463,"n":"Déodorant Bille Homme 48h Narta Fraîcheur Polaire - 50ml","p":2.37,"u":"47,40 €/L","img":"https://fd6-photos.leclercdrive.fr/image.ashx?id=2681865&use=l&cat=p&typeid=i","cat":284618},{"id":225464,"n":"Déodorant Bille bio Femme Narta Sans Alcool - 50ml","p":2.4,"u":"48,00 €/L","img":"https://fd6-photos.leclercdrive.fr/image.ashx?id=2681868&use=l&cat=p&typeid=i","cat":284595},{"id":225465,"n":"Déodorant Bille Femme Narta Anti-Traces 48h - 50ml","p":2.37,"u":"47,40 €/L","img":"https://fd6-photos.leclercdrive.fr/image.ashx?id=2681871&use=l&cat=p&typeid=i","cat":284595},{"id":225466,"n":"Déodorant Bille Femme Narta Anti-Traces Sans alcool - 50ml","p":2.34,"u":"46,80 €/L","img":"https://fd6-photos.leclercdrive.fr/image.ashx?id=2681874&use=l&cat=p&typeid=i","cat":284595},{"id":225467,"n":"Déodorant Bille Homme 48h Narta Invisible Sans Alcool - 50ml","p":4.36,"u":"87,20 €/L","img":"https://fd6-photos.leclercdrive.fr/image.ashx?id=2681877&use=l&cat=p&typeid=i","cat":284618},{"id":225468,"n":"Déodorant Bille Homme 48h Narta Anti-Traces Blanches - 50ml","p":2.37,"u":"47,40 €/L","img":"https://fd6-photos.leclercdrive.fr/image.ashx?id=2681886&use=l&cat=p&typeid=i","cat":284618},{"id":225608,"n":"Triangolo Fromage enfants vache Les Croisés 8 portions - 140g","p":1.19,"u":"8,50 €/KG","img":"https://fd6-photos.leclercdrive.fr/image.ashx?id=2791917&use=l&cat=p&typeid=i","cat":314030},{"id":225614,"n":"Désinfectant Sanytol Eucalyptus - Multi-usage 500ml","p":2.2,"u":"4,40 €/L","img":"https://fd6-photos.leclercdrive.fr/image.ashx?id=2894800&use=l&cat=p&typeid=i","cat":325357},{"id":225616,"n":"Chips NRT Piment d'espelette - 125g","p":1.99,"u":"15,92 €/KG","img":"https://fd6-photos.leclercdrive.fr/image.ashx?id=2771435&use=l&cat=p&typeid=i","cat":284447},{"id":225617,"n":"Désinfectant Sanytol Pamplemousse Multi-usage 500ml","p":2.78,"u":"5,56 €/L","img":"https://fd6-photos.leclercdrive.fr/image.ashx?id=2682144&use=l&cat=p&typeid=i","cat":325357},{"id":225619,"n":"Désinfectant nettoyant Sanytol Multi-surfaces - Eucalyptus 1L","p":2.06,"u":"2,06 €/L","img":"https://fd6-photos.leclercdrive.fr/image.ashx?id=2866319&use=l&cat=p&typeid=i","cat":284907},{"id":225622,"n":"Lingettes optiques - Nettoyant lunettes x52","p":1.33,"u":"0,03 €/P","img":"https://fd6-photos.leclercdrive.fr/image.ashx?id=2681536&use=l&cat=p&typeid=i","cat":288862},{"id":225623,"n":"Lingettes optiques - Nettoyant  lunettes x30","p":1.29,"u":"0,04 €/P","img":"https://fd6-photos.leclercdrive.fr/image.ashx?id=2681539&use=l&cat=p&typeid=i","cat":288862},{"id":225640,"n":"Glace miel Nuii  Nouvelle-Zelande &amandes  272g","p":4.68,"u":"17,21 €/KG","img":"https://fd6-photos.leclercdrive.fr/image.ashx?id=2736835&use=l&cat=p&typeid=i","cat":284265},{"id":225655,"n":"Huile d'olive Terra Delyssa Vierge extra - 75cl","p":8.6,"u":"11,47 €/L","img":"https://fd6-photos.leclercdrive.fr/image.ashx?id=2686153&use=l&cat=p&typeid=i","cat":284453},{"id":225663,"n":"Yakitoris au poulet Tables du Monde x8 - 210g","p":4.2,"u":"20,00 €/KG","img":"https://fd6-photos.leclercdrive.fr/image.ashx?id=2682015&use=l&cat=p&typeid=i","cat":319774},{"id":225665,"n":"Gyozas aux légumes Tables du Monde x10 - 212g","p":3.29,"u":"15,52 €/KG","img":"https://fd6-photos.leclercdrive.fr/image.ashx?id=2682018&use=l&cat=p&typeid=i","cat":319774},{"id":225666,"n":"Brochettes boeuf fromage Tables du Monde x6 - 226g","p":5.99,"u":"26,50 €/KG","img":"https://fd6-photos.leclercdrive.fr/image.ashx?id=2682021&use=l&cat=p&typeid=i","cat":319774},{"id":225667,"n":"Taille-crayon métal Esquisse Urban Jungle","p":0.75,"img":"https://fd6-photos.leclercdrive.fr/image.ashx?id=2682087&use=l&cat=p&typeid=i","cat":334133},{"id":225706,"n":"Aérosol répulsif Raid Fourmis et cafards - 300ml","p":3.09,"u":"10,30 €/L","img":"https://fd6-photos.leclercdrive.fr/image.ashx?id=2736382&use=l&cat=p&typeid=i","cat":298368},{"id":225743,"n":"Coloration Permanente Garnier Color Sensation 1.0 Noir","p":4.3,"img":"https://fd6-photos.leclercdrive.fr/image.ashx?id=2684254&use=l&cat=p&typeid=i","cat":288899},{"id":225745,"n":"Coloration Permanente Garnier Color Sensation 4.0 Châtain","p":4.3,"img":"https://fd6-photos.leclercdrive.fr/image.ashx?id=2684245&use=l&cat=p&typeid=i","cat":288899},{"id":225749,"n":"Masque Lissant Ultra Doux Eau de Riz - 340ml","p":4.67,"u":"13,74 €/L","img":"https://fd6-photos.leclercdrive.fr/image.ashx?id=2684233&use=l&cat=p&typeid=i","cat":284608},{"id":225751,"n":"Shampoing Lissant Ultra Doux Cheveux longs - 250ml","p":2.39,"u":"9,56 €/L","img":"https://fd6-photos.leclercdrive.fr/image.ashx?id=2684236&use=l&cat=p&typeid=i","cat":284606},{"id":225752,"n":"Après-shampooing Garnier Ultra Doux - Eau de riz - 200ml","p":2.95,"u":"14,75 €/L","img":"https://fd6-photos.leclercdrive.fr/image.ashx?id=2684239&use=l&cat=p&typeid=i","cat":284607},{"id":225766,"n":"Shampooing OGX Huile argan Maroc - 385ml","p":6.97,"u":"18,10 €/L","img":"https://fd6-photos.leclercdrive.fr/image.ashx?id=2805081&use=l&cat=p&typeid=i","cat":284606},{"id":225768,"n":"Protèges-slips Eco+ A plat -  Normal - x50","p":0.87,"u":"0,02 €/P","img":"https://fd6-photos.leclercdrive.fr/image.ashx?id=2824745&use=l&cat=p&typeid=i","cat":284625},{"id":225770,"n":"Filtres à café Plantation N°2 - x80","p":1.33,"u":"0,02 €/P","img":"https://fd6-photos.leclercdrive.fr/image.ashx?id=2756940&use=l&cat=p&typeid=i","cat":284751},{"id":225773,"n":"Mouchoirs Lotus Sensitive - x110","p":2.33,"u":"0,02 €/P","img":"https://fd6-photos.leclercdrive.fr/image.ashx?id=2684296&use=l&cat=p&typeid=i","cat":284638},{"id":225781,"n":"Rouleau de laine Silex Bois - x40","p":4.23,"u":"0,11 €/P","img":"https://fd6-photos.leclercdrive.fr/image.ashx?id=2931862&use=l&cat=p&typeid=i","cat":300578},{"id":225784,"n":"Bandes de cire Veet Pure Froide - Aisselles - x16","p":5.17,"u":"0,32 €/P","img":"https://fd6-photos.leclercdrive.fr/image.ashx?id=2970795&use=l&cat=p&typeid=i","cat":325351},{"id":225785,"n":"Bandes de cire Veet Pure Jambes - x20","p":4.65,"u":"0,23 €/P","img":"https://fd6-photos.leclercdrive.fr/image.ashx?id=2964956&use=l&cat=p&typeid=i","cat":325351},{"id":225789,"n":"Bandes de cire Veet Maillot - x16","p":5.46,"u":"0,34 €/P","img":"https://fd6-photos.leclercdrive.fr/image.ashx?id=2865662&use=l&cat=p&typeid=i","cat":325351},{"id":225891,"n":"Bière blonde 1664 5,5° - 18x25cl","p":11.4,"pp":8.55,"u":"1,90 €/L","img":"https://fd6-photos.leclercdrive.fr/image.ashx?id=2684931&use=l&cat=p&typeid=i","cat":334873},{"id":225937,"n":"Citronnade duo de citrons Montebelo - 1L","p":1.99,"pp":1.31,"u":"1,31 €/L","img":"https://fd6-photos.leclercdrive.fr/image.ashx?id=2743523&use=l&cat=p&typeid=i","cat":284354},{"id":225941,"n":"Jus de mangue ananas Montebelo  Citron vert 1L","p":2.99,"pp":1.97,"u":"1,97 €/L","img":"https://fd6-photos.leclercdrive.fr/image.ashx?id=2903668&use=l&cat=p&typeid=i","cat":284354},{"id":225943,"n":"Jus d'orange eau de coco mangue Montebelo - 1L","p":2.99,"pp":1.97,"u":"1,97 €/L","img":"https://fd6-photos.leclercdrive.fr/image.ashx?id=2903671&use=l&cat=p&typeid=i","cat":284354},{"id":225947,"n":"Bière blonde 1664 5,5° 24x25cl","p":15.2,"u":"2,53 €/L","img":"https://fd6-photos.leclercdrive.fr/image.ashx?id=2686597&use=l&cat=p&typeid=i","cat":334873},{"id":225955,"n":"Petale barbecue Jardin Bio Bio 85g","p":1.61,"u":"18,94 €/KG","img":"https://fd6-photos.leclercdrive.fr/image.ashx?id=2686039&use=l&cat=p&typeid=i","cat":284449},{"id":226108,"n":"Chocolat Nesquik 800g","p":4.86,"u":"6,08 €/KG","img":"https://fd6-photos.leclercdrive.fr/image.ashx?id=3005377&use=l&cat=p&typeid=i","cat":293235},{"id":226111,"n":"Muesli  Grainea Chocolat noir - 500g","p":2.27,"u":"4,54 €/KG","img":"https://fd6-photos.leclercdrive.fr/image.ashx?id=2931859&use=l&cat=p&typeid=i","cat":309512},{"id":226113,"n":"Brioches Pitch Pépites de chocolats -300g","p":2.21,"u":"7,37 €/KG","img":"https://fd6-photos.leclercdrive.fr/image.ashx?id=2687872&use=l&cat=p&typeid=i","cat":293505},{"id":226116,"n":"Chewing-gum Mentos Pure Fresh  Fresh Mint sans sucres - 100g","p":2.92,"u":"29,20 €/KG","img":"https://fd6-photos.leclercdrive.fr/image.ashx?id=2687707&use=l&cat=p&typeid=i","cat":304251},{"id":226122,"n":"Biscuits Delacre Cigarettes Russes - 230g","p":1.95,"u":"8,48 €/KG","img":"https://fd6-photos.leclercdrive.fr/image.ashx?id=2688833&use=l&cat=p&typeid=i","cat":284490},{"id":226134,"n":"Gel wc canard Fresh disc 1p","p":2.96,"img":"https://fd6-photos.leclercdrive.fr/image.ashx?id=2690093&use=l&cat=p&typeid=i","cat":284662},{"id":226206,"n":"Compote Materne Pommes d'Occitanie  - 1.2kg","p":3.2,"u":"2,67 €/KG","img":"https://fd6-photos.leclercdrive.fr/image.ashx?id=3003125&use=l&cat=p&typeid=i","cat":284416},{"id":226295,"n":"Purée amandes Rigoni di Asiago Bio - 220g","p":6.66,"u":"30,27 €/KG","img":"https://fd6-photos.leclercdrive.fr/image.ashx?id=2966791&use=l&cat=p&typeid=i","cat":284481},{"id":226296,"n":"Biscuit Flammekueche Savour 100g","p":1.85,"u":"18,50 €/L","img":"https://fd6-photos.leclercdrive.fr/image.ashx?id=2781889&use=l&cat=p&typeid=i","cat":297000},{"id":226297,"n":"Biscuits Savour Olive herbes de provence - 100g","p":1.85,"u":"18,50 €/KG","img":"https://fd6-photos.leclercdrive.fr/image.ashx?id=2781886&use=l&cat=p&typeid=i","cat":297000},{"id":226301,"n":"Pâtes fraîches RANA Ravioli  Pesto Aubergines Amandes - 250g","p":3.26,"u":"13,04 €/KG","img":"https://fd6-photos.leclercdrive.fr/image.ashx?id=2737378&use=l&cat=p&typeid=i","cat":333682},{"id":226302,"n":"Pâtes fraîches RANA Ravioli  Cèpes Champignons Ricotta -250g","p":3.45,"u":"13,80 €/KG","img":"https://fd6-photos.leclercdrive.fr/image.ashx?id=2737381&use=l&cat=p&typeid=i","cat":333682},{"id":226304,"n":"Pâtes fraîches RANA Ravioli  Saumon fumé et Mascarpone -250g","p":3.62,"u":"14,48 €/KG","img":"https://fd6-photos.leclercdrive.fr/image.ashx?id=2737387&use=l&cat=p&typeid=i","cat":333682},{"id":226307,"n":"Biscuits Savour Chorizo - 100g","p":1.85,"u":"18,50 €/KG","img":"https://fd6-photos.leclercdrive.fr/image.ashx?id=2781883&use=l&cat=p&typeid=i","cat":297000},{"id":226323,"n":"Couscous Tipiak Familial - 630g","p":1.84,"u":"2,92 €/KG","img":"https://fd6-photos.leclercdrive.fr/image.ashx?id=2854624&use=l&cat=p&typeid=i","cat":284429},{"id":226345,"n":"Barre de céréales Nature Valley Crunchy avoine fruits x5- 210g","p":2.77,"u":"13,19 €/KG","img":"https://fd6-photos.leclercdrive.fr/image.ashx?id=2858699&use=l&cat=p&typeid=i","cat":300032},{"id":226346,"n":"Boisson Gazeuse Maison Perrier Forever Gingembre Citron 1L","p":0.99,"u":"0,99 €/L","img":"https://fd6-photos.leclercdrive.fr/image.ashx?id=2692818&use=l&cat=p&typeid=i","cat":284536},{"id":226348,"n":"Céréales P'tit Déli Caramel & Chocolat - 400g","p":2.12,"u":"5,30 €/KG","img":"https://fd6-photos.leclercdrive.fr/image.ashx?id=2691528&use=l&cat=p&typeid=i","cat":309513},{"id":226398,"n":"Céréales Eco+ Caramel cacao - 750g","p":2.97,"u":"3,96 €/KG","img":"https://fd6-photos.leclercdrive.fr/image.ashx?id=2691559&use=l&cat=p&typeid=i","cat":309513},{"id":226412,"n":"Barre de céréales Nature Valley  Protéine cranberries x4 -160g","p":2.81,"u":"17,56 €/KG","img":"https://fd6-photos.leclercdrive.fr/image.ashx?id=2693869&use=l&cat=p&typeid=i","cat":285869},{"id":226420,"n":"Huile d'olive Terra Delyssa Bio - 75cl","p":7.43,"u":"9,91 €/L","img":"https://fd6-photos.leclercdrive.fr/image.ashx?id=2854963&use=l&cat=p&typeid=i","cat":284453},{"id":226430,"n":"Café grains Plantation Pérou pur arabica - 500g","p":8.29,"u":"16,58 €/KG","img":"https://fd6-photos.leclercdrive.fr/image.ashx?id=2824313&use=l&cat=p&typeid=i","cat":293237},{"id":226438,"n":"Soda Coca-Cola Original Canette - Pack 6x20CL","p":3.59,"u":"2,99 €/L","img":"https://fd6-photos.leclercdrive.fr/image.ashx?id=2766571&use=l&cat=p&typeid=i","cat":284530},{"id":226449,"n":"Lait de coco Eco+ 200ml","p":0.69,"u":"3,45 €/L","img":"https://fd6-photos.leclercdrive.fr/image.ashx?id=2691790&use=l&cat=p&typeid=i","cat":288992},{"id":226455,"n":"Chewing-gum Mentos Pure Fresh  Fresh Chloro sans sucres - 100g","p":2.91,"u":"29,10 €/KG","img":"https://fd6-photos.leclercdrive.fr/image.ashx?id=2693434&use=l&cat=p&typeid=i","cat":304251},{"id":226481,"n":"Sucre de canne roux Canadou 70cl","p":3.36,"u":"4,80 €/L","img":"https://fd6-photos.leclercdrive.fr/image.ashx?id=2694446&use=l&cat=p&typeid=i","cat":284502},{"id":226484,"n":"Cookies Crunchy Kinder Pépites au cacao et lait - 136g","p":2.8,"u":"20,59 €/KG","img":"https://fd6-photos.leclercdrive.fr/image.ashx?id=2691995&use=l&cat=p&typeid=i","cat":325066},{"id":226510,"n":"Biscuits BN Chocolats -570g","p":2.52,"img":"https://fd6-photos.leclercdrive.fr/image.ashx?id=2693509&use=l&cat=p&typeid=i","cat":284488},{"id":226534,"n":"Huile de tournesol Tramier  1L","p":5.59,"u":"5,59 €/L","img":"https://fd6-photos.leclercdrive.fr/image.ashx?id=2695097&use=l&cat=p&typeid=i","cat":284453},{"id":226538,"n":"Huile d'olive Terra Delyssa Vierge extra - 75cl","p":8.44,"u":"11,25 €/L","img":"https://fd6-photos.leclercdrive.fr/image.ashx?id=2849256&use=l&cat=p&typeid=i","cat":284453},{"id":226572,"n":"Twins enrobé Gullon Chocolat blanc - 252g","p":2.37,"u":"9,40 €/KG","img":"https://fd6-photos.leclercdrive.fr/image.ashx?id=2698078&use=l&cat=p&typeid=i","cat":284488},{"id":226583,"n":"Boisson gazeuse Maison Perrier Magnetic Juice Fraise 4x25cl","p":2.87,"u":"2,87 €/L","img":"https://fd6-photos.leclercdrive.fr/image.ashx?id=2887314&use=l&cat=p&typeid=i","cat":284536},{"id":226591,"n":"Glace cone Extreme  Lemon cheesecake  x6 - 426g","p":3.83,"u":"8,99 €/KG","img":"https://fd6-photos.leclercdrive.fr/image.ashx?id=2732950&use=l&cat=p&typeid=i","cat":284264},{"id":226636,"n":"Déodorant Homme Adidas Fresh Endurance - 150ml","p":2.67,"u":"17,80 €/L","img":"https://fd6-photos.leclercdrive.fr/image.ashx?id=2990772&use=l&cat=p&typeid=i","cat":284618},{"id":226646,"n":"Boisson Gazeuse Maison Perrier Forever Citron Vert 1L","p":1.1,"u":"1,10 €/L","img":"https://fd6-photos.leclercdrive.fr/image.ashx?id=2695103&use=l&cat=p&typeid=i","cat":284536},{"id":226657,"n":"Boisson Gazeuse Maison Perrier Forever Citron 1L","p":1.05,"u":"1,05 €/L","img":"https://fd6-photos.leclercdrive.fr/image.ashx?id=2887311&use=l&cat=p&typeid=i","cat":284536},{"id":226659,"n":"Boisson Gazeuse Maison Perrier Forever Orange 1L","p":0.99,"u":"0,99 €/L","img":"https://fd6-photos.leclercdrive.fr/image.ashx?id=2695106&use=l&cat=p&typeid=i","cat":284536},{"id":226661,"n":"Boisson Gazeuse Maison Perrier Forever Menthe 1L","p":1.0,"u":"1,00 €/L","img":"https://fd6-photos.leclercdrive.fr/image.ashx?id=2695112&use=l&cat=p&typeid=i","cat":284536},{"id":226667,"n":"Boisson Gazeuse Maison Perrier Forever Citron 6x33cl","p":3.68,"u":"1,86 €/L","img":"https://fd6-photos.leclercdrive.fr/image.ashx?id=2878447&use=l&cat=p&typeid=i","cat":284536},{"id":226668,"n":"Boisson Gazeuse Maison Perrier Forever Citron Vert 6x33cl","p":3.17,"u":"1,60 €/L","img":"https://fd6-photos.leclercdrive.fr/image.ashx?id=2887308&use=l&cat=p&typeid=i","cat":284536},{"id":226671,"n":"Shampoing Fortifiant Dop Aux œufs sans silicone - 400ml","p":2.05,"u":"5,13 €/L","img":"https://fd6-photos.leclercdrive.fr/image.ashx?id=2704101&use=l&cat=p&typeid=i","cat":284606},{"id":226672,"n":"Shampoing Antipelliculaire Dop Sans silicone - 400ml","p":2.07,"u":"5,18 €/L","img":"https://fd6-photos.leclercdrive.fr/image.ashx?id=2704104&use=l&cat=p&typeid=i","cat":284606},{"id":226673,"n":"Shampoing Nourrissant 2en1 Dop Cheveux secs ou bouclés - 400ml","p":2.05,"u":"5,13 €/L","img":"https://fd6-photos.leclercdrive.fr/image.ashx?id=2871976&use=l&cat=p&typeid=i","cat":284606},{"id":226674,"n":"Shampoing Nourrissant 2en1 Dop Cheveux secs ou frisés - 400ml","p":2.32,"u":"5,80 €/L","img":"https://fd6-photos.leclercdrive.fr/image.ashx?id=2704110&use=l&cat=p&typeid=i","cat":284606},{"id":226675,"n":"Shampoing brillance Dop Aux vitamines - 400ml","p":2.32,"u":"5,80 €/L","img":"https://fd6-photos.leclercdrive.fr/image.ashx?id=2704113&use=l&cat=p&typeid=i","cat":284606},{"id":226776,"n":"Thé noir fruits rouges Lipton 20 sachets - 30g","p":1.72,"u":"57,33 €/KG","img":"https://fd6-photos.leclercdrive.fr/image.ashx?id=2695359&use=l&cat=p&typeid=i","cat":293233},{"id":226777,"n":"Thé noir vanille et caramel 20 sachets - 34g","p":2.59,"u":"76,18 €/KG","img":"https://fd6-photos.leclercdrive.fr/image.ashx?id=2736703&use=l&cat=p&typeid=i","cat":293233},{"id":226799,"n":"Parfum de linge billes Lenor Envolée d'air - x19 doses","p":6.73,"u":"28,64 €/KG","img":"https://fd6-photos.leclercdrive.fr/image.ashx?id=2839460&use=l&cat=p&typeid=i","cat":325302},{"id":226801,"n":"Parfum de linge billes Lenor  Jasmin Rose de mai x19 doses","p":7.04,"u":"29,96 €/KG","img":"https://fd6-photos.leclercdrive.fr/image.ashx?id=2841598&use=l&cat=p&typeid=i","cat":325302},{"id":226806,"n":"Liquide de rinçage Sun Brillance - 500ml","p":3.32,"u":"6,64 €/L","img":"https://fd6-photos.leclercdrive.fr/image.ashx?id=2829099&use=l&cat=p&typeid=i","cat":284657},{"id":226813,"n":"Déodorant stick Sanex  Zéro% Sensitive - 65ml","p":3.22,"u":"49,54 €/L","img":"https://fd6-photos.leclercdrive.fr/image.ashx?id=2745415&use=l&cat=p&typeid=i","cat":284595},{"id":226818,"n":"Dentifrice Sensodyne Soin  complet Triple action - 75ml","p":4.14,"u":"55,20 €/L","img":"https://fd6-photos.leclercdrive.fr/image.ashx?id=2997778&use=l&cat=p&typeid=i","cat":284612},{"id":226819,"n":"Dentifrice Sensodyne Soin gencives Triple action - 75ml","p":4.49,"u":"59,87 €/L","img":"https://fd6-photos.leclercdrive.fr/image.ashx?id=3000384&use=l&cat=p&typeid=i","cat":284612},{"id":226825,"n":"Dentifrice Sensodyne Répare & protège Novamin - 75ml","p":4.42,"u":"58,93 €/L","img":"https://fd6-photos.leclercdrive.fr/image.ashx?id=2694947&use=l&cat=p&typeid=i","cat":284612},{"id":226826,"n":"Dentifrice Sensodyne Soin Blancheur triple action - 75ml","p":4.6,"u":"61,33 €/L","img":"https://fd6-photos.leclercdrive.fr/image.ashx?id=3000381&use=l&cat=p&typeid=i","cat":284612},{"id":226827,"n":"Nettoyant Machine Sun Lave Vaisselle 3 Doses","p":3.38,"u":"28,17 €/KG","img":"https://fd6-photos.leclercdrive.fr/image.ashx?id=2738710&use=l&cat=p&typeid=i","cat":284657},{"id":226830,"n":"Dentifrice Sensodyne Répare & protège Blancheur - 75ml","p":4.47,"u":"59,60 €/L","img":"https://fd6-photos.leclercdrive.fr/image.ashx?id=2872955&use=l&cat=p&typeid=i","cat":284612},{"id":226856,"n":"P'tit onctueux pêche Nestlé sans sucres ajoutés - 4x90g","p":2.13,"u":"5,92 €/KG","img":"https://fd6-photos.leclercdrive.fr/image.ashx?id=2695124&use=l&cat=p&typeid=i","cat":312392},{"id":226876,"n":"P'tit brassé banane Nestlé mangue sans sucre - 4x90g","p":2.35,"u":"6,53 €/KG","img":"https://fd6-photos.leclercdrive.fr/image.ashx?id=2696133&use=l&cat=p&typeid=i","cat":312392},{"id":226899,"n":"Mini bille chocolaté M&Ms 176g","p":2.54,"u":"14,43 €/KG","img":"https://fd6-photos.leclercdrive.fr/image.ashx?id=3009074&use=l&cat=p&typeid=i","cat":304238},{"id":226909,"n":"Dragées chocolatées M&M's crispy  187g","p":2.38,"u":"12,73 €/KG","img":"https://fd6-photos.leclercdrive.fr/image.ashx?id=3014868&use=l&cat=p&typeid=i","cat":304238},{"id":226913,"n":"Bille au chocolat Maltesers 193g","p":2.52,"u":"13,06 €/KG","img":"https://fd6-photos.leclercdrive.fr/image.ashx?id=2696064&use=l&cat=p&typeid=i","cat":304238},{"id":226920,"n":"Bonbons Skittles  152g","p":1.44,"u":"9,47 €/KG","img":"https://fd6-photos.leclercdrive.fr/image.ashx?id=3008984&use=l&cat=p&typeid=i","cat":304250},{"id":226970,"n":"Tablette lave-vaisselle Sun  Expert Plus x40 -700g","p":7.9,"u":"11,29 €/KG","img":"https://fd6-photos.leclercdrive.fr/image.ashx?id=2738734&use=l&cat=p&typeid=i","cat":284656},{"id":226971,"n":"Sun Tablettes Lave-Vaisselle Tout en 1 Expert Plus x40","p":7.9,"u":"11,29 €/KG","img":"https://fd6-photos.leclercdrive.fr/image.ashx?id=2942012&use=l&cat=p&typeid=i","cat":284656},{"id":226972,"n":"Sun Tablettes Lave-Vaisselle Tout en 1 Regular Ecolabel x46","p":7.87,"u":"10,37 €/KG","img":"https://fd6-photos.leclercdrive.fr/image.ashx?id=3000902&use=l&cat=p&typeid=i","cat":284656},{"id":226973,"n":"Sun Tablettes Lave-Vaisselle Tout en 1 Citron Ecolabel x46","p":7.9,"u":"10,41 €/KG","img":"https://fd6-photos.leclercdrive.fr/image.ashx?id=3000905&use=l&cat=p&typeid=i","cat":284656},{"id":226975,"n":"Crème de douche Corine de Farme Soin nourrissant - Monoï 500ml","p":3.5,"u":"7,00 €/L","img":"https://fd6-photos.leclercdrive.fr/image.ashx?id=2696613&use=l&cat=p&typeid=i","cat":284594},{"id":226978,"n":"Crème Anti-Âge Rose Re-Fortifiant - 50ml","p":11.97,"pp":7.9,"u":"158,00 €/L","img":"https://fd6-photos.leclercdrive.fr/image.ashx?id=2757425&use=l&cat=p&typeid=i","cat":325345},{"id":227070,"n":"Thé glacé pétillant Lipton Ice Tea pêche - bouteille 1.25L","p":1.66,"u":"1,33 €/L","img":"https://fd6-photos.leclercdrive.fr/image.ashx?id=2887704&use=l&cat=p&typeid=i","cat":295019},{"id":227071,"n":"Thé pétillant Lipton Ice Tea Citron citron vert - 1.25L","p":1.67,"u":"1,34 €/L","img":"https://fd6-photos.leclercdrive.fr/image.ashx?id=2887707&use=l&cat=p&typeid=i","cat":295019},{"id":227165,"n":"Serum Acide Hyaluronique Mixa 30mL","p":8.04,"u":"268,00 €/L","img":"https://fd6-photos.leclercdrive.fr/image.ashx?id=2698711&use=l&cat=p&typeid=i","cat":325345},{"id":227166,"n":"Sérum Anti-tâches Vitamine C Mixa 30 mL","p":8.04,"u":"268,00 €/L","img":"https://fd6-photos.leclercdrive.fr/image.ashx?id=2698714&use=l&cat=p&typeid=i","cat":325345},{"id":227167,"n":"Serum anti-imperfections Niacinamide Mixa 30mL","p":8.04,"u":"268,00 €/L","img":"https://fd6-photos.leclercdrive.fr/image.ashx?id=2698717&use=l&cat=p&typeid=i","cat":325345},{"id":227233,"n":"Club sandwich végétal La Vie Le Suédois - 145g","p":2.91,"u":"20,07 €/KG","img":"https://fd6-photos.leclercdrive.fr/image.ashx?id=2742538&use=l&cat=p&typeid=i","cat":333658},{"id":227312,"n":"Jus de clémentine et mandarine Andros - 1L","p":3.15,"u":"3,15 €/L","img":"https://fd6-photos.leclercdrive.fr/image.ashx?id=2882875&use=l&cat=p&typeid=i","cat":284354},{"id":227313,"n":"AOP St Emilion Château Mazouet Mazouet - 75cl","p":10.53,"u":"14,04 €/L","img":"https://fd6-photos.leclercdrive.fr/image.ashx?id=2700158&use=l&cat=p&typeid=i","cat":289556},{"id":227318,"n":"P'tite Céréale Nestlé Vanille - 415g","p":2.59,"u":"6,24 €/KG","img":"https://fd6-photos.leclercdrive.fr/image.ashx?id=2700773&use=l&cat=p&typeid=i","cat":312225},{"id":227320,"n":"Céréales Nesquik 675g","p":4.47,"u":"6,62 €/KG","img":"https://fd6-photos.leclercdrive.fr/image.ashx?id=2971434&use=l&cat=p&typeid=i","cat":309513},{"id":227323,"n":"Céréales Crunch Nestlé 675g","p":4.5,"u":"6,67 €/KG","img":"https://fd6-photos.leclercdrive.fr/image.ashx?id=2949085&use=l&cat=p&typeid=i","cat":309513},{"id":227339,"n":"Capsules Nescafé Dolce Gusto  Lungo - x16","p":4.5,"u":"50,00 €/KG","img":"https://fd6-photos.leclercdrive.fr/image.ashx?id=2907716&use=l&cat=p&typeid=i","cat":293239},{"id":227341,"n":"Céréales Lion Nestlé 1.05kg","p":6.06,"u":"6,06 €/KG","img":"https://fd6-photos.leclercdrive.fr/image.ashx?id=2995433&use=l&cat=p&typeid=i","cat":309513},{"id":227347,"n":"Déodorant Spray L'Oréal Paris Men Expert 48h - 150ml","p":2.88,"u":"19,20 €/L","img":"https://fd6-photos.leclercdrive.fr/image.ashx?id=2802509&use=l&cat=p&typeid=i","cat":284618},{"id":227351,"n":"Déodorant compressé 48h Ushuaïa Monoï de Polynésie - 100ml","p":3.16,"u":"31,60 €/L","img":"https://fd6-photos.leclercdrive.fr/image.ashx?id=2763580&use=l&cat=p&typeid=i","cat":284595},{"id":227352,"n":"Céréales Chocapic  645g","p":4.3,"u":"6,67 €/KG","img":"https://fd6-photos.leclercdrive.fr/image.ashx?id=2977732&use=l&cat=p&typeid=i","cat":309513},{"id":227367,"n":"Compote Charles & Alice Poire avec morceaux - 4x95g","p":2.8,"u":"7,37 €/KG","img":"https://fd6-photos.leclercdrive.fr/image.ashx?id=2857353&use=l&cat=p&typeid=i","cat":284416},{"id":227372,"n":"Céréales Lion 675g","p":4.31,"u":"6,39 €/KG","img":"https://fd6-photos.leclercdrive.fr/image.ashx?id=2997256&use=l&cat=p&typeid=i","cat":309513},{"id":227373,"n":"Gelée de viande Eco+ 12x100g","p":2.99,"u":"2,49 €/KG","img":"https://fd6-photos.leclercdrive.fr/image.ashx?id=2744216&use=l&cat=p&typeid=i","cat":285286},{"id":227374,"n":"Céréales Chocapic 375g","p":2.8,"u":"7,47 €/KG","img":"https://fd6-photos.leclercdrive.fr/image.ashx?id=2977408&use=l&cat=p&typeid=i","cat":309513},{"id":227375,"n":"Capsule Nescafé Farmers Origins  Brazil Int 8 - x10","p":2.34,"u":"53,18 €/KG","img":"https://fd6-photos.leclercdrive.fr/image.ashx?id=2952166&use=l&cat=p&typeid=i","cat":284749},{"id":227376,"n":"Croquette Friskies Vitafit  Boeuf - 3kg","p":7.25,"u":"2,42 €/KG","img":"https://fd6-photos.leclercdrive.fr/image.ashx?id=2986999&use=l&cat=p&typeid=i","cat":284672},{"id":227378,"n":"Croquettes Friskies junior Poulet & legumes - 1.5kg","p":5.35,"u":"3,57 €/KG","img":"https://fd6-photos.leclercdrive.fr/image.ashx?id=2699612&use=l&cat=p&typeid=i","cat":284680},{"id":227381,"n":"Croquettes Friskies Vitafit Poulet & legumes - 3kg","p":7.27,"u":"2,42 €/KG","img":"https://fd6-photos.leclercdrive.fr/image.ashx?id=2986981&use=l&cat=p&typeid=i","cat":284672},{"id":227383,"n":"Lait infantile Hipp Biologique Bio Dès 10 mois Combiotic  800g","p":16.46,"u":"20,58 €/KG","img":"https://fd6-photos.leclercdrive.fr/image.ashx?id=2926834&use=l&cat=p&typeid=i","cat":290219},{"id":227391,"n":"Croquettes Friskies Saumon & legumes - 3 kg","p":10.19,"u":"3,40 €/KG","img":"https://fd6-photos.leclercdrive.fr/image.ashx?id=2940615&use=l&cat=p&typeid=i","cat":284680},{"id":227397,"n":"Croquettes Friskies  Dinde & legumes - 1.5kg","p":5.35,"u":"3,57 €/KG","img":"https://fd6-photos.leclercdrive.fr/image.ashx?id=2699621&use=l&cat=p&typeid=i","cat":284680},{"id":227400,"n":"Croquettes chat Friskies Saumon et legumes - 1.5 kg","p":5.59,"u":"3,73 €/KG","img":"https://fd6-photos.leclercdrive.fr/image.ashx?id=2940600&use=l&cat=p&typeid=i","cat":284680},{"id":227406,"n":"Déodorant stick Rexona Sensitive dry - 45ml","p":4.92,"u":"109,33 €/L","img":"https://fd6-photos.leclercdrive.fr/image.ashx?id=2906880&use=l&cat=p&typeid=i","cat":284595},{"id":227408,"n":"Riz basmati Taureau Ailé 220g","p":1.65,"u":"7,50 €/KG","img":"https://fd6-photos.leclercdrive.fr/image.ashx?id=2916330&use=l&cat=p&typeid=i","cat":287600},{"id":227412,"n":"Masque pieds Scholl Exfoliant talon - x1","p":6.45,"img":"https://fd6-photos.leclercdrive.fr/image.ashx?id=2981313&use=l&cat=p&typeid=i","cat":325354},{"id":227418,"n":"Gel détartrant WC Net Détartrant total - 750ml","p":2.66,"u":"3,55 €/L","img":"https://fd6-photos.leclercdrive.fr/image.ashx?id=2702118&use=l&cat=p&typeid=i","cat":284662},{"id":227419,"n":"Gel Energy WC Net Javel - Action immédiate 750ml","p":2.61,"u":"3,48 €/L","img":"https://fd6-photos.leclercdrive.fr/image.ashx?id=2791659&use=l&cat=p&typeid=i","cat":284662},{"id":227422,"n":"Etuis mouchoirs Lotus Classic+ - x12","p":2.06,"img":"https://fd6-photos.leclercdrive.fr/image.ashx?id=2700689&use=l&cat=p&typeid=i","cat":284638},{"id":227423,"n":"Etuis mouchoirs Lotus Compact+ - x24","p":3.87,"img":"https://fd6-photos.leclercdrive.fr/image.ashx?id=2700692&use=l&cat=p&typeid=i","cat":284638},{"id":227424,"n":"Etuis mouchoirs Lotus Compact+ - x18","p":3.22,"img":"https://fd6-photos.leclercdrive.fr/image.ashx?id=2988680&use=l&cat=p&typeid=i","cat":284638},{"id":227445,"n":"Riz basmati Taureau Ailé Nature - 220g","p":1.65,"u":"7,50 €/KG","img":"https://fd6-photos.leclercdrive.fr/image.ashx?id=2916327&use=l&cat=p&typeid=i","cat":287600},{"id":227448,"n":"Céréales Crunch 375g","p":2.62,"u":"6,99 €/KG","img":"https://fd6-photos.leclercdrive.fr/image.ashx?id=2939760&use=l&cat=p&typeid=i","cat":309513},{"id":227512,"n":"Chips Savour  Sel de guerande - 120g","p":1.48,"u":"12,33 €/KG","img":"https://fd6-photos.leclercdrive.fr/image.ashx?id=2743828&use=l&cat=p&typeid=i","cat":284447},{"id":227514,"n":"Chips Savour Sweet Chili - 120g","p":1.79,"u":"14,92 €/KG","img":"https://fd6-photos.leclercdrive.fr/image.ashx?id=2743825&use=l&cat=p&typeid=i","cat":284447},{"id":227515,"n":"Chips Savour Vinaigre de cidre - 120g","p":1.71,"u":"14,25 €/KG","img":"https://fd6-photos.leclercdrive.fr/image.ashx?id=2743822&use=l&cat=p&typeid=i","cat":284447},{"id":227516,"n":"Chips Savour Cheddar & Ciboulette - 120g","p":1.75,"u":"14,58 €/KG","img":"https://fd6-photos.leclercdrive.fr/image.ashx?id=2743819&use=l&cat=p&typeid=i","cat":284447},{"id":227519,"n":"IGP Méditerrannée rosé   Terroirs du Var - 75cl","p":3.08,"u":"4,11 €/L","img":"https://fd6-photos.leclercdrive.fr/image.ashx?id=2700203&use=l&cat=p&typeid=i","cat":289558},{"id":227520,"n":"Chips Lay's Sel & vinaigre - 130g","p":1.47,"u":"11,31 €/KG","img":"https://fd6-photos.leclercdrive.fr/image.ashx?id=3011161&use=l&cat=p&typeid=i","cat":284447},{"id":227528,"n":"Chips Lay's Poulet - 135g","p":1.26,"u":"9,33 €/KG","img":"https://fd6-photos.leclercdrive.fr/image.ashx?id=2995079&use=l&cat=p&typeid=i","cat":284447},{"id":227532,"n":"Chips Lay's Barbecue - 250g","p":2.15,"u":"8,60 €/KG","img":"https://fd6-photos.leclercdrive.fr/image.ashx?id=2994488&use=l&cat=p&typeid=i","cat":284447},{"id":227534,"n":"Chips Lay's Barbecue - 135g","p":1.18,"u":"8,74 €/KG","img":"https://fd6-photos.leclercdrive.fr/image.ashx?id=2994485&use=l&cat=p&typeid=i","cat":284447},{"id":227542,"n":"Croquettes pour chien Friskies Vitafit 12kg","p":25.4,"u":"2,12 €/KG","img":"https://fd6-photos.leclercdrive.fr/image.ashx?id=2986987&use=l&cat=p&typeid=i","cat":284672},{"id":227562,"n":"Culottes Fuites urinaires Always Discreet Taille L- x9","p":9.81,"u":"1,09 €/P","img":"https://fd6-photos.leclercdrive.fr/image.ashx?id=2927038&use=l&cat=p&typeid=i","cat":284628},{"id":227563,"n":"Serviettes Fuites urinaires  Always Discreet - Normal - x30","p":9.53,"u":"0,32 €/P","img":"https://fd6-photos.leclercdrive.fr/image.ashx?id=2700806&use=l&cat=p&typeid=i","cat":284628},{"id":227600,"n":"Croquettes chat Friskies Boeuf, poulet et légumes - 3kg","p":10.42,"u":"3,47 €/KG","img":"https://fd6-photos.leclercdrive.fr/image.ashx?id=2940603&use=l&cat=p&typeid=i","cat":284680},{"id":227602,"n":"Croquettes Friskies  Poulet & légumes  1,5 kg","p":5.53,"u":"3,69 €/KG","img":"https://fd6-photos.leclercdrive.fr/image.ashx?id=2701400&use=l&cat=p&typeid=i","cat":284680},{"id":227603,"n":"Croquettes chat stérilisé Friskies Agneau légumes - 1.5kg","p":5.58,"u":"3,72 €/KG","img":"https://fd6-photos.leclercdrive.fr/image.ashx?id=2701064&use=l&cat=p&typeid=i","cat":284680},{"id":227612,"n":"Croquettes chien light Friskies Poulet & légumes - 3kg","p":8.52,"u":"2,84 €/KG","img":"https://fd6-photos.leclercdrive.fr/image.ashx?id=2987002&use=l&cat=p&typeid=i","cat":284672},{"id":227626,"n":"Barres chocolatées Mars  x7 - 315g","p":2.92,"u":"9,27 €/KG","img":"https://fd6-photos.leclercdrive.fr/image.ashx?id=2701043&use=l&cat=p&typeid=i","cat":284498},{"id":227629,"n":"Barres chocolatées Snickers x7 - 350g","p":3.44,"u":"9,83 €/KG","img":"https://fd6-photos.leclercdrive.fr/image.ashx?id=2701040&use=l&cat=p&typeid=i","cat":284498},{"id":227633,"n":"Barres chocolatées Twix  x10 -210g","p":2.2,"u":"10,48 €/KG","img":"https://fd6-photos.leclercdrive.fr/image.ashx?id=2980091&use=l&cat=p&typeid=i","cat":284498},{"id":227657,"n":"Soda Fanta Orange Sans Sucres  Canette - Pack 6x33cl","p":3.34,"u":"1,69 €/L","img":"https://fd6-photos.leclercdrive.fr/image.ashx?id=2701361&use=l&cat=p&typeid=i","cat":284532},{"id":227658,"n":"Tropico original 6x20cl","p":2.66,"u":"2,22 €/L","img":"https://fd6-photos.leclercdrive.fr/image.ashx?id=2757800&use=l&cat=p&typeid=i","cat":295018},{"id":227671,"n":"Bière aromatisée Desperados Tropical -  6X33cl","p":8.8,"u":"4,44 €/L","img":"https://fd6-photos.leclercdrive.fr/image.ashx?id=2701142&use=l&cat=p&typeid=i","cat":334878},{"id":227684,"n":"Barres chocolatées Twix x7 - 350g","p":3.25,"u":"9,29 €/KG","img":"https://fd6-photos.leclercdrive.fr/image.ashx?id=2701028&use=l&cat=p&typeid=i","cat":284498},{"id":227690,"n":"Parfum de linge Lenor Ambre orchidée x19D - 235g","p":6.67,"u":"28,38 €/KG","img":"https://fd6-photos.leclercdrive.fr/image.ashx?id=2839457&use=l&cat=p&typeid=i","cat":325302},{"id":227701,"n":"Chocolat Pâtissier Nestlé Dessert Blanc - 170g","p":2.95,"u":"17,35 €/KG","img":"https://fd6-photos.leclercdrive.fr/image.ashx?id=2895062&use=l&cat=p&typeid=i","cat":284957},{"id":227702,"n":"Fromage enfant La Vache qui rit Pik&Croq 8 portions - 280g","p":3.9,"u":"13,93 €/KG","img":"https://fd6-photos.leclercdrive.fr/image.ashx?id=2945436&use=l&cat=p&typeid=i","cat":314030},{"id":227719,"n":"Jambon cuit supérieur découenné L'Atelier Charcuterie x4 - 220g","p":3.8,"u":"17,27 €/KG","img":"https://fd6-photos.leclercdrive.fr/image.ashx?id=2907413&use=l&cat=p&typeid=i","cat":316009},{"id":227722,"n":"Jambon cuit découenné L'Atelier Charcuterie x2 - 110g","p":2.21,"u":"20,09 €/KG","img":"https://fd6-photos.leclercdrive.fr/image.ashx?id=2999036&use=l&cat=p&typeid=i","cat":316009},{"id":227729,"n":"Café au lait Soluble Nescafé 3en1 - x10 - 165g","p":2.12,"u":"12,85 €/KG","img":"https://fd6-photos.leclercdrive.fr/image.ashx?id=2854759&use=l&cat=p&typeid=i","cat":284843},{"id":227731,"n":"Céréales Nesquik  375g","p":2.64,"u":"7,04 €/KG","img":"https://fd6-photos.leclercdrive.fr/image.ashx?id=2977411&use=l&cat=p&typeid=i","cat":309513},{"id":227745,"n":"Lait Combiotic Hipp Bio jusqu' à 6mois 800g","p":19.7,"u":"24,63 €/KG","img":"https://fd6-photos.leclercdrive.fr/image.ashx?id=2926843&use=l&cat=p&typeid=i","cat":284726},{"id":227767,"n":"Gel douche Men Expert Barber club - 300ml","p":3.0,"u":"10,00 €/L","img":"https://fd6-photos.leclercdrive.fr/image.ashx?id=3008773&use=l&cat=p&typeid=i","cat":284619},{"id":227769,"n":"Profiteroles Equador Caramel - 4x90g","p":2.69,"u":"7,47 €/KG","img":"https://fd6-photos.leclercdrive.fr/image.ashx?id=2701100&use=l&cat=p&typeid=i","cat":284419},{"id":227780,"n":"Liqueur GET Menthe & Citrons 17,9° - 70cl","p":12.99,"u":"18,56 €/L","img":"https://fd6-photos.leclercdrive.fr/image.ashx?id=2840629&use=l&cat=p&typeid=i","cat":286032},{"id":227810,"n":"Haché moelleux Eco+ x8 - 800g","p":8.59,"u":"10,74 €/KG","img":"https://fd6-photos.leclercdrive.fr/image.ashx?id=2758734&use=l&cat=p&typeid=i","cat":284332},{"id":227818,"n":"Fromage enfant La Vache qui rit Pik&Croq 5 portions - 175g","p":2.37,"u":"13,54 €/KG","img":"https://fd6-photos.leclercdrive.fr/image.ashx?id=2945433&use=l&cat=p&typeid=i","cat":314030},{"id":227820,"n":"Fromage enfant La Vache qui rit Original 8P à tartiner - 128g","p":1.94,"u":"15,16 €/KG","img":"https://fd6-photos.leclercdrive.fr/image.ashx?id=2945439&use=l&cat=p&typeid=i","cat":314030},{"id":227822,"n":"Chips Lay's  Paprika - 130g","p":1.55,"u":"11,92 €/KG","img":"https://fd6-photos.leclercdrive.fr/image.ashx?id=3011158&use=l&cat=p&typeid=i","cat":284447},{"id":227823,"n":"Chips Lay's Emmental - 135g","p":1.36,"u":"10,07 €/KG","img":"https://fd6-photos.leclercdrive.fr/image.ashx?id=3011155&use=l&cat=p&typeid=i","cat":284447},{"id":227831,"n":"Spray Nettoyant Menager Cif  Anti-calcaire Universel 750 ml","p":2.58,"u":"3,44 €/L","img":"https://fd6-photos.leclercdrive.fr/image.ashx?id=2890520&use=l&cat=p&typeid=i","cat":325362},{"id":227835,"n":"Baby carottes Notre Jardin 250g","p":1.59,"u":"6,36 €/KG","img":"https://fd6-photos.leclercdrive.fr/image.ashx?id=2701581&use=l&cat=p&typeid=i","cat":284352},{"id":227838,"n":"Yaourt hyperprotéiné Sport  Vanille - 4x120g","p":2.65,"u":"5,52 €/P","img":"https://fd6-photos.leclercdrive.fr/image.ashx?id=3009544&use=l&cat=p&typeid=i","cat":315000},{"id":227894,"n":"Bâtonnet Magnum Caramel salé Amandes x3 - 222g","p":2.74,"u":"12,34 €/KG","img":"https://fd6-photos.leclercdrive.fr/image.ashx?id=2793038&use=l&cat=p&typeid=i","cat":284265},{"id":227896,"n":"Glace Carte d'Or Les Essentiels Vanille de Madagascar 700ml","p":2.7,"pp":1.89,"u":"5,15 €/KG","img":"https://fd6-photos.leclercdrive.fr/image.ashx?id=2831149&use=l&cat=p&typeid=i","cat":284263},{"id":227897,"n":"Glace Bâtonnet MAGNUM Amande 4x100ml","p":2.84,"u":"9,47 €/KG","img":"https://fd6-photos.leclercdrive.fr/image.ashx?id=2849364&use=l&cat=p&typeid=i","cat":284265},{"id":227900,"n":"Glace Bâtonnet MAGNUM Chocolat Blanc 4x100ml","p":3.16,"u":"10,75 €/KG","img":"https://fd6-photos.leclercdrive.fr/image.ashx?id=3011944&use=l&cat=p&typeid=i","cat":284265},{"id":227901,"n":"Bâtonnet Magnum Fraise et blanc - x4 - 324g","p":3.45,"u":"10,65 €/KG","img":"https://fd6-photos.leclercdrive.fr/image.ashx?id=3009293&use=l&cat=p&typeid=i","cat":284265},{"id":227902,"n":"Batonnets glace Magnum Chocolat Blanc Amande x4 - 300g","p":3.67,"u":"12,23 €/KG","img":"https://fd6-photos.leclercdrive.fr/image.ashx?id=3009296&use=l&cat=p&typeid=i","cat":284265},{"id":227903,"n":"Glace Bâtonnet MAGNUM Amande 8x100ml","p":5.46,"u":"9,10 €/KG","img":"https://fd6-photos.leclercdrive.fr/image.ashx?id=3009299&use=l&cat=p&typeid=i","cat":284265},{"id":227904,"n":"Glace Bâtonnet MAGNUM Classique 8x100ml","p":5.48,"u":"9,13 €/KG","img":"https://fd6-photos.leclercdrive.fr/image.ashx?id=2974057&use=l&cat=p&typeid=i","cat":284265},{"id":227905,"n":"Bâtonnet Magnum Chocolat blanc x8 - 588g","p":5.71,"u":"9,71 €/KG","img":"https://fd6-photos.leclercdrive.fr/image.ashx?id=2805663&use=l&cat=p&typeid=i","cat":284265},{"id":227906,"n":"Glace Bâtonnet Mini MAGNUM Amande 6x55ml","p":2.76,"u":"10,38 €/KG","img":"https://fd6-photos.leclercdrive.fr/image.ashx?id=2843544&use=l&cat=p&typeid=i","cat":284265},{"id":227918,"n":"Pois chiches Eco+ - 265g","p":0.67,"u":"2,53 €/KG","img":"https://fd6-photos.leclercdrive.fr/image.ashx?id=3003747&use=l&cat=p&typeid=i","cat":312609},{"id":228013,"n":"Saucisson Saint Agaûne 120g","p":3.64,"u":"30,33 €/KG","img":"https://fd6-photos.leclercdrive.fr/image.ashx?id=2960933&use=l&cat=p&typeid=i","cat":316006},{"id":228049,"n":"Yaourt à boire Sport Mangue passion 4x190g","p":4.55,"u":"5,99 €/KG","img":"https://fd6-photos.leclercdrive.fr/image.ashx?id=2716982&use=l&cat=p&typeid=i","cat":284415},{"id":228053,"n":"Yaourt à la grecque Délisse Sur lit de mangue 4x150g","p":2.39,"u":"3,98 €/KG","img":"https://fd6-photos.leclercdrive.fr/image.ashx?id=2885146&use=l&cat=p&typeid=i","cat":314999},{"id":228102,"n":"Thé glacé Lipton Ice Tea Pêche Sans sucres - bouteille 1.75l","p":2.17,"u":"1,24 €/L","img":"https://fd6-photos.leclercdrive.fr/image.ashx?id=2857060&use=l&cat=p&typeid=i","cat":295019},{"id":228103,"n":"Thé glacé Lipton Ice Tea Pêche Zéro sucres - canettes 6x33cl","p":3.47,"u":"1,75 €/L","img":"https://fd6-photos.leclercdrive.fr/image.ashx?id=2959442&use=l&cat=p&typeid=i","cat":295019},{"id":228129,"n":"Assortiment mochis glacés Tables du Monde x6 - 210g","p":4.53,"u":"21,57 €/KG","img":"https://fd6-photos.leclercdrive.fr/image.ashx?id=2703673&use=l&cat=p&typeid=i","cat":284266},{"id":228193,"n":"Tropico original Orange ananas - 1.75L","p":2.2,"u":"1,26 €/L","img":"https://fd6-photos.leclercdrive.fr/image.ashx?id=2705731&use=l&cat=p&typeid=i","cat":295018},{"id":228194,"n":"Thé glacé Oasis Ice Tea Saveur Mangue Passion - 1,5L","p":1.88,"u":"1,25 €/L","img":"https://fd6-photos.leclercdrive.fr/image.ashx?id=2705040&use=l&cat=p&typeid=i","cat":295019},{"id":228195,"n":"Sirop Frucci Citron - 1.3L","p":3.45,"u":"2,65 €/L","img":"https://fd6-photos.leclercdrive.fr/image.ashx?id=2898044&use=l&cat=p&typeid=i","cat":295020},{"id":228196,"n":"Sirop Frucci  Pêche - 1.3L","p":3.99,"u":"3,07 €/L","img":"https://fd6-photos.leclercdrive.fr/image.ashx?id=2898047&use=l&cat=p&typeid=i","cat":295020},{"id":228197,"n":"Sirop Frucci Fraise - 1.3L","p":3.73,"u":"2,87 €/L","img":"https://fd6-photos.leclercdrive.fr/image.ashx?id=2898041&use=l&cat=p&typeid=i","cat":295020},{"id":228198,"n":"Sirop Frucci Grenadine - 1.3L","p":3.24,"u":"2,49 €/L","img":"https://fd6-photos.leclercdrive.fr/image.ashx?id=2909921&use=l&cat=p&typeid=i","cat":295020},{"id":228199,"n":"Sirop Frucci Menthe - 1.3L","p":3.02,"u":"2,32 €/L","img":"https://fd6-photos.leclercdrive.fr/image.ashx?id=2898038&use=l&cat=p&typeid=i","cat":295020},{"id":228205,"n":"Nettoyant ménager AJAX Air frais coquelicots - 1.25L","p":3.01,"u":"2,41 €/L","img":"https://fd6-photos.leclercdrive.fr/image.ashx?id=2944473&use=l&cat=p&typeid=i","cat":284907},{"id":228353,"n":"Shampoing Hydratant 2en1 Dop Lait végétal - 400ml","p":2.31,"u":"5,78 €/L","img":"https://fd6-photos.leclercdrive.fr/image.ashx?id=2707398&use=l&cat=p&typeid=i","cat":284606},{"id":228395,"n":"Boisson gazeuse Liptonic Thé glacé citron vert - 6x33cl","p":4.12,"u":"2,08 €/L","img":"https://fd6-photos.leclercdrive.fr/image.ashx?id=2706915&use=l&cat=p&typeid=i","cat":295019},{"id":228396,"n":"Thé glacé Lipton Ice Tea Pêche - 6x33cl","p":2.96,"u":"1,49 €/L","img":"https://fd6-photos.leclercdrive.fr/image.ashx?id=2852471&use=l&cat=p&typeid=i","cat":295019},{"id":228461,"n":"Spray Nettoyant Menager Cif  Cleanboost Technology - 750 ml","p":2.23,"u":"2,97 €/L","img":"https://fd6-photos.leclercdrive.fr/image.ashx?id=2866214&use=l&cat=p&typeid=i","cat":325357},{"id":228462,"n":"Spray Nettoyant 5-en-1 Cif Cuisine & Salle de Bain 750ml","p":2.06,"u":"2,75 €/L","img":"https://fd6-photos.leclercdrive.fr/image.ashx?id=2999336&use=l&cat=p&typeid=i","cat":325357},{"id":228463,"n":"Liquide vaisselle mini Paic Citron - 500ml","p":1.13,"u":"2,26 €/L","img":"https://fd6-photos.leclercdrive.fr/image.ashx?id=2708020&use=l&cat=p&typeid=i","cat":284655},{"id":228465,"n":"Nettoyant ménager Ajax Fête des fleurs muguets 1.25L","p":3.14,"u":"2,51 €/L","img":"https://fd6-photos.leclercdrive.fr/image.ashx?id=2926072&use=l&cat=p&typeid=i","cat":284907},{"id":228467,"n":"Spray nettoyant ménager Ajax Salle de bain - 500ml","p":2.68,"u":"5,36 €/L","img":"https://fd6-photos.leclercdrive.fr/image.ashx?id=2708041&use=l&cat=p&typeid=i","cat":325357},{"id":228468,"n":"Spray nettoyant ménager Ajax Multi-surfaces - 500ml","p":2.68,"u":"5,36 €/L","img":"https://fd6-photos.leclercdrive.fr/image.ashx?id=2708044&use=l&cat=p&typeid=i","cat":325357},{"id":228477,"n":"Brosse à dents Signal Triple Action - Medium - x4","p":1.64,"u":"0,41 €/P","img":"https://fd6-photos.leclercdrive.fr/image.ashx?id=2708310&use=l&cat=p&typeid=i","cat":284614},{"id":228480,"n":"Gel Douche Dove Advanced Care Nutrition Intense 225ml","p":3.38,"u":"15,02 €/L","img":"https://fd6-photos.leclercdrive.fr/image.ashx?id=2968580&use=l&cat=p&typeid=i","cat":284594},{"id":228481,"n":"Gel Douche Dove Advanced Care Nutrition Intense 400ml","p":4.42,"u":"11,05 €/L","img":"https://fd6-photos.leclercdrive.fr/image.ashx?id=2991036&use=l&cat=p&typeid=i","cat":284594},{"id":228484,"n":"Gel Douche Dove Hydratant 450ml","p":4.39,"u":"9,76 €/L","img":"https://fd6-photos.leclercdrive.fr/image.ashx?id=2993499&use=l&cat=p&typeid=i","cat":284594},{"id":228486,"n":"Gel douche Dove Fraîcheur - 450ml","p":3.87,"u":"8,60 €/L","img":"https://fd6-photos.leclercdrive.fr/image.ashx?id=2738707&use=l&cat=p&typeid=i","cat":284594},{"id":228499,"n":"Lessive liquide X-tra Total 4 en 1 x63 - 2.835L","p":8.93,"u":"3,15 €/L","img":"https://fd6-photos.leclercdrive.fr/image.ashx?id=2921561&use=l&cat=p&typeid=i","cat":284640},{"id":228501,"n":"Lessive liquide X-tra Total Savon de Marseille x63  -2.835L","p":9.75,"u":"3,44 €/L","img":"https://fd6-photos.leclercdrive.fr/image.ashx?id=2921564&use=l&cat=p&typeid=i","cat":284640},{"id":228503,"n":"Recharge lessive Maison Verte Huiles essentielles x33 -1.485L","p":7.2,"u":"4,85 €/L","img":"https://fd6-photos.leclercdrive.fr/image.ashx?id=2890625&use=l&cat=p&typeid=i","cat":284644},{"id":228504,"n":"Liquide vaisselle Mir vinaigre Framboise dégraissant  - 450ml","p":1.32,"u":"2,93 €/L","img":"https://fd6-photos.leclercdrive.fr/image.ashx?id=2979725&use=l&cat=p&typeid=i","cat":284655},{"id":228506,"n":"Lessive liquide Mir Black Raviveur noir x27 - 1.35L","p":6.12,"u":"4,53 €/L","img":"https://fd6-photos.leclercdrive.fr/image.ashx?id=2881323&use=l&cat=p&typeid=i","cat":284644},{"id":228509,"n":"Lessive liquide Mir Laine Textile délicat x27 - 1.35L","p":5.93,"u":"4,39 €/L","img":"https://fd6-photos.leclercdrive.fr/image.ashx?id=2890118&use=l&cat=p&typeid=i","cat":284644},{"id":228510,"n":"Lessive liquide Super Croix X-tra Bora Bora x42 - 1.89L","p":7.71,"u":"4,08 €/L","img":"https://fd6-photos.leclercdrive.fr/image.ashx?id=2876263&use=l&cat=p&typeid=i","cat":284640},{"id":228511,"n":"Lessive liquide Maison Verte Fraîcheur d'été - 1.485L x33","p":8.55,"u":"5,76 €/L","img":"https://fd6-photos.leclercdrive.fr/image.ashx?id=2890121&use=l&cat=p&typeid=i","cat":284640},{"id":228541,"n":"Sirop Teisseire  Menthe verte - 1,30L","p":5.21,"u":"4,01 €/L","img":"https://fd6-photos.leclercdrive.fr/image.ashx?id=2709094&use=l&cat=p&typeid=i","cat":295020},{"id":228631,"n":"Soda Coca-Cola Sans Sucres Canette - Pack 6x20CL","p":3.39,"u":"2,83 €/L","img":"https://fd6-photos.leclercdrive.fr/image.ashx?id=2709352&use=l&cat=p&typeid=i","cat":284530},{"id":228702,"n":"Shampooing Head & Shoulders  Sébo régulateur - 625ml","p":9.29,"u":"14,86 €/L","img":"https://fd6-photos.leclercdrive.fr/image.ashx?id=2712163&use=l&cat=p&typeid=i","cat":284606},{"id":228828,"n":"Croquettes pour chaton Whiskas Poulet - 1.9 kg","p":6.17,"u":"3,25 €/L","img":"https://fd6-photos.leclercdrive.fr/image.ashx?id=2871130&use=l&cat=p&typeid=i","cat":284680},{"id":228837,"n":"Haricots rouges Eco+ 250g","p":0.55,"u":"2,20 €/KG","img":"https://fd6-photos.leclercdrive.fr/image.ashx?id=3003750&use=l&cat=p&typeid=i","cat":312606},{"id":228862,"n":"Lait bébé Candia Baby croissance 3ème âge - 18x25cl","p":10.76,"u":"2,39 €/L","img":"https://fd6-photos.leclercdrive.fr/image.ashx?id=2963367&use=l&cat=p&typeid=i","cat":284728},{"id":228902,"n":"Boisson lactée Candy'up  Choco coco - 6x20cl","p":2.79,"u":"2,33 €/L","img":"https://fd6-photos.leclercdrive.fr/image.ashx?id=2890241&use=l&cat=p&typeid=i","cat":295246},{"id":228934,"n":"P'tit brassé Pomme  Nestlé Framboise céréale 2X115g","p":2.02,"u":"8,78 €/KG","img":"https://fd6-photos.leclercdrive.fr/image.ashx?id=2712130&use=l&cat=p&typeid=i","cat":312392},{"id":228935,"n":"Dessert P'tit brassé Nestlé Banane mangue céréales 2x115g","p":1.83,"u":"7,96 €/KG","img":"https://fd6-photos.leclercdrive.fr/image.ashx?id=2712127&use=l&cat=p&typeid=i","cat":312392},{"id":228942,"n":"Dessert P'tit brassé  Mini pêche - 6x50g","p":2.25,"u":"7,50 €/KG","img":"https://fd6-photos.leclercdrive.fr/image.ashx?id=2955989&use=l&cat=p&typeid=i","cat":312392},{"id":228957,"n":"Dessert P'tit brassé  Mini banane - 300g","p":2.05,"u":"6,83 €/KG","img":"https://fd6-photos.leclercdrive.fr/image.ashx?id=2958203&use=l&cat=p&typeid=i","cat":312392},{"id":228965,"n":"P'tite céréales Nestlé Saveur biscuit - 270g","p":3.49,"u":"1,29 €/L","img":"https://fd6-photos.leclercdrive.fr/image.ashx?id=2712813&use=l&cat=p&typeid=i","cat":312225},{"id":228970,"n":"Chips Tortilla Doritos Chili - 250g","p":2.79,"u":"11,16 €/KG","img":"https://fd6-photos.leclercdrive.fr/image.ashx?id=2959439&use=l&cat=p&typeid=i","cat":287899},{"id":228974,"n":"Chips Tortilla Doritos Nature corn - 250g","p":3.13,"u":"12,52 €/KG","img":"https://fd6-photos.leclercdrive.fr/image.ashx?id=2986224&use=l&cat=p&typeid=i","cat":287899},{"id":228977,"n":"Lessive Liquide  X-tra Total Blanc et couleurs x44  -1.98L","p":6.85,"u":"3,46 €/L","img":"https://fd6-photos.leclercdrive.fr/image.ashx?id=2875351&use=l&cat=p&typeid=i","cat":284640},{"id":229001,"n":"Biscuits mini fourrés BN  Framboise - x5 - 175g","p":2.08,"u":"11,89 €/KG","img":"https://fd6-photos.leclercdrive.fr/image.ashx?id=2748230&use=l&cat=p&typeid=i","cat":284489},{"id":229015,"n":"Sauce soja Suzi Wan 135ml","p":2.2,"u":"16,30 €/L","img":"https://fd6-photos.leclercdrive.fr/image.ashx?id=2906664&use=l&cat=p&typeid=i","cat":288992},{"id":229029,"n":"Tomates entières Alro 400g","p":1.21,"u":"5,04 €/KG","img":"https://fd6-photos.leclercdrive.fr/image.ashx?id=2994545&use=l&cat=p&typeid=i","cat":289010},{"id":229056,"n":"Nouilles instantanées Tanoshi Blé curry - sachet 85g","p":0.91,"u":"10,71 €/KG","img":"https://fd6-photos.leclercdrive.fr/image.ashx?id=2912053&use=l&cat=p&typeid=i","cat":288992},{"id":229058,"n":"Nouilles instantannées Tanoshi Blé canard - sachet 85g","p":0.85,"u":"10,00 €/KG","img":"https://fd6-photos.leclercdrive.fr/image.ashx?id=2906187&use=l&cat=p&typeid=i","cat":288992},{"id":229059,"n":"Nouilles instantannées Tanoshi Blé crevette- sachet 85g","p":0.9,"u":"10,59 €/KG","img":"https://fd6-photos.leclercdrive.fr/image.ashx?id=2912047&use=l&cat=p&typeid=i","cat":288992},{"id":229061,"n":"Sauce soja salée Tanoshi 200ml","p":2.92,"u":"14,60 €/L","img":"https://fd6-photos.leclercdrive.fr/image.ashx?id=2921603&use=l&cat=p&typeid=i","cat":288992},{"id":229065,"n":"Sauce soja  Kikkoman 1L","p":11.69,"u":"11,69 €/L","img":"https://fd6-photos.leclercdrive.fr/image.ashx?id=2849373&use=l&cat=p&typeid=i","cat":288992},{"id":229104,"n":"Gaufre goût chocolat Rita - 325g","p":3.02,"u":"9,29 €/KG","img":"https://fd6-photos.leclercdrive.fr/image.ashx?id=2714546&use=l&cat=p&typeid=i","cat":294777},{"id":229117,"n":"Noisettes décortiquées  Couleurs Vives - 175g","p":2.99,"u":"17,09 €/KG","img":"https://fd6-photos.leclercdrive.fr/image.ashx?id=2713661&use=l&cat=p&typeid=i","cat":284357},{"id":229128,"n":"Nouilles Tanoshi Curry épicé cup de 65g","p":1.5,"u":"23,08 €/KG","img":"https://fd6-photos.leclercdrive.fr/image.ashx?id=2939442&use=l&cat=p&typeid=i","cat":288992},{"id":229159,"n":"Jus Tropicana Juicy  Pomme Cassis Framboise - 1,5L","p":2.02,"u":"1,35 €/L","img":"https://fd6-photos.leclercdrive.fr/image.ashx?id=3010801&use=l&cat=p&typeid=i","cat":284915},{"id":229167,"n":"Eau de source Cristaline  Petillante - 6x33cl","p":2.29,"u":"1,16 €/L","img":"https://fd6-photos.leclercdrive.fr/image.ashx?id=2714018&use=l&cat=p&typeid=i","cat":284536},{"id":229224,"n":"Glace pâte à tartiner Nutella 230g","p":3.94,"u":"17,13 €/KG","img":"https://fd6-photos.leclercdrive.fr/image.ashx?id=2905672&use=l&cat=p&typeid=i","cat":284725},{"id":229414,"n":"Chocolat Poulain maxi Lait Feuilleté - 190g","p":3.04,"u":"16,00 €/KG","img":"https://fd6-photos.leclercdrive.fr/image.ashx?id=2867140&use=l&cat=p&typeid=i","cat":284497},{"id":229497,"n":"Chips Lay's  Bolognaise - 130g","p":1.35,"u":"10,38 €/KG","img":"https://fd6-photos.leclercdrive.fr/image.ashx?id=3011149&use=l&cat=p&typeid=i","cat":284447},{"id":229498,"n":"Chips Lay's Moutarde pickles - 135g","p":1.56,"u":"11,56 €/KG","img":"https://fd6-photos.leclercdrive.fr/image.ashx?id=3011152&use=l&cat=p&typeid=i","cat":284447},{"id":229517,"n":"Soda au cola Pepsi Zéro sucres Le lot de 6x33cl canettes","p":2.64,"u":"1,33 €/L","img":"https://fd6-photos.leclercdrive.fr/image.ashx?id=2773391&use=l&cat=p&typeid=i","cat":284530},{"id":229523,"n":"Thé glacé Lipton Ice Tea Pêche Le lot de 12x33cl canettes","p":6.44,"u":"1,63 €/L","img":"https://fd6-photos.leclercdrive.fr/image.ashx?id=2717550&use=l&cat=p&typeid=i","cat":295019},{"id":229546,"n":"Cassonade Saint Louis 1kg","p":2.65,"u":"2,65 €/KG","img":"https://fd6-photos.leclercdrive.fr/image.ashx?id=2717595&use=l&cat=p&typeid=i","cat":284502},{"id":229593,"n":"Tablettes lave-vaisselle Visior Tout en 1 citron x45 - 765g","p":5.79,"u":"7,57 €/KG","img":"https://fd6-photos.leclercdrive.fr/image.ashx?id=2954905&use=l&cat=p&typeid=i","cat":284656},{"id":229609,"n":"Boisson fraise banane Jafun 1L","p":1.2,"u":"1,20 €/L","img":"https://fd6-photos.leclercdrive.fr/image.ashx?id=2956792&use=l&cat=p&typeid=i","cat":295018},{"id":229612,"n":"Prosecco  Eco+ 75cl","p":3.99,"u":"5,32 €/L","img":"https://fd6-photos.leclercdrive.fr/image.ashx?id=2717288&use=l&cat=p&typeid=i","cat":289461},{"id":229851,"n":"Serviettes fuites urinaires  Always Discreet - x32","p":16.08,"u":"0,50 €/P","img":"https://fd6-photos.leclercdrive.fr/image.ashx?id=2721448&use=l&cat=p&typeid=i","cat":284628},{"id":229852,"n":"Serviettes fuites urinaires  Always Distreet - x24","p":14.65,"u":"0,61 €/P","img":"https://fd6-photos.leclercdrive.fr/image.ashx?id=2721451&use=l&cat=p&typeid=i","cat":284628},{"id":229853,"n":"Serviettes fuites urinaires Always Distreet - x24","p":16.5,"u":"0,69 €/P","img":"https://fd6-photos.leclercdrive.fr/image.ashx?id=2818157&use=l&cat=p&typeid=i","cat":284628},{"id":229879,"n":"Apéritif Campari 25% vol - 70cl","p":16.21,"u":"23,16 €/L","img":"https://fd6-photos.leclercdrive.fr/image.ashx?id=3009155&use=l&cat=p&typeid=i","cat":286032},{"id":229891,"n":"Pain de mie complet Harrys Sandwich Sans sucre ajouté 600g","p":1.68,"u":"2,80 €/KG","img":"https://fd6-photos.leclercdrive.fr/image.ashx?id=2962473&use=l&cat=p&typeid=i","cat":284477},{"id":229893,"n":"Pain de mie complet Harrys Sandwich Sans sucre ajouté 900g","p":2.29,"u":"2,54 €/KG","img":"https://fd6-photos.leclercdrive.fr/image.ashx?id=2962476&use=l&cat=p&typeid=i","cat":284477},{"id":229896,"n":"Pain de mie nature Harrys American Sandwich 550g","p":1.6,"u":"2,91 €/KG","img":"https://fd6-photos.leclercdrive.fr/image.ashx?id=2962446&use=l&cat=p&typeid=i","cat":284477},{"id":229897,"n":"Pain de mie nature Harrys Sandwich Sans sucre ajouté 825g","p":2.18,"u":"2,64 €/KG","img":"https://fd6-photos.leclercdrive.fr/image.ashx?id=2962449&use=l&cat=p&typeid=i","cat":284477},{"id":229898,"n":"Pain de mie nature Harrys Sandwich Tranches épaisses 550g","p":1.97,"u":"3,58 €/KG","img":"https://fd6-photos.leclercdrive.fr/image.ashx?id=2962455&use=l&cat=p&typeid=i","cat":284477},{"id":229920,"n":"Pain de mie rustique Harrys Sandwich Sans sucre ajouté 500g","p":2.26,"u":"4,52 €/KG","img":"https://fd6-photos.leclercdrive.fr/image.ashx?id=2962458&use=l&cat=p&typeid=i","cat":284477},{"id":229921,"n":"Pain de mie céréales Harrys Sandwich Sans sucre ajouté 550g","p":1.86,"u":"3,38 €/KG","img":"https://fd6-photos.leclercdrive.fr/image.ashx?id=2962452&use=l&cat=p&typeid=i","cat":284477},{"id":229982,"n":"Coulommiers Eco+ 320g","p":1.78,"u":"5,56 €/KG","img":"https://fd6-photos.leclercdrive.fr/image.ashx?id=2726824&use=l&cat=p&typeid=i","cat":314033},{"id":230167,"n":"Lessive liquide X-tra Total  Ecopack  x41 - 1.845L","p":7.58,"u":"4,11 €/L","img":"https://fd6-photos.leclercdrive.fr/image.ashx?id=2890124&use=l&cat=p&typeid=i","cat":284640},{"id":230171,"n":"Bière Picon 1L","p":10.54,"u":"10,54 €/L","img":"https://fd6-photos.leclercdrive.fr/image.ashx?id=2720908&use=l&cat=p&typeid=i","cat":334872},{"id":230174,"n":"Bière blonde Fischer Tradition 6% - 66cl","p":1.83,"u":"2,77 €/L","img":"https://fd6-photos.leclercdrive.fr/image.ashx?id=3008128&use=l&cat=p&typeid=i","cat":334873},{"id":230193,"n":"Nettoyant ménager La Croix Gel utra dégraissant - 1L","p":2.06,"u":"2,06 €/L","img":"https://fd6-photos.leclercdrive.fr/image.ashx?id=2721534&use=l&cat=p&typeid=i","cat":325357},{"id":230198,"n":"Gel nettoyant WC La Croix Ultra WC - 750ml","p":1.26,"u":"1,68 €/L","img":"https://fd6-photos.leclercdrive.fr/image.ashx?id=2721531&use=l&cat=p&typeid=i","cat":284662},{"id":230596,"n":"Colin à la Bordelaise Findus  MSC - 380g","p":4.11,"u":"10,82 €/KG","img":"https://fd6-photos.leclercdrive.fr/image.ashx?id=2899503&use=l&cat=p&typeid=i","cat":319786},{"id":230607,"n":"Mini cheeseburgers L'Atelier Traiteur x6 -240g","p":6.15,"u":"25,63 €/KG","img":"https://fd6-photos.leclercdrive.fr/image.ashx?id=2722303&use=l&cat=p&typeid=i","cat":316003},{"id":230611,"n":"Mini burgers bacon L'Atelier Traiteur x6 - 240g","p":6.49,"u":"27,04 €/KG","img":"https://fd6-photos.leclercdrive.fr/image.ashx?id=2722306&use=l&cat=p&typeid=i","cat":316003},{"id":230628,"n":"Mini burgers Montagnard L'Atelier Traiteur x6 - 240g","p":6.49,"u":"27,04 €/KG","img":"https://fd6-photos.leclercdrive.fr/image.ashx?id=2722315&use=l&cat=p&typeid=i","cat":316003},{"id":230634,"n":"Dattes Deglet Nour Eco+ Barquette 500g","p":1.61,"u":"3,22 €/KG","img":"https://fd6-photos.leclercdrive.fr/image.ashx?id=2747196&use=l&cat=p&typeid=i","cat":284357},{"id":230691,"n":"Carottes rapées Bonduelle À la moutarde à l'ancienne 300g","p":1.41,"u":"4,70 €/KG","img":"https://fd6-photos.leclercdrive.fr/image.ashx?id=2894179&use=l&cat=p&typeid=i","cat":333657},{"id":230709,"n":"Mini tartinade Daunat Thon - 130g","p":1.8,"u":"13,85 €/KG","img":"https://fd6-photos.leclercdrive.fr/image.ashx?id=2723794&use=l&cat=p&typeid=i","cat":333658},{"id":230730,"n":"Fuet extra poivre noir Revilla 150g","p":3.21,"u":"21,40 €/KG","img":"https://fd6-photos.leclercdrive.fr/image.ashx?id=2723809&use=l&cat=p&typeid=i","cat":316006},{"id":230740,"n":"Serviettes incontinence Eco+ Extra - x10","p":1.64,"img":"https://fd6-photos.leclercdrive.fr/image.ashx?id=2722979&use=l&cat=p&typeid=i","cat":284628},{"id":230754,"n":"Huile solaire Lovea Solaire - SPF30 - 150ml","p":12.13,"u":"80,87 €/L","img":"https://fd6-photos.leclercdrive.fr/image.ashx?id=2723827&use=l&cat=p&typeid=i","cat":325349},{"id":230781,"n":"Chips Street food Vico Saveur poulet Tex Mex - 120g","p":1.36,"u":"11,33 €/KG","img":"https://fd6-photos.leclercdrive.fr/image.ashx?id=3000099&use=l&cat=p&typeid=i","cat":284447},{"id":230830,"n":"Crackers Belin Monaco Emmental 110g","p":1.36,"u":"12,36 €/KG","img":"https://fd6-photos.leclercdrive.fr/image.ashx?id=3002228&use=l&cat=p&typeid=i","cat":297000},{"id":230855,"n":"Crackers Belin Feuilleté Emmental 95g","p":1.42,"u":"14,95 €/KG","img":"https://fd6-photos.leclercdrive.fr/image.ashx?id=3005320&use=l&cat=p&typeid=i","cat":297000},{"id":230863,"n":"Crackers Monaco Belin Emmental  170g","p":1.6,"u":"9,41 €/KG","img":"https://fd6-photos.leclercdrive.fr/image.ashx?id=3002231&use=l&cat=p&typeid=i","cat":297000},{"id":230937,"n":"Panés végétal Better Balance 160g","p":2.85,"u":"17,81 €/KG","img":"https://fd6-photos.leclercdrive.fr/image.ashx?id=2866136&use=l&cat=p&typeid=i","cat":316036},{"id":231020,"n":"Tube harissa El Manar - 70g","p":0.72,"u":"10,29 €/KG","img":"https://fd6-photos.leclercdrive.fr/image.ashx?id=2725810&use=l&cat=p&typeid=i","cat":289013},{"id":231048,"n":"Yaourts brassés bio pêche Les 2 Vaches - 4x115g","p":2.01,"u":"4,37 €/KG","img":"https://fd6-photos.leclercdrive.fr/image.ashx?id=2725714&use=l&cat=p&typeid=i","cat":284410},{"id":231053,"n":"Saucisson sec Cochonou  -25% de sel 32 tranches - 100g","p":1.88,"u":"18,80 €/KG","img":"https://fd6-photos.leclercdrive.fr/image.ashx?id=2833633&use=l&cat=p&typeid=i","cat":316007},{"id":231193,"n":"Jus de citron Andros 1L + 15% offert","p":2.19,"u":"1,90 €/L","img":"https://fd6-photos.leclercdrive.fr/image.ashx?id=2921349&use=l&cat=p&typeid=i","cat":285435},{"id":231201,"n":"Lessive liquide X-tra Total Savon de Marseille x44 - 1.98L","p":7.73,"u":"3,90 €/L","img":"https://fd6-photos.leclercdrive.fr/image.ashx?id=2890631&use=l&cat=p&typeid=i","cat":284640},{"id":231203,"n":"Lessive liquide Super Croix  X-tra Japon x42- 1.89L","p":9.98,"u":"5,28 €/L","img":"https://fd6-photos.leclercdrive.fr/image.ashx?id=2876272&use=l&cat=p&typeid=i","cat":284640},{"id":231205,"n":"Lessive liquide X-tra Total  Déo fraîcheur givré x40 - 1.80L","p":9.01,"u":"5,01 €/L","img":"https://fd6-photos.leclercdrive.fr/image.ashx?id=2936131&use=l&cat=p&typeid=i","cat":284640},{"id":231226,"n":"Doonuts nappés St Michel 8+4 offerts - 360g","p":2.35,"u":"6,53 €/KG","img":"https://fd6-photos.leclercdrive.fr/image.ashx?id=2936308&use=l&cat=p&typeid=i","cat":284495},{"id":231254,"n":"Bonbons Asti Pik Haribo  180g","p":1.72,"u":"9,56 €/KG","img":"https://fd6-photos.leclercdrive.fr/image.ashx?id=2984967&use=l&cat=p&typeid=i","cat":304250},{"id":231282,"n":"Chips Street food Vico  Saveur tzatziki - 120g","p":1.33,"u":"11,08 €/KG","img":"https://fd6-photos.leclercdrive.fr/image.ashx?id=2985192&use=l&cat=p&typeid=i","cat":284447},{"id":231362,"n":"Barquettes de terrine Cesar Bio Natural Goodness - 100g","p":0.92,"u":"9,20 €/KG","img":"https://fd6-photos.leclercdrive.fr/image.ashx?id=2728657&use=l&cat=p&typeid=i","cat":284673},{"id":231364,"n":"Barquettes terrine Cesar Bio Natural Goodness - 100g","p":0.93,"u":"9,30 €/KG","img":"https://fd6-photos.leclercdrive.fr/image.ashx?id=2728654&use=l&cat=p&typeid=i","cat":284673},{"id":231368,"n":"Capsules café L'Or Espresso Supremo N°10 x30","p":9.14,"u":"58,59 €/KG","img":"https://fd6-photos.leclercdrive.fr/image.ashx?id=2788052&use=l&cat=p&typeid=i","cat":284749},{"id":231369,"n":"Capsules café L'Or Espresso Splendente N°7 x30","p":9.02,"u":"57,82 €/KG","img":"https://fd6-photos.leclercdrive.fr/image.ashx?id=2728846&use=l&cat=p&typeid=i","cat":284749},{"id":231370,"n":"Capsules café L'Or Espresso Ristretto N°11 x30","p":9.03,"u":"57,88 €/KG","img":"https://fd6-photos.leclercdrive.fr/image.ashx?id=2728843&use=l&cat=p&typeid=i","cat":284749},{"id":231371,"n":"Capsules café L'Or Espresso Forza N°9 x30","p":9.09,"u":"58,27 €/KG","img":"https://fd6-photos.leclercdrive.fr/image.ashx?id=3000468&use=l&cat=p&typeid=i","cat":284749},{"id":231372,"n":"Capsules café L'Or Espresso Delizioso N°5 x30","p":9.09,"u":"58,27 €/KG","img":"https://fd6-photos.leclercdrive.fr/image.ashx?id=2851345&use=l&cat=p&typeid=i","cat":284749},{"id":231375,"n":"Fromage Carré Eco+ 25%MG - 200g","p":1.56,"u":"7,80 €/KG","img":"https://fd6-photos.leclercdrive.fr/image.ashx?id=2728047&use=l&cat=p&typeid=i","cat":314033},{"id":231402,"n":"Chips Paysannes Pom'Lisse Lardon oignon - 135g","p":1.29,"u":"9,56 €/KG","img":"https://fd6-photos.leclercdrive.fr/image.ashx?id=2919538&use=l&cat=p&typeid=i","cat":284447},{"id":231403,"n":"Chips sel & vinaigre Pom'Lisse 135g","p":1.09,"u":"8,07 €/KG","img":"https://fd6-photos.leclercdrive.fr/image.ashx?id=2919670&use=l&cat=p&typeid=i","cat":284447},{"id":231570,"n":"Badoit bulles de fruits rouges 1l","p":1.6,"u":"1,60 €/L","img":"https://fd6-photos.leclercdrive.fr/image.ashx?id=2964676&use=l&cat=p&typeid=i","cat":284536},{"id":231657,"n":"Tablettes lave-vaisselle Finish Power Plus - x35","p":7.85,"u":"14,02 €/KG","img":"https://fd6-photos.leclercdrive.fr/image.ashx?id=2749431&use=l&cat=p&typeid=i","cat":284656},{"id":231660,"n":"Lessive liquide Super Croix  X-tra Maroc x42 - 1.890L","p":9.58,"u":"5,07 €/L","img":"https://fd6-photos.leclercdrive.fr/image.ashx?id=2876275&use=l&cat=p&typeid=i","cat":284640},{"id":231704,"n":"Lessive multi-usages St Marc  à la Résine de pin - 1,4kg","p":4.52,"u":"3,23 €/KG","img":"https://fd6-photos.leclercdrive.fr/image.ashx?id=2884645&use=l&cat=p&typeid=i","cat":325365},{"id":231706,"n":"Capsules lave-vaisselle Finish  Ultimate Citron - x42","p":8.79,"u":"16,22 €/KG","img":"https://fd6-photos.leclercdrive.fr/image.ashx?id=2749446&use=l&cat=p&typeid=i","cat":284656},{"id":231707,"n":"Capsules lave-vaisselle Finish  Ultimate - x42","p":8.79,"u":"15,48 €/KG","img":"https://fd6-photos.leclercdrive.fr/image.ashx?id=2749443&use=l&cat=p&typeid=i","cat":284656},{"id":231708,"n":"Capsules lave-vaisselle Finish  Quantum - x46","p":8.79,"u":"18,39 €/KG","img":"https://fd6-photos.leclercdrive.fr/image.ashx?id=2749440&use=l&cat=p&typeid=i","cat":284656},{"id":231709,"n":"Capsules lave-vaisselle Finish Ultimate Plus Citron - x35","p":9.47,"u":"22,18 €/KG","img":"https://fd6-photos.leclercdrive.fr/image.ashx?id=2749437&use=l&cat=p&typeid=i","cat":284656},{"id":231710,"n":"Capsules lave-vaisselle Finish Ultimate Plus - x35","p":8.97,"u":"21,01 €/KG","img":"https://fd6-photos.leclercdrive.fr/image.ashx?id=2749434&use=l&cat=p&typeid=i","cat":284656},{"id":231712,"n":"Tablettes lave-vaisselle Finish Power Plus - x54","p":8.79,"u":"10,17 €/KG","img":"https://fd6-photos.leclercdrive.fr/image.ashx?id=2749425&use=l&cat=p&typeid=i","cat":284656},{"id":231713,"n":"Spray nettoyant Cillit Bang Expert crasse & calcaire 750ml","p":3.52,"u":"4,69 €/L","img":"https://fd6-photos.leclercdrive.fr/image.ashx?id=2839755&use=l&cat=p&typeid=i","cat":325362},{"id":231714,"n":"Spray nettoyant Cillit Bang  Expert Anti-moisissures - 750ml","p":3.35,"u":"4,47 €/L","img":"https://fd6-photos.leclercdrive.fr/image.ashx?id=2790114&use=l&cat=p&typeid=i","cat":325357},{"id":231715,"n":"Spray nettoyant Cillit Bang  Expert Javel - 750ml","p":3.57,"u":"4,76 €/L","img":"https://fd6-photos.leclercdrive.fr/image.ashx?id=2793653&use=l&cat=p&typeid=i","cat":325357},{"id":231717,"n":"ST MARC Liquide Nettoyant Multi Usages Côtes Bretonnes - 1L","p":2.36,"u":"2,36 €/L","img":"https://fd6-photos.leclercdrive.fr/image.ashx?id=2859074&use=l&cat=p&typeid=i","cat":284907},{"id":231719,"n":"Lessive capsules Super Croix X-tra Bora Bora x28  - 336g","p":7.77,"u":"23,13 €/KG","img":"https://fd6-photos.leclercdrive.fr/image.ashx?id=2876284&use=l&cat=p&typeid=i","cat":284641},{"id":231827,"n":"Lessive Supercroix triocaps Maroc - x40 - 28 +12 offertes","p":8.99,"u":"18,73 €/KG","img":"https://fd6-photos.leclercdrive.fr/image.ashx?id=2941556&use=l&cat=p&typeid=i","cat":284641},{"id":231828,"n":"Lessive Supercroix triocaps Bora bora - x40 - 28 + 12offert","p":8.25,"u":"17,19 €/KG","img":"https://fd6-photos.leclercdrive.fr/image.ashx?id=2740574&use=l&cat=p&typeid=i","cat":284641},{"id":231923,"n":"Liquide vaisselle Maison Verte  Dégraissant, écologique - 500ml","p":1.8,"u":"3,60 €/L","img":"https://fd6-photos.leclercdrive.fr/image.ashx?id=2890619&use=l&cat=p&typeid=i","cat":284655},{"id":232039,"n":"Lessive liquide couleurs Mir Explosion floral - 1.35L - x27","p":6.85,"u":"5,07 €/L","img":"https://fd6-photos.leclercdrive.fr/image.ashx?id=2972940&use=l&cat=p&typeid=i","cat":284640},{"id":232043,"n":"Lessive liquide X-tra Total 4+1 - Ecopack - 1.26L - x28","p":5.46,"u":"4,33 €/L","img":"https://fd6-photos.leclercdrive.fr/image.ashx?id=2890637&use=l&cat=p&typeid=i","cat":284640},{"id":232112,"n":"Bâtonnets Magnum 3 variétés x8 - 572g","p":5.74,"u":"10,03 €/KG","img":"https://fd6-photos.leclercdrive.fr/image.ashx?id=3009308&use=l&cat=p&typeid=i","cat":284265},{"id":232150,"n":"Lessive liquide Mir Couleurs  Raviveur couleurs x27 - 1.35L","p":6.42,"u":"4,76 €/L","img":"https://fd6-photos.leclercdrive.fr/image.ashx?id=2744034&use=l&cat=p&typeid=i","cat":284644},{"id":232183,"n":"Liquide vaisselle Mir  Dégraissant citron - 450ml","p":1.88,"u":"4,18 €/L","img":"https://fd6-photos.leclercdrive.fr/image.ashx?id=2744028&use=l&cat=p&typeid=i","cat":284655},{"id":232186,"n":"Liquide vaisselle Mir  Dégraissant orange - 450ml","p":2.07,"u":"4,60 €/L","img":"https://fd6-photos.leclercdrive.fr/image.ashx?id=2874907&use=l&cat=p&typeid=i","cat":284655},{"id":232193,"n":"Liquide vaisselle Mir vinaigre Pamplemousse dégraissant -450ml","p":1.8,"u":"4,00 €/L","img":"https://fd6-photos.leclercdrive.fr/image.ashx?id=2889346&use=l&cat=p&typeid=i","cat":284655},{"id":232195,"n":"Liquide vaisselle Mir  Peau sensible aloe vera - 450ml","p":1.89,"u":"4,20 €/L","img":"https://fd6-photos.leclercdrive.fr/image.ashx?id=2874904&use=l&cat=p&typeid=i","cat":284655},{"id":232230,"n":"Crème visage Mixa Expert Anti-tâches SPF20 - 50ml","p":9.91,"u":"198,20 €/L","img":"https://fd6-photos.leclercdrive.fr/image.ashx?id=2770551&use=l&cat=p&typeid=i","cat":325345},{"id":232231,"n":"Nettoyant confort visage Mixa Anti-secheresse - 150ml","p":5.67,"u":"37,80 €/L","img":"https://fd6-photos.leclercdrive.fr/image.ashx?id=2744171&use=l&cat=p&typeid=i","cat":284603},{"id":232233,"n":"Gelée matifiante visage Mixa Anti-imperfections - 50ml","p":9.47,"u":"189,40 €/L","img":"https://fd6-photos.leclercdrive.fr/image.ashx?id=2770554&use=l&cat=p&typeid=i","cat":325345},{"id":232237,"n":"Nettoyant confort visage Mixa Anti-imperfection - 150ml","p":5.52,"u":"36,80 €/L","img":"https://fd6-photos.leclercdrive.fr/image.ashx?id=2744168&use=l&cat=p&typeid=i","cat":284603},{"id":232275,"n":"Bain de bouche Colgate Max Fraîcheur intense - 500ml","p":4.28,"u":"8,56 €/L","img":"https://fd6-photos.leclercdrive.fr/image.ashx?id=2745433&use=l&cat=p&typeid=i","cat":284613},{"id":232299,"n":"Bande de cire visage Nair Kit Caresse - x20","p":4.11,"img":"https://fd6-photos.leclercdrive.fr/image.ashx?id=2903236&use=l&cat=p&typeid=i","cat":325351},{"id":232304,"n":"Brosse à dent Signal  Integral 8 - Souple - x1","p":1.85,"img":"https://fd6-photos.leclercdrive.fr/image.ashx?id=2772539&use=l&cat=p&typeid=i","cat":284614},{"id":232305,"n":"Brosse à dent Signal Triple action - Souple - x4","p":1.52,"img":"https://fd6-photos.leclercdrive.fr/image.ashx?id=2745871&use=l&cat=p&typeid=i","cat":284614},{"id":232309,"n":"Bloc WC Fresh Disc Canard Citron vert - 1x36ml","p":3.31,"img":"https://fd6-photos.leclercdrive.fr/image.ashx?id=2745769&use=l&cat=p&typeid=i","cat":284662},{"id":232315,"n":"Nettoyant Steradent Pureté active - x36","p":2.84,"img":"https://fd6-photos.leclercdrive.fr/image.ashx?id=2745604&use=l&cat=p&typeid=i","cat":285158},{"id":232319,"n":"Tablettes lave-vaisselle Sun Tout-en-1 - x24 -396g","p":6.21,"u":"15,68 €/KG","img":"https://fd6-photos.leclercdrive.fr/image.ashx?id=2760543&use=l&cat=p&typeid=i","cat":284656},{"id":232341,"n":"Bloc WC Canard Fresh Disc Fraîcheur marine - 36ml","p":2.44,"img":"https://fd6-photos.leclercdrive.fr/image.ashx?id=2747691&use=l&cat=p&typeid=i","cat":284662},{"id":232348,"n":"Perles de linge Soupline Lavande - 230g","p":5.99,"u":"26,04 €/KG","img":"https://fd6-photos.leclercdrive.fr/image.ashx?id=2745835&use=l&cat=p&typeid=i","cat":325302},{"id":232367,"n":"Déodorant spray homme Axe Black Vanilla 72h - 150ml","p":4.14,"u":"27,60 €/L","img":"https://fd6-photos.leclercdrive.fr/image.ashx?id=2910237&use=l&cat=p&typeid=i","cat":284618},{"id":232369,"n":"Bain de bouche Colgate Max Fresh Protection complète 500ml","p":3.26,"u":"6,52 €/L","img":"https://fd6-photos.leclercdrive.fr/image.ashx?id=2747178&use=l&cat=p&typeid=i","cat":284613},{"id":232375,"n":"Déodorant stick homme Rexona Anti-transpirant - 45ml","p":5.06,"u":"112,44 €/L","img":"https://fd6-photos.leclercdrive.fr/image.ashx?id=2747166&use=l&cat=p&typeid=i","cat":284618},{"id":232519,"n":"Pâtes Barilla Risoni - 500g","p":1.3,"u":"2,60 €/KG","img":"https://fd6-photos.leclercdrive.fr/image.ashx?id=2748665&use=l&cat=p&typeid=i","cat":284427},{"id":232567,"n":"Barre snack Lindahls Protein  Chocolat - 3x40g","p":2.39,"u":"19,92 €/KG","img":"https://fd6-photos.leclercdrive.fr/image.ashx?id=2748656&use=l&cat=p&typeid=i","cat":284419},{"id":232701,"n":"Thon au naturel Petit Navire  93g","p":1.66,"u":"17,85 €/KG","img":"https://fd6-photos.leclercdrive.fr/image.ashx?id=2748101&use=l&cat=p&typeid=i","cat":303867},{"id":232725,"n":"AOP Alsace Sylvaner Sec - 2023 Arthur Metz - 75cl","p":6.95,"u":"9,27 €/L","img":"https://fd6-photos.leclercdrive.fr/image.ashx?id=2968874&use=l&cat=p&typeid=i","cat":289557},{"id":232740,"n":"Chips Tuiles Pringles HOT Barbecue Ribs - 160g","p":1.99,"u":"12,44 €/KG","img":"https://fd6-photos.leclercdrive.fr/image.ashx?id=2749506&use=l&cat=p&typeid=i","cat":287899},{"id":232768,"n":"Skyr à boire Danone Fruits exotiques 270g","p":1.67,"u":"6,19 €/KG","img":"https://fd6-photos.leclercdrive.fr/image.ashx?id=2748784&use=l&cat=p&typeid=i","cat":284415},{"id":232769,"n":"Skyr à boire Danone Fruits rouges 270g","p":1.75,"u":"6,48 €/KG","img":"https://fd6-photos.leclercdrive.fr/image.ashx?id=2748787&use=l&cat=p&typeid=i","cat":284415},{"id":232770,"n":"Skyr à boire Danone Vanille 270g","p":1.63,"u":"6,04 €/KG","img":"https://fd6-photos.leclercdrive.fr/image.ashx?id=2817332&use=l&cat=p&typeid=i","cat":284415},{"id":232773,"n":"Boisson lactée chocolatée  Nesquik Shake - 240ml","p":1.55,"u":"6,46 €/L","img":"https://fd6-photos.leclercdrive.fr/image.ashx?id=2749536&use=l&cat=p&typeid=i","cat":295246},{"id":232839,"n":"Gel déboucheur Destop  Turbo 5 min - 4 doses - 1L","p":7.2,"u":"7,20 €/L","img":"https://fd6-photos.leclercdrive.fr/image.ashx?id=2976032&use=l&cat=p&typeid=i","cat":284908},{"id":232840,"n":"Gel déboucheur Destop  Turbo 5 min - 2 doses - 500ml","p":4.05,"u":"8,10 €/L","img":"https://fd6-photos.leclercdrive.fr/image.ashx?id=2976029&use=l&cat=p&typeid=i","cat":284908},{"id":232945,"n":"Kéfir à boire Activia  Myrtille - 280g","p":1.67,"u":"5,96 €/KG","img":"https://fd6-photos.leclercdrive.fr/image.ashx?id=2983012&use=l&cat=p&typeid=i","cat":284415},{"id":232949,"n":"Cottage cheese Danone Nature x2 - 360g","p":3.77,"u":"10,47 €/KG","img":"https://fd6-photos.leclercdrive.fr/image.ashx?id=2915694&use=l&cat=p&typeid=i","cat":314029},{"id":232963,"n":"Yaourt à boire Hipro+ Cafe latte - 345g","p":2.73,"u":"7,91 €/KG","img":"https://fd6-photos.leclercdrive.fr/image.ashx?id=2807450&use=l&cat=p&typeid=i","cat":284415},{"id":232969,"n":"Gel douche Sanex Essentials Zéro% - Peau sensibles - 475ml","p":4.67,"u":"9,83 €/L","img":"https://fd6-photos.leclercdrive.fr/image.ashx?id=2751375&use=l&cat=p&typeid=i","cat":284594},{"id":232971,"n":"Râpe Scholl Manuelle Nanofile - x1","p":7.99,"img":"https://fd6-photos.leclercdrive.fr/image.ashx?id=2990958&use=l&cat=p&typeid=i","cat":323852},{"id":232972,"n":"Gel Douche Homme Nivea Men 3 en 1 Réveil Express - 250ml","p":1.78,"u":"7,12 €/L","img":"https://fd6-photos.leclercdrive.fr/image.ashx?id=2985459&use=l&cat=p&typeid=i","cat":284619},{"id":232980,"n":"Bougie Glade Aromatherapy Lavande & bois de santal - x1","p":6.97,"img":"https://fd6-photos.leclercdrive.fr/image.ashx?id=2867722&use=l&cat=p&typeid=i","cat":284666},{"id":232982,"n":"Bougie Glade Vanille - 112g","p":4.32,"img":"https://fd6-photos.leclercdrive.fr/image.ashx?id=2751285&use=l&cat=p&typeid=i","cat":284666},{"id":232985,"n":"Bougie Glade Honey & Chocolate - x1","p":3.86,"img":"https://fd6-photos.leclercdrive.fr/image.ashx?id=2865437&use=l&cat=p&typeid=i","cat":284666},{"id":232989,"n":"Spray nettoyant Cillit Bang  Expert Dégraissant - 750ml","p":3.6,"img":"https://fd6-photos.leclercdrive.fr/image.ashx?id=2751222&use=l&cat=p&typeid=i","cat":325357},{"id":232991,"n":"Déodorant Eco+ Floral - 200ml","p":0.87,"u":"4,35 €/L","img":"https://fd6-photos.leclercdrive.fr/image.ashx?id=2750270&use=l&cat=p&typeid=i","cat":284595},{"id":232994,"n":"Gel Lubrifiant Intime Intimy Fleur de coton - 70ml","p":5.53,"u":"79,00 €/L","img":"https://fd6-photos.leclercdrive.fr/image.ashx?id=2774957&use=l&cat=p&typeid=i","cat":285160},{"id":233001,"n":"Gel Lubrifiant Durex Naturel Hydratant - 100ML","p":8.08,"u":"80,80 €/L","img":"https://fd6-photos.leclercdrive.fr/image.ashx?id=2962026&use=l&cat=p&typeid=i","cat":285160},{"id":233119,"n":"Brossettes oral-B Sensitive - x8","p":34.99,"u":"4,37 €/P","img":"https://fd6-photos.leclercdrive.fr/image.ashx?id=2757488&use=l&cat=p&typeid=i","cat":297133},{"id":233137,"n":"Masque cheveux Fructis Réparateur - Papaye - 320ml","p":5.94,"u":"18,56 €/L","img":"https://fd6-photos.leclercdrive.fr/image.ashx?id=2754036&use=l&cat=p&typeid=i","cat":284608},{"id":233153,"n":"Masque cheveux Fructis Nutrition Beurre de cacao 320ml","p":5.96,"u":"18,63 €/L","img":"https://fd6-photos.leclercdrive.fr/image.ashx?id=2788763&use=l&cat=p&typeid=i","cat":284608},{"id":233154,"n":"Masque cheveux Fructis Hydratant - Aloe Vera - 320ml","p":5.94,"u":"18,56 €/L","img":"https://fd6-photos.leclercdrive.fr/image.ashx?id=2754048&use=l&cat=p&typeid=i","cat":284608},{"id":233257,"n":"Jus de fruits Cidou Ananas Coco Passion - 1L","p":1.85,"u":"1,85 €/L","img":"https://fd6-photos.leclercdrive.fr/image.ashx?id=2753184&use=l&cat=p&typeid=i","cat":284916},{"id":233261,"n":"Jus de fruits Cidou Pomme Fraise - 1L","p":1.85,"u":"1,85 €/L","img":"https://fd6-photos.leclercdrive.fr/image.ashx?id=2753193&use=l&cat=p&typeid=i","cat":284522},{"id":233280,"n":"Nouilles Tables du Monde Boeuf - 3x65g","p":1.25,"u":"6,41 €/KG","img":"https://fd6-photos.leclercdrive.fr/image.ashx?id=2752545&use=l&cat=p&typeid=i","cat":288992},{"id":233325,"n":"Bâtonnets Magnum Amande x6 - 450g","p":3.96,"u":"8,80 €/KG","img":"https://fd6-photos.leclercdrive.fr/image.ashx?id=2754483&use=l&cat=p&typeid=i","cat":284265},{"id":233326,"n":"Bâtonnets Magnum Amande Chocolat Blanc x6 432g","p":4.08,"u":"9,44 €/KG","img":"https://fd6-photos.leclercdrive.fr/image.ashx?id=2754486&use=l&cat=p&typeid=i","cat":284265},{"id":233327,"n":"Bâtonnets Magnum Chocolat blanc x6 - 441g","p":4.01,"u":"9,09 €/KG","img":"https://fd6-photos.leclercdrive.fr/image.ashx?id=3009290&use=l&cat=p&typeid=i","cat":284265},{"id":233413,"n":"Cahier spirale Esquisse Multicoloris 100 pages-24x32cm","p":3.19,"img":"https://fd6-photos.leclercdrive.fr/image.ashx?id=2754937&use=l&cat=p&typeid=i","cat":284697},{"id":233414,"n":"Ciseaux gaucher Esquissse Multicoloris - 13cm","p":0.89,"img":"https://fd6-photos.leclercdrive.fr/image.ashx?id=2754916&use=l&cat=p&typeid=i","cat":334133},{"id":233436,"n":"Coquille St-Jacques et fruits  de mer Eco+ 360g","p":3.97,"u":"11,03 €/KG","img":"https://fd6-photos.leclercdrive.fr/image.ashx?id=2754249&use=l&cat=p&typeid=i","cat":319787},{"id":233443,"n":"Escalopes de dinde Eco+ x5 - 600g","p":5.98,"u":"9,97 €/KG","img":"https://fd6-photos.leclercdrive.fr/image.ashx?id=2759187&use=l&cat=p&typeid=i","cat":284337},{"id":233473,"n":"Bière blonde Leffe Prestige 124 8,5% - 75cl","p":4.1,"u":"5,47 €/L","img":"https://fd6-photos.leclercdrive.fr/image.ashx?id=2755816&use=l&cat=p&typeid=i","cat":334852},{"id":233491,"n":"Boisson au jus Pago Fruit du dragon Goyave - 75cl","p":2.15,"u":"2,87 €/L","img":"https://fd6-photos.leclercdrive.fr/image.ashx?id=2964357&use=l&cat=p&typeid=i","cat":284916},{"id":233611,"n":"Mousseline au saumon Révélation Purina Gourmet - 4x57g","p":3.05,"u":"13,38 €/KG","img":"https://fd6-photos.leclercdrive.fr/image.ashx?id=2757812&use=l&cat=p&typeid=i","cat":285286},{"id":233612,"n":"Thé glacé Lipton Ice Tea Pêche - 5x1.25L + 1 offerte","p":7.44,"u":"29,76 €/L","img":"https://fd6-photos.leclercdrive.fr/image.ashx?id=2921100&use=l&cat=p&typeid=i","cat":295019},{"id":233632,"n":"Shampooing Le Petit Marseillais Douceur & éclat - 300ml","p":2.44,"u":"8,13 €/MT","img":"https://fd6-photos.leclercdrive.fr/image.ashx?id=2758111&use=l&cat=p&typeid=i","cat":284606},{"id":233644,"n":"Escalopes de dinde Eco+ x2 - 240g","p":2.99,"u":"12,46 €/KG","img":"https://fd6-photos.leclercdrive.fr/image.ashx?id=2764797&use=l&cat=p&typeid=i","cat":284337},{"id":233645,"n":"Café Soluble Starbucks Caramel Latte 5 sticks - 115g","p":2.88,"u":"25,04 €/KG","img":"https://fd6-photos.leclercdrive.fr/image.ashx?id=2766099&use=l&cat=p&typeid=i","cat":284843},{"id":233755,"n":"Infusion à froid Tiséa  Pêche x15 - 33g","p":1.89,"u":"57,27 €/KG","img":"https://fd6-photos.leclercdrive.fr/image.ashx?id=2929888&use=l&cat=p&typeid=i","cat":293234},{"id":233756,"n":"Riz long grain Taureau Ailé Méditerranée - 800g","p":2.26,"u":"2,83 €/KG","img":"https://fd6-photos.leclercdrive.fr/image.ashx?id=2866801&use=l&cat=p&typeid=i","cat":284428},{"id":233769,"n":"Dentifrice Oral-B 3D White Artic Fresh - 2x75ml","p":5.71,"u":"38,07 €/L","img":"https://fd6-photos.leclercdrive.fr/image.ashx?id=2804586&use=l&cat=p&typeid=i","cat":284612},{"id":233874,"n":"Boisson Alpro café avoine 750ml","p":1.9,"u":"2,53 €/L","img":"https://fd6-photos.leclercdrive.fr/image.ashx?id=2975416&use=l&cat=p&typeid=i","cat":313736},{"id":233886,"n":"Dosettes café Senseo Cappuccino x8","p":3.17,"u":"34,46 €/KG","img":"https://fd6-photos.leclercdrive.fr/image.ashx?id=2760187&use=l&cat=p&typeid=i","cat":293238},{"id":233947,"n":"Lessive capsules 3en1 Omo Rose & Lilas Blanc - 502g x29","p":8.39,"u":"16,71 €/KG","img":"https://fd6-photos.leclercdrive.fr/image.ashx?id=2841610&use=l&cat=p&typeid=i","cat":284641},{"id":233953,"n":"Lessive liquide Skip Cycle  Court Efficacité Express x37","p":10.28,"u":"6,95 €/L","img":"https://fd6-photos.leclercdrive.fr/image.ashx?id=2910240&use=l&cat=p&typeid=i","cat":284640},{"id":233955,"n":"Lessive liquide Skip Cycle Court Odeur Control x37","p":13.02,"u":"8,80 €/L","img":"https://fd6-photos.leclercdrive.fr/image.ashx?id=2927735&use=l&cat=p&typeid=i","cat":284640},{"id":233956,"n":"Lessive liquide Omo Rose & Lilas Blanc - 1.76L","p":9.61,"u":"5,45 €/L","img":"https://fd6-photos.leclercdrive.fr/image.ashx?id=2818208&use=l&cat=p&typeid=i","cat":284640},{"id":233963,"n":"Lessive liquide Skip Cycle Court Couleur Protect x37","p":11.52,"u":"7,78 €/L","img":"https://fd6-photos.leclercdrive.fr/image.ashx?id=2910246&use=l&cat=p&typeid=i","cat":284640},{"id":233984,"n":"Nouilles instantanées Daisuki Curry Pirikara - 61g","p":1.77,"u":"29,02 €/KG","img":"https://fd6-photos.leclercdrive.fr/image.ashx?id=2762007&use=l&cat=p&typeid=i","cat":288992},{"id":233985,"n":"Nouilles instantanées Daisuki Boeuf Gyudon - 60g","p":1.77,"u":"29,50 €/KG","img":"https://fd6-photos.leclercdrive.fr/image.ashx?id=2762004&use=l&cat=p&typeid=i","cat":288992},{"id":234147,"n":"Mascara Maybelline  Fire Work Sensationnal - x1","p":8.95,"pp":5.91,"img":"https://fd6-photos.leclercdrive.fr/image.ashx?id=2826459&use=l&cat=p&typeid=i","cat":287029},{"id":234148,"n":"Shampooing Elsève Fibralogy Volume - 350ml","p":4.36,"u":"12,46 €/L","img":"https://fd6-photos.leclercdrive.fr/image.ashx?id=2828028&use=l&cat=p&typeid=i","cat":284606},{"id":234150,"n":"Crème de douche Cadum Douceur velours - 450ml","p":2.93,"u":"6,51 €/L","img":"https://fd6-photos.leclercdrive.fr/image.ashx?id=2802518&use=l&cat=p&typeid=i","cat":284594},{"id":234151,"n":"Déodorant bille Narta  Resixyl 72h - 50ml","p":4.44,"u":"88,80 €/L","img":"https://fd6-photos.leclercdrive.fr/image.ashx?id=2769017&use=l&cat=p&typeid=i","cat":284595},{"id":234152,"n":"Déodorant bille Ushuaïa Monoï & tiaré - 50ml","p":2.74,"u":"54,80 €/L","img":"https://fd6-photos.leclercdrive.fr/image.ashx?id=2769020&use=l&cat=p&typeid=i","cat":284595},{"id":234155,"n":"Déodorant bille femme Ushuaïa Grenade açores - 50ml","p":2.74,"u":"54,80 €/L","img":"https://fd6-photos.leclercdrive.fr/image.ashx?id=2789092&use=l&cat=p&typeid=i","cat":284595},{"id":234156,"n":"Déodorant bille Ushuaïa Vanille - 50ml","p":2.74,"u":"54,80 €/L","img":"https://fd6-photos.leclercdrive.fr/image.ashx?id=2769023&use=l&cat=p&typeid=i","cat":284595},{"id":234157,"n":"Déodorant spray Ushuaïa Grenade - 200ml","p":2.74,"u":"13,70 €/L","img":"https://fd6-photos.leclercdrive.fr/image.ashx?id=2769026&use=l&cat=p&typeid=i","cat":284595},{"id":234158,"n":"Déodorant spray Ushuaïa Orchidée - 200ml","p":2.74,"u":"13,70 €/L","img":"https://fd6-photos.leclercdrive.fr/image.ashx?id=2769029&use=l&cat=p&typeid=i","cat":284595},{"id":234159,"n":"Déodorant spray Ushuaïa Vanille - 200ml","p":2.74,"u":"13,70 €/L","img":"https://fd6-photos.leclercdrive.fr/image.ashx?id=2769032&use=l&cat=p&typeid=i","cat":284595},{"id":234163,"n":"Déodorant compressé Narta Resixyl Physio - 100ml","p":4.85,"u":"48,50 €/L","img":"https://fd6-photos.leclercdrive.fr/image.ashx?id=2778401&use=l&cat=p&typeid=i","cat":284595},{"id":234166,"n":"Déodorant spray homme Narta Resixyl Physio - 200ml","p":5.35,"u":"26,75 €/L","img":"https://fd6-photos.leclercdrive.fr/image.ashx?id=2769044&use=l&cat=p&typeid=i","cat":284596},{"id":234168,"n":"Déodorant bille homme Narta Resixyl Physio - 50ml","p":4.12,"u":"82,40 €/L","img":"https://fd6-photos.leclercdrive.fr/image.ashx?id=2769035&use=l&cat=p&typeid=i","cat":284596},{"id":234169,"n":"Liquide vaiselle Mir Vinaigre Pomme - 450ml + 50% offerts","p":1.99,"u":"2,95 €/L","img":"https://fd6-photos.leclercdrive.fr/image.ashx?id=2765967&use=l&cat=p&typeid=i","cat":284655},{"id":234170,"n":"Liquide vaisselle Mir Aloe vera 450mL + 50% offerts - 675ml","p":1.72,"u":"2,55 €/L","img":"https://fd6-photos.leclercdrive.fr/image.ashx?id=2766292&use=l&cat=p&typeid=i","cat":284655},{"id":234274,"n":"Aérosol Glade huile essentielle  jasmin et bois santal 300ml","p":2.05,"u":"6,83 €/L","img":"https://fd6-photos.leclercdrive.fr/image.ashx?id=2763685&use=l&cat=p&typeid=i","cat":311626},{"id":234290,"n":"KINDER Surprise PLAYMOBIL Chocolat au lait - 3x20g","p":3.21,"u":"53,50 €/KG","img":"https://fd6-photos.leclercdrive.fr/image.ashx?id=2948495&use=l&cat=p&typeid=i","cat":284958},{"id":234291,"n":"KINDER Surprise Natoons Dino Chocolat au lait - 3x20g","p":3.7,"u":"61,67 €/KG","img":"https://fd6-photos.leclercdrive.fr/image.ashx?id=2940537&use=l&cat=p&typeid=i","cat":284958},{"id":234292,"n":"KINDER Surprise Licorne Chocolat au lait - 3x20g","p":3.52,"u":"58,67 €/KG","img":"https://fd6-photos.leclercdrive.fr/image.ashx?id=2883756&use=l&cat=p&typeid=i","cat":284958},{"id":234370,"n":"Cornichons Croq'Vert  Amora Extra-fins aux épices 210g","p":1.85,"u":"8,81 €/KG","img":"https://fd6-photos.leclercdrive.fr/image.ashx?id=2770671&use=l&cat=p&typeid=i","cat":284458},{"id":234375,"n":"Nouilles Tables du Monde Poulet - 3x65g","p":1.39,"u":"7,13 €/KG","img":"https://fd6-photos.leclercdrive.fr/image.ashx?id=2763045&use=l&cat=p&typeid=i","cat":288992},{"id":234520,"n":"Boisson tropical Jafun 1.5L","p":1.59,"u":"1,06 €/L","img":"https://fd6-photos.leclercdrive.fr/image.ashx?id=2913766&use=l&cat=p&typeid=i","cat":295018},{"id":234521,"n":"Boisson Jafun Pomme cassis framboise 1L","p":1.39,"u":"1,39 €/L","img":"https://fd6-photos.leclercdrive.fr/image.ashx?id=2764745&use=l&cat=p&typeid=i","cat":295018},{"id":234607,"n":"Skyr Siggi's  Fraise - 2x140g","p":2.44,"u":"8,71 €/KG","img":"https://fd6-photos.leclercdrive.fr/image.ashx?id=2986146&use=l&cat=p&typeid=i","cat":315000},{"id":234758,"n":"Déodorant spray Rexona Invisible Aqua - 2x100ml","p":5.48,"u":"27,40 €/L","img":"https://fd6-photos.leclercdrive.fr/image.ashx?id=2944506&use=l&cat=p&typeid=i","cat":284595},{"id":234860,"n":"Fromage Mini Caprice Des Dieux Filet de 4 Portions - 200g","p":3.22,"u":"16,10 €/KG","img":"https://fd6-photos.leclercdrive.fr/image.ashx?id=2768933&use=l&cat=p&typeid=i","cat":314033},{"id":234869,"n":"Gâteau moelleux Chocalin Harrys Cacao et Chocolat X10 - 350G","p":3.48,"u":"9,94 €/KG","img":"https://fd6-photos.leclercdrive.fr/image.ashx?id=2962464&use=l&cat=p&typeid=i","cat":284495},{"id":234870,"n":"Gâteaux Choco Mousse Harrys Fourrés au chocolat  X8 - 280G","p":3.16,"u":"11,29 €/KG","img":"https://fd6-photos.leclercdrive.fr/image.ashx?id=2985069&use=l&cat=p&typeid=i","cat":284495},{"id":234873,"n":"Glaçons cubes Eco+ 2kg","p":1.99,"u":"1,00 €/KG","img":"https://fd6-photos.leclercdrive.fr/image.ashx?id=2768758&use=l&cat=p&typeid=i","cat":285987},{"id":234875,"n":"Purée de tomates Heinz x 3 - 212g","p":1.99,"u":"3,13 €/KG","img":"https://fd6-photos.leclercdrive.fr/image.ashx?id=2927004&use=l&cat=p&typeid=i","cat":288384},{"id":234876,"n":"Purée de tomates Heinz - 520g","p":1.18,"u":"2,27 €/KG","img":"https://fd6-photos.leclercdrive.fr/image.ashx?id=2926999&use=l&cat=p&typeid=i","cat":288384},{"id":234959,"n":"Croissants prêts à cuire Eco+ x20 - 1.1kg","p":5.7,"u":"5,18 €/KG","img":"https://fd6-photos.leclercdrive.fr/image.ashx?id=2770286&use=l&cat=p&typeid=i","cat":284267},{"id":234975,"n":"Lessive liquide fraîcheur Bonux 50 lavages - 2.25L","p":8.0,"u":"3,56 €/L","img":"https://fd6-photos.leclercdrive.fr/image.ashx?id=2881996&use=l&cat=p&typeid=i","cat":284640},{"id":235007,"n":"Mais Bio Village  2x140g","p":1.49,"u":"5,32 €/KG","img":"https://fd6-photos.leclercdrive.fr/image.ashx?id=3002722&use=l&cat=p&typeid=i","cat":312611},{"id":235051,"n":"Repas bébé Blédichef 12 mois  Risotto épinards Kiri - 230g","p":2.02,"u":"8,78 €/KG","img":"https://fd6-photos.leclercdrive.fr/image.ashx?id=2852375&use=l&cat=p&typeid=i","cat":312237},{"id":235065,"n":"Repas bébé Blédichef 15 mois  Pâtes poireaux et kiri -250g","p":2.15,"u":"8,60 €/KG","img":"https://fd6-photos.leclercdrive.fr/image.ashx?id=2928420&use=l&cat=p&typeid=i","cat":312238},{"id":235069,"n":"Repas bébé Blédichef 15 mois Lasagnes légumes -230g","p":2.96,"u":"12,87 €/KG","img":"https://fd6-photos.leclercdrive.fr/image.ashx?id=2865632&use=l&cat=p&typeid=i","cat":312238},{"id":235073,"n":"Repas bébé Blédichef 15 mois  Brocolis petits pois  -230g","p":2.68,"u":"13,40 €/KG","img":"https://fd6-photos.leclercdrive.fr/image.ashx?id=2773219&use=l&cat=p&typeid=i","cat":312238},{"id":235078,"n":"Repas bébé Blédichef 15 mois Carottes lentilles corail -200g","p":2.77,"u":"13,85 €/KG","img":"https://fd6-photos.leclercdrive.fr/image.ashx?id=2866304&use=l&cat=p&typeid=i","cat":312238},{"id":235079,"n":"Lait infantile Hipp Biologique Bio Dès 6 mois Combiotic  800g","p":18.21,"u":"22,76 €/KG","img":"https://fd6-photos.leclercdrive.fr/image.ashx?id=2926828&use=l&cat=p&typeid=i","cat":284727},{"id":235123,"n":"Compote Andros Pomme fruits  rouges - 650g","p":2.15,"u":"3,31 €/KG","img":"https://fd6-photos.leclercdrive.fr/image.ashx?id=2866406&use=l&cat=p&typeid=i","cat":284508},{"id":235127,"n":"Biscuits parmesan poivre Savour 100g","p":1.85,"u":"18,50 €/KG","img":"https://fd6-photos.leclercdrive.fr/image.ashx?id=2791048&use=l&cat=p&typeid=i","cat":297000},{"id":235128,"n":"Bloc WC adhésif Harpic Hygienic & Fresh Brise marine x4","p":4.08,"pp":2.45,"u":"0,61 €/P","img":"https://fd6-photos.leclercdrive.fr/image.ashx?id=2775008&use=l&cat=p&typeid=i","cat":284662},{"id":235240,"n":"Pâte à tartiner Andros Be Nut's Beurre cacahuète crémeux - 525g","p":5.13,"u":"9,77 €/KG","img":"https://fd6-photos.leclercdrive.fr/image.ashx?id=2985357&use=l&cat=p&typeid=i","cat":284481},{"id":235241,"n":"Pate à tartiner Bonne Maman Cacahuète et cacao - 560g","p":5.7,"u":"10,18 €/KG","img":"https://fd6-photos.leclercdrive.fr/image.ashx?id=2985360&use=l&cat=p&typeid=i","cat":284481},{"id":235243,"n":"Pate à tartiner Bonne Maman Cacahuète et cacao - 350g","p":3.81,"u":"10,89 €/KG","img":"https://fd6-photos.leclercdrive.fr/image.ashx?id=2986663&use=l&cat=p&typeid=i","cat":284481},{"id":235247,"n":"M&M's Peanut x5 180g","p":1.94,"u":"10,78 €/KG","img":"https://fd6-photos.leclercdrive.fr/image.ashx?id=3009011&use=l&cat=p&typeid=i","cat":304238},{"id":235260,"n":"Pâte Lotus Biscoff Speculoos Creamy - 410g","p":3.05,"u":"7,44 €/KG","img":"https://fd6-photos.leclercdrive.fr/image.ashx?id=2776208&use=l&cat=p&typeid=i","cat":284481},{"id":235271,"n":"Café froid Nescafé Latte  Macchiato - 240ml","p":1.71,"u":"7,13 €/L","img":"https://fd6-photos.leclercdrive.fr/image.ashx?id=2997301&use=l&cat=p&typeid=i","cat":313735},{"id":235318,"n":"Lessive Bonux  50 lavages - 2.25L","p":8.0,"u":"3,56 €/L","img":"https://fd6-photos.leclercdrive.fr/image.ashx?id=2881999&use=l&cat=p&typeid=i","cat":284640},{"id":235349,"n":"Sucre glace Daddy 500g","p":1.75,"u":"3,50 €/KG","img":"https://fd6-photos.leclercdrive.fr/image.ashx?id=2975864&use=l&cat=p&typeid=i","cat":284502},{"id":235364,"n":"Friandises chat Whiskas  Poulet et fromage - 60g","p":1.11,"u":"18,50 €/KG","img":"https://fd6-photos.leclercdrive.fr/image.ashx?id=2976851&use=l&cat=p&typeid=i","cat":285285},{"id":235405,"n":"Friandises chat temptations Whiskas saveur saumon - 60g","p":1.13,"u":"18,83 €/KG","img":"https://fd6-photos.leclercdrive.fr/image.ashx?id=2976854&use=l&cat=p&typeid=i","cat":285285},{"id":235445,"n":"Céréales bébé Blédina  complètes au miel - 70g","p":1.88,"u":"26,86 €/KG","img":"https://fd6-photos.leclercdrive.fr/image.ashx?id=2776826&use=l&cat=p&typeid=i","cat":312225},{"id":235449,"n":"Compote Andros pomme mangue  sans sucres ajoutés - 650g","p":2.01,"u":"3,09 €/KG","img":"https://fd6-photos.leclercdrive.fr/image.ashx?id=2866403&use=l&cat=p&typeid=i","cat":284508},{"id":235636,"n":"Capsules lave-vaisselle Finish Quantum Citron - x46 - 478g","p":8.79,"u":"18,39 €/KG","img":"https://fd6-photos.leclercdrive.fr/image.ashx?id=2780493&use=l&cat=p&typeid=i","cat":284656},{"id":235655,"n":"Cassonade Saint Louis Equitable - 650g","p":2.51,"u":"3,86 €/KG","img":"https://fd6-photos.leclercdrive.fr/image.ashx?id=2780214&use=l&cat=p&typeid=i","cat":284502},{"id":235685,"n":"Lait bébé en poudre Calisma Gallia Croissance 12 mois 830g","p":10.86,"u":"13,08 €/KG","img":"https://fd6-photos.leclercdrive.fr/image.ashx?id=2794274&use=l&cat=p&typeid=i","cat":290219},{"id":235710,"n":"Chapelure Tablier Blanc 400g","p":0.88,"u":"2,20 €/KG","img":"https://fd6-photos.leclercdrive.fr/image.ashx?id=2793335&use=l&cat=p&typeid=i","cat":288382},{"id":235786,"n":"Tablette lave-vaisselle Visior Tout-en-un - x45 - 765g","p":5.27,"u":"6,89 €/KG","img":"https://fd6-photos.leclercdrive.fr/image.ashx?id=2954902&use=l&cat=p&typeid=i","cat":284656},{"id":235793,"n":"Dentifrice Junior Signal Menthe douce - 6-13 ans 75ml","p":2.93,"u":"39,07 €/L","img":"https://fd6-photos.leclercdrive.fr/image.ashx?id=2993502&use=l&cat=p&typeid=i","cat":288898},{"id":235802,"n":"Diffuseur électrique Insectivor Anti-moustique - +1 recharge","p":5.35,"img":"https://fd6-photos.leclercdrive.fr/image.ashx?id=2781004&use=l&cat=p&typeid=i","cat":298368},{"id":235828,"n":"Sac poubelle  Elembal Rectangle coulissant - 40L x 20","p":2.99,"u":"0,15 €/P","img":"https://fd6-photos.leclercdrive.fr/image.ashx?id=2793338&use=l&cat=p&typeid=i","cat":285168},{"id":235831,"n":"Brosse à dent électrique +1 Recharge Active Power","p":14.99,"img":"https://fd6-photos.leclercdrive.fr/image.ashx?id=2781049&use=l&cat=p&typeid=i","cat":297133},{"id":235916,"n":"Bloc WC adhésif Harpic Hygienic Fraîcheur d'agrumes - x4","p":4.2,"pp":2.52,"u":"0,63 €/P","img":"https://fd6-photos.leclercdrive.fr/image.ashx?id=2781576&use=l&cat=p&typeid=i","cat":284662},{"id":236030,"n":"Pizza Crousti Moelleuse Extrême thon - 510g","p":3.96,"u":"7,76 €/KG","img":"https://fd6-photos.leclercdrive.fr/image.ashx?id=2996725&use=l&cat=p&typeid=i","cat":284256},{"id":236050,"n":"Lait bébé en poudre Calisma Gallia Junior Dès 18 mois 830g","p":10.94,"u":"13,18 €/KG","img":"https://fd6-photos.leclercdrive.fr/image.ashx?id=2907860&use=l&cat=p&typeid=i","cat":290219},{"id":236096,"n":"Fromage Fouetté Saint Agur  130g","p":2.59,"u":"19,92 €/KG","img":"https://fd6-photos.leclercdrive.fr/image.ashx?id=2784818&use=l&cat=p&typeid=i","cat":314029},{"id":236221,"n":"Brioche tressée Epi d'or nature - 600g","p":2.09,"u":"3,48 €/KG","img":"https://fd6-photos.leclercdrive.fr/image.ashx?id=2976297&use=l&cat=p&typeid=i","cat":284478},{"id":236231,"n":"Boisson énergisante Crazy Tiger Pomme - 1L","p":1.99,"u":"1,99 €/L","img":"https://fd6-photos.leclercdrive.fr/image.ashx?id=2792729&use=l&cat=p&typeid=i","cat":284533},{"id":236272,"n":"Calendrier de l'Avent Kinder 198g","p":10.97,"u":"55,40 €/KG","img":"https://fd6-photos.leclercdrive.fr/image.ashx?id=2789128&use=l&cat=p&typeid=i","cat":336112},{"id":236311,"n":"Le Burger frites Charal - 240g","p":3.52,"u":"14,67 €/KG","img":"https://fd6-photos.leclercdrive.fr/image.ashx?id=2789808&use=l&cat=p&typeid=i","cat":319822},{"id":236315,"n":"Bière blonde Bellerose 50cl","p":2.15,"u":"4,30 €/L","img":"https://fd6-photos.leclercdrive.fr/image.ashx?id=2790087&use=l&cat=p&typeid=i","cat":334853},{"id":236487,"n":"Bloc WC Canard Fresh Disc Active Eucalyptus - 6x36ml","p":2.96,"u":"13,70 €/L","img":"https://fd6-photos.leclercdrive.fr/image.ashx?id=2791590&use=l&cat=p&typeid=i","cat":284662},{"id":236495,"n":"Pizza Dr.Oetker Ristorante Margherita - 295g","p":2.92,"u":"9,90 €/KG","img":"https://fd6-photos.leclercdrive.fr/image.ashx?id=2993074&use=l&cat=p&typeid=i","cat":284256},{"id":236595,"n":"Fromage rapé Leerdammer  Fruité fondant 150g","p":2.01,"u":"13,40 €/KG","img":"https://fd6-photos.leclercdrive.fr/image.ashx?id=2793578&use=l&cat=p&typeid=i","cat":314035},{"id":236718,"n":"Chocolat Peluche mix Kinder Cerf - 133g","p":12.49,"u":"93,91 €/KG","img":"https://fd6-photos.leclercdrive.fr/image.ashx?id=2798807&use=l&cat=p&typeid=i","cat":327789},{"id":236719,"n":"Chocolat Peluche mix Kinder Loutre - 133g","p":12.49,"u":"93,91 €/KG","img":"https://fd6-photos.leclercdrive.fr/image.ashx?id=2798810&use=l&cat=p&typeid=i","cat":327789},{"id":236720,"n":"Chocolat Peluche mix Kinder Ours - 133g","p":12.49,"u":"93,91 €/KG","img":"https://fd6-photos.leclercdrive.fr/image.ashx?id=2798813&use=l&cat=p&typeid=i","cat":327789},{"id":236721,"n":"Chocolat Peluche mix Kinder Phoque - 133g","p":12.49,"u":"93,91 €/KG","img":"https://fd6-photos.leclercdrive.fr/image.ashx?id=2798816&use=l&cat=p&typeid=i","cat":327789},{"id":236725,"n":"Moulage chocolat Kinder Bonhomme de neige - 35g","p":1.75,"u":"50,00 €/KG","img":"https://fd6-photos.leclercdrive.fr/image.ashx?id=2798819&use=l&cat=p&typeid=i","cat":327592},{"id":236726,"n":"Moulage chocolat Kinder Fille - 35g","p":1.75,"u":"50,00 €/KG","img":"https://fd6-photos.leclercdrive.fr/image.ashx?id=2798822&use=l&cat=p&typeid=i","cat":327592},{"id":236727,"n":"Moulage chocolat Kinder Garçon - 35g","p":1.75,"u":"50,00 €/KG","img":"https://fd6-photos.leclercdrive.fr/image.ashx?id=2798825&use=l&cat=p&typeid=i","cat":327592},{"id":236729,"n":"Moulage chocolat Kinder Pinguoin - 35g","p":1.75,"u":"50,00 €/KG","img":"https://fd6-photos.leclercdrive.fr/image.ashx?id=2798831&use=l&cat=p&typeid=i","cat":327592},{"id":236731,"n":"Traîneau chocolat oeuf Kinder Bleu - 75g","p":3.71,"u":"49,47 €/KG","img":"https://fd6-photos.leclercdrive.fr/image.ashx?id=2798837&use=l&cat=p&typeid=i","cat":327592},{"id":236732,"n":"Traîneau chocolat oeuf Kinder Orange - 75g","p":3.71,"u":"49,47 €/KG","img":"https://fd6-photos.leclercdrive.fr/image.ashx?id=2798840&use=l&cat=p&typeid=i","cat":327592},{"id":236733,"n":"Traîneau chocolat oeuf Kinder Vert - 75g","p":3.71,"u":"49,47 €/KG","img":"https://fd6-photos.leclercdrive.fr/image.ashx?id=2798843&use=l&cat=p&typeid=i","cat":327592},{"id":236734,"n":"Moulage avec surprise Kinder Bonhomme de Neige- 36g","p":2.15,"u":"59,72 €/KG","img":"https://fd6-photos.leclercdrive.fr/image.ashx?id=2798846&use=l&cat=p&typeid=i","cat":327592},{"id":236735,"n":"Moulage avec surprise Kinder Ecureuil- 36g","p":2.15,"u":"59,72 €/KG","img":"https://fd6-photos.leclercdrive.fr/image.ashx?id=2798849&use=l&cat=p&typeid=i","cat":327592},{"id":236736,"n":"Moulage avec surprise Kinder Garçon - 36g","p":2.15,"u":"59,72 €/KG","img":"https://fd6-photos.leclercdrive.fr/image.ashx?id=2798852&use=l&cat=p&typeid=i","cat":327592},{"id":236737,"n":"Moulage avec surprise Kinder Père Noël - 36g","p":2.15,"u":"59,72 €/KG","img":"https://fd6-photos.leclercdrive.fr/image.ashx?id=2798855&use=l&cat=p&typeid=i","cat":327592},{"id":236738,"n":"Moulage avec surprise Kinder Pingouin - 36g","p":2.15,"u":"59,72 €/KG","img":"https://fd6-photos.leclercdrive.fr/image.ashx?id=2798858&use=l&cat=p&typeid=i","cat":327592},{"id":236741,"n":"Oeuf maxi Kinder Surprise Noel - 100g","p":6.52,"u":"65,20 €/KG","img":"https://fd6-photos.leclercdrive.fr/image.ashx?id=2798864&use=l&cat=p&typeid=i","cat":327592},{"id":236764,"n":"Lessive liquide L'Arbre vert 67 lavages - 3.015L","p":10.99,"u":"3,65 €/L","img":"https://fd6-photos.leclercdrive.fr/image.ashx?id=3008545&use=l&cat=p&typeid=i","cat":284640},{"id":236792,"n":"Sucette Fizzy Spirale parfum cerise 40g","p":1.58,"u":"39,50 €/KG","img":"https://fd6-photos.leclercdrive.fr/image.ashx?id=2798945&use=l&cat=p&typeid=i","cat":327592},{"id":236793,"n":"Sucette Fizzy Twist parfum cerise  40g","p":1.58,"u":"39,50 €/KG","img":"https://fd6-photos.leclercdrive.fr/image.ashx?id=2798948&use=l&cat=p&typeid=i","cat":327592},{"id":236794,"n":"Sucette Fizzy  Sapin - parfum cerise  40g","p":1.58,"u":"39,50 €/KG","img":"https://fd6-photos.leclercdrive.fr/image.ashx?id=2798951&use=l&cat=p&typeid=i","cat":327592},{"id":237031,"n":"Peluche Kinder Mix - 133g","p":12.49,"u":"93,91 €/KG","img":"https://fd6-photos.leclercdrive.fr/image.ashx?id=2940285&use=l&cat=p&typeid=i","cat":327789},{"id":237033,"n":"Œuf Maxi Kinder surprise Garçon - 100g","p":6.52,"u":"65,20 €/KG","img":"https://fd6-photos.leclercdrive.fr/image.ashx?id=2940516&use=l&cat=p&typeid=i","cat":327592},{"id":237040,"n":"Boîte Grand assortiment Ferrero Chocolat - x20 - 197g","p":9.89,"u":"50,20 €/KG","img":"https://fd6-photos.leclercdrive.fr/image.ashx?id=2909251&use=l&cat=p&typeid=i","cat":327595},{"id":237042,"n":"Calendrier de l'Avent Kinder 3D train - 226 g","p":12.83,"u":"56,77 €/KG","img":"https://fd6-photos.leclercdrive.fr/image.ashx?id=2797031&use=l&cat=p&typeid=i","cat":336112},{"id":237044,"n":"Calendrier de l'Avent Kinder Pop Up - 123g","p":5.87,"u":"47,72 €/KG","img":"https://fd6-photos.leclercdrive.fr/image.ashx?id=2979273&use=l&cat=p&typeid=i","cat":336112},{"id":237047,"n":"Moulage Kinder Caramel - 110g","p":3.71,"u":"33,73 €/KG","img":"https://fd6-photos.leclercdrive.fr/image.ashx?id=2797013&use=l&cat=p&typeid=i","cat":327592},{"id":237054,"n":"Chaussette Kinder&Co Assortiment chocolat - 212g","p":8.65,"u":"40,80 €/KG","img":"https://fd6-photos.leclercdrive.fr/image.ashx?id=2899755&use=l&cat=p&typeid=i","cat":327592},{"id":237055,"n":"Sac mix Kinder Assortiment chocolat - 223g","p":9.56,"u":"42,87 €/KG","img":"https://fd6-photos.leclercdrive.fr/image.ashx?id=2940534&use=l&cat=p&typeid=i","cat":327592},{"id":237056,"n":"Chocolat Ferrero Collection Grand assortiment x42 - 441g","p":16.85,"u":"38,21 €/KG","img":"https://fd6-photos.leclercdrive.fr/image.ashx?id=2940540&use=l&cat=p&typeid=i","cat":327595},{"id":237057,"n":"Chocolat Ferrero Collection Grand assortiment x43 - 432g","p":16.85,"u":"39,00 €/KG","img":"https://fd6-photos.leclercdrive.fr/image.ashx?id=2940543&use=l&cat=p&typeid=i","cat":327595},{"id":237111,"n":"Cornet Piemonte Hazelnut Creations Chocolat au lait 150g","p":5.98,"u":"39,87 €/KG","img":"https://fd6-photos.leclercdrive.fr/image.ashx?id=2798289&use=l&cat=p&typeid=i","cat":327595},{"id":237112,"n":"Cornet Nocciolata Hazelnut Creations Chocolat au lait 150g","p":6.05,"u":"40,33 €/KG","img":"https://fd6-photos.leclercdrive.fr/image.ashx?id=2798295&use=l&cat=p&typeid=i","cat":327595},{"id":237113,"n":"Cornet Cremino Hazelnut Creations Chocolat au lait 150g","p":6.18,"u":"41,20 €/KG","img":"https://fd6-photos.leclercdrive.fr/image.ashx?id=2798292&use=l&cat=p&typeid=i","cat":327595},{"id":237120,"n":"Père Noël Milka Party mix - 61g","p":3.62,"u":"59,34 €/KG","img":"https://fd6-photos.leclercdrive.fr/image.ashx?id=2796998&use=l&cat=p&typeid=i","cat":327592},{"id":237175,"n":"Sachet cups Riegelein Confiserie de cacao - 200g","p":2.79,"u":"13,95 €/KG","img":"https://fd6-photos.leclercdrive.fr/image.ashx?id=2796956&use=l&cat=p&typeid=i","cat":327592},{"id":237894,"n":"Moulage avec surprise Kinder Pingouin - 36g","p":2.15,"u":"59,72 €/KG","img":"https://fd6-photos.leclercdrive.fr/image.ashx?id=2799032&use=l&cat=p&typeid=i","cat":327592},{"id":237899,"n":"Sac noel Kinder Assortiment chocolat - 223g","p":9.56,"u":"42,87 €/KG","img":"https://fd6-photos.leclercdrive.fr/image.ashx?id=2799047&use=l&cat=p&typeid=i","cat":284958},{"id":237900,"n":"Chaussette Kinder&Co Bleue Assortiment chocolat - 212g","p":8.65,"u":"40,80 €/KG","img":"https://fd6-photos.leclercdrive.fr/image.ashx?id=2799050&use=l&cat=p&typeid=i","cat":327592},{"id":237901,"n":"Chaussette Kinder&Co Rouge Assortiment chocolat - 212g","p":8.65,"u":"40,80 €/KG","img":"https://fd6-photos.leclercdrive.fr/image.ashx?id=2803939&use=l&cat=p&typeid=i","cat":327592},{"id":237947,"n":"Pâtes Barilla Mezzi Rigatoni Al Bronzo - 500g","p":1.9,"u":"3,80 €/KG","img":"https://fd6-photos.leclercdrive.fr/image.ashx?id=2798680&use=l&cat=p&typeid=i","cat":284427},{"id":237948,"n":"Pâtes Barilla Fusilli  Al Bronzo - 500g","p":1.9,"u":"3,80 €/KG","img":"https://fd6-photos.leclercdrive.fr/image.ashx?id=2798689&use=l&cat=p&typeid=i","cat":284427},{"id":237949,"n":"Pâtes Barilla Penne Rigate Al Bronzo - 500g","p":1.9,"u":"3,80 €/KG","img":"https://fd6-photos.leclercdrive.fr/image.ashx?id=2798677&use=l&cat=p&typeid=i","cat":284427},{"id":238073,"n":"Soda Coca-Cola Sans Sucres Bouteille - Pack 6x50CL","p":5.54,"u":"1,85 €/L","img":"https://fd6-photos.leclercdrive.fr/image.ashx?id=2860532&use=l&cat=p&typeid=i","cat":284530},{"id":238157,"n":"Coffret sélection bière Goudale 18 bouteilles - 5.62l","p":30.57,"u":"5,46 €/L","img":"https://fd6-photos.leclercdrive.fr/image.ashx?id=2799434&use=l&cat=p&typeid=i","cat":334872},{"id":238313,"n":"Nouilles Tables du Monde Curry - 3x65g","p":1.39,"u":"7,13 €/KG","img":"https://fd6-photos.leclercdrive.fr/image.ashx?id=2799850&use=l&cat=p&typeid=i","cat":288992},{"id":238370,"n":"Truite fumée des Pyrénées  4 tranches 120g","p":5.7,"u":"47,50 €/KG","img":"https://fd6-photos.leclercdrive.fr/image.ashx?id=2990679&use=l&cat=p&typeid=i","cat":285188},{"id":238530,"n":"Ravioli Lustucru Selection  4 fromages - 310g","p":1.89,"u":"6,10 €/KG","img":"https://fd6-photos.leclercdrive.fr/image.ashx?id=2962524&use=l&cat=p&typeid=i","cat":333682},{"id":238567,"n":"Masque cheveux Fructis Garnier Longueur & glow Ananas - 320ml","p":6.52,"u":"20,38 €/L","img":"https://fd6-photos.leclercdrive.fr/image.ashx?id=2802129&use=l&cat=p&typeid=i","cat":284608},{"id":238786,"n":"Sucette guimauve Xmas Fizzy  Pain d'epices - 35g","p":1.63,"u":"46,57 €/KG","img":"https://fd6-photos.leclercdrive.fr/image.ashx?id=2804349&use=l&cat=p&typeid=i","cat":327592},{"id":238796,"n":"Menus Gourmands Viande en  gelée Tous mes Amis - 48x100g","p":13.95,"u":"2,91 €/KG","img":"https://fd6-photos.leclercdrive.fr/image.ashx?id=2820007&use=l&cat=p&typeid=i","cat":285286},{"id":238872,"n":"Quinoa facile Lustucru 300g","p":2.24,"u":"7,47 €/KG","img":"https://fd6-photos.leclercdrive.fr/image.ashx?id=2804565&use=l&cat=p&typeid=i","cat":284429},{"id":238894,"n":"Pilon de poulet blanc Eco+ 1kg","p":4.74,"u":"4,74 €/KG","img":"https://fd6-photos.leclercdrive.fr/image.ashx?id=2858974&use=l&cat=p&typeid=i","cat":284336},{"id":238895,"n":"Pilon de poulet jaune Eco+ 1kg","p":4.74,"u":"4,74 €/KG","img":"https://fd6-photos.leclercdrive.fr/image.ashx?id=2804169&use=l&cat=p&typeid=i","cat":284336},{"id":238899,"n":"Yaourt protéiné Skyr Yoplait Vanille 0%Mg - 450g","p":1.99,"u":"4,42 €/KG","img":"https://fd6-photos.leclercdrive.fr/image.ashx?id=2884447&use=l&cat=p&typeid=i","cat":315000},{"id":238904,"n":"Yaourt protéiné Skyr Yoplait Stracciatella 2%mg - 4x120g","p":3.36,"u":"7,00 €/KG","img":"https://fd6-photos.leclercdrive.fr/image.ashx?id=2973748&use=l&cat=p&typeid=i","cat":315000},{"id":238977,"n":"Lait 1er âge Good Goût  Bio 800g","p":18.92,"u":"23,65 €/KG","img":"https://fd6-photos.leclercdrive.fr/image.ashx?id=2828331&use=l&cat=p&typeid=i","cat":284726},{"id":238984,"n":"Rasoir Tondeuse Carré Homme Hybride +1 recharge","p":17.9,"u":"17,90 €/PRT","img":"https://fd6-photos.leclercdrive.fr/image.ashx?id=2804072&use=l&cat=p&typeid=i","cat":284616},{"id":238985,"n":"Recharge rasoir tondeuse Hybride - Carré homme","p":8.99,"img":"https://fd6-photos.leclercdrive.fr/image.ashx?id=2804075&use=l&cat=p&typeid=i","cat":284616},{"id":239101,"n":"Riz Thaï Taureau Ailé 1kg","p":3.11,"u":"3,11 €/KG","img":"https://fd6-photos.leclercdrive.fr/image.ashx?id=2805558&use=l&cat=p&typeid=i","cat":284428},{"id":239107,"n":"Pâte à tartiner Chocolat blanc Noisettes Lucien Georgelin 400g","p":4.8,"u":"12,00 €/KG","img":"https://fd6-photos.leclercdrive.fr/image.ashx?id=2921286&use=l&cat=p&typeid=i","cat":284481},{"id":239202,"n":"Moscato Spumante 75cl","p":3.75,"u":"5,00 €/L","img":"https://fd6-photos.leclercdrive.fr/image.ashx?id=2977186&use=l&cat=p&typeid=i","cat":289557},{"id":239205,"n":"Coloration Palette N°800 Châtain foncé x1","p":3.93,"img":"https://fd6-photos.leclercdrive.fr/image.ashx?id=2817476&use=l&cat=p&typeid=i","cat":288899},{"id":239206,"n":"Coloration Palette N°900 Noir - x1","p":3.93,"img":"https://fd6-photos.leclercdrive.fr/image.ashx?id=2817479&use=l&cat=p&typeid=i","cat":288899},{"id":239207,"n":"Coloration Palette N°909 Noir bleuté - x1","p":4.25,"img":"https://fd6-photos.leclercdrive.fr/image.ashx?id=2911294&use=l&cat=p&typeid=i","cat":288899},{"id":239217,"n":"Lingettes Décolor Stop  Anti-décoloration x40","p":5.19,"u":"0,13 €/P","img":"https://fd6-photos.leclercdrive.fr/image.ashx?id=2976785&use=l&cat=p&typeid=i","cat":290450},{"id":239218,"n":"Lingettes Décolor Stop  Anti-décoloration x52","p":7.42,"u":"0,14 €/P","img":"https://fd6-photos.leclercdrive.fr/image.ashx?id=2805264&use=l&cat=p&typeid=i","cat":290450},{"id":239220,"n":"Bain de Bouche Listerine Haleine Fraiche 500ml","p":4.65,"u":"9,30 €/L","img":"https://fd6-photos.leclercdrive.fr/image.ashx?id=2806309&use=l&cat=p&typeid=i","cat":284613},{"id":239221,"n":"Bain de Bouche Listerine Total Care 10 en 1-500ml","p":4.66,"u":"9,32 €/L","img":"https://fd6-photos.leclercdrive.fr/image.ashx?id=2806312&use=l&cat=p&typeid=i","cat":284613},{"id":239224,"n":"Bain de Bouche Listerine Dents et Gencives 10 en 1 500ml","p":4.56,"u":"9,12 €/L","img":"https://fd6-photos.leclercdrive.fr/image.ashx?id=2806318&use=l&cat=p&typeid=i","cat":284613},{"id":239228,"n":"Adoucissant recharge Soupline à diluer Moment Magique-600ml","p":2.3,"u":"3,83 €/L","img":"https://fd6-photos.leclercdrive.fr/image.ashx?id=2863027&use=l&cat=p&typeid=i","cat":284650},{"id":239231,"n":"Dentifrice Sensitive Elmex Blancheur - 75ml","p":5.95,"u":"79,33 €/L","img":"https://fd6-photos.leclercdrive.fr/image.ashx?id=2806447&use=l&cat=p&typeid=i","cat":284612},{"id":239232,"n":"Dentifrice Colgate Active Blancheur - 75ml","p":3.11,"u":"41,47 €/L","img":"https://fd6-photos.leclercdrive.fr/image.ashx?id=2814623&use=l&cat=p&typeid=i","cat":284612},{"id":239233,"n":"Dentifrice Colgate Soin complet - 75ml","p":2.25,"u":"30,00 €/L","img":"https://fd6-photos.leclercdrive.fr/image.ashx?id=2836196&use=l&cat=p&typeid=i","cat":284612},{"id":239234,"n":"Dentifrice Colgate Total Résistance de l'émail 75ml","p":3.05,"u":"40,67 €/L","img":"https://fd6-photos.leclercdrive.fr/image.ashx?id=2832578&use=l&cat=p&typeid=i","cat":284612},{"id":239237,"n":"Couches bébé Mots d'enfant Taille 3 - 4-9kg - x104","p":12.68,"u":"12,68 €/PRT","img":"https://fd6-photos.leclercdrive.fr/image.ashx?id=2922439&use=l&cat=p&typeid=i","cat":284737},{"id":239239,"n":"Couches bébé Mots d'enfant Taille 4 - 7-18kg - x92","p":12.68,"img":"https://fd6-photos.leclercdrive.fr/image.ashx?id=2922442&use=l&cat=p&typeid=i","cat":284737},{"id":239241,"n":"Couches bébé Mots d'enfant Taille 4+ - 9-20kg - x88","p":12.69,"img":"https://fd6-photos.leclercdrive.fr/image.ashx?id=2922445&use=l&cat=p&typeid=i","cat":284737},{"id":239242,"n":"Couches bébé Mots d'enfant Taille 5 - 11-25kg - x84","p":12.69,"u":"0,15 €/P","img":"https://fd6-photos.leclercdrive.fr/image.ashx?id=2922448&use=l&cat=p&typeid=i","cat":284737},{"id":239281,"n":"Essuie-Tout Sopalin  Edition limitée  x4= 8 rouleaux","p":3.83,"u":"0,96 €/P","img":"https://fd6-photos.leclercdrive.fr/image.ashx?id=2964075&use=l&cat=p&typeid=i","cat":284635},{"id":239283,"n":"Essuie-Tout Sopalin Décoré Maxi rouleau   x4= 8 rouleaux","p":4.56,"u":"1,14 €/P","img":"https://fd6-photos.leclercdrive.fr/image.ashx?id=3000453&use=l&cat=p&typeid=i","cat":284635},{"id":239478,"n":"Burger Géant Jacquet Nature x4 - 330g","p":1.1,"u":"3,33 €/KG","img":"https://fd6-photos.leclercdrive.fr/image.ashx?id=3010981&use=l&cat=p&typeid=i","cat":325067},{"id":239617,"n":"Boisson hydratation Prime Fraise pastèque 500ml","p":1.92,"u":"3,84 €/L","img":"https://fd6-photos.leclercdrive.fr/image.ashx?id=2849277&use=l&cat=p&typeid=i","cat":284533},{"id":239883,"n":"Velouté Eco+ Poireaux pomme de terre","p":0.87,"u":"0,87 €/L","img":"https://fd6-photos.leclercdrive.fr/image.ashx?id=2808724&use=l&cat=p&typeid=i","cat":284462},{"id":239888,"n":"Bouillon Maggi Tomate vermicelle - 70g","p":0.6,"u":"8,57 €/KG","img":"https://fd6-photos.leclercdrive.fr/image.ashx?id=2811713&use=l&cat=p&typeid=i","cat":288379},{"id":239891,"n":"Poule aux vermicelles Maggi 65g","p":0.65,"u":"10,00 €/KG","img":"https://fd6-photos.leclercdrive.fr/image.ashx?id=2811716&use=l&cat=p&typeid=i","cat":288379},{"id":239903,"n":"Bonbons  Copains  Copines Mini sucettes - 168g","p":2.19,"u":"13,04 €/KG","img":"https://fd6-photos.leclercdrive.fr/image.ashx?id=2934796&use=l&cat=p&typeid=i","cat":304250},{"id":239905,"n":"Nouilles Tables du Monde Legumes - 3x65g","p":1.39,"u":"7,13 €/KG","img":"https://fd6-photos.leclercdrive.fr/image.ashx?id=2808727&use=l&cat=p&typeid=i","cat":288992},{"id":239928,"n":"Pâte à tartinerLotus Speculoos crunchy Biscoff 390g","p":3.05,"u":"7,82 €/KG","img":"https://fd6-photos.leclercdrive.fr/image.ashx?id=2811575&use=l&cat=p&typeid=i","cat":284481},{"id":239934,"n":"Bols Bledina Crémeux poireaux cabillaud 400g","p":3.06,"u":"7,65 €/KG","img":"https://fd6-photos.leclercdrive.fr/image.ashx?id=2975116&use=l&cat=p&typeid=i","cat":312237},{"id":239939,"n":"Bols ratatouille Bledina  poulet &huile d'olive - 400g","p":2.76,"u":"6,90 €/KG","img":"https://fd6-photos.leclercdrive.fr/image.ashx?id=2975122&use=l&cat=p&typeid=i","cat":312236},{"id":239944,"n":"Bols écrasé Bledina Petits pois riz cabillaud 400g","p":2.77,"u":"6,93 €/KG","img":"https://fd6-photos.leclercdrive.fr/image.ashx?id=2975128&use=l&cat=p&typeid=i","cat":312236},{"id":239945,"n":"Gourdes Bledina Fruits multivariété - 720g","p":7.0,"u":"9,72 €/KG","img":"https://fd6-photos.leclercdrive.fr/image.ashx?id=2810654&use=l&cat=p&typeid=i","cat":312393},{"id":240338,"n":"Laque Elnett Fixation normale  200ml","p":5.85,"u":"29,25 €/L","img":"https://fd6-photos.leclercdrive.fr/image.ashx?id=2814064&use=l&cat=p&typeid=i","cat":284609},{"id":240425,"n":"Soda à l'orange Orangina 1,5L","p":1.89,"u":"1,26 €/L","img":"https://fd6-photos.leclercdrive.fr/image.ashx?id=2946499&use=l&cat=p&typeid=i","cat":284532},{"id":240426,"n":"Soda à l'orange Orangina 2x1,5L","p":3.79,"u":"1,26 €/L","img":"https://fd6-photos.leclercdrive.fr/image.ashx?id=2812690&use=l&cat=p&typeid=i","cat":284532},{"id":240427,"n":"Soda à l'orange Orangina 12x33cl","p":7.42,"u":"1,87 €/L","img":"https://fd6-photos.leclercdrive.fr/image.ashx?id=2946505&use=l&cat=p&typeid=i","cat":284532},{"id":240428,"n":"Soda à l'orange Orangina 6x33cl","p":3.66,"u":"1,85 €/L","img":"https://fd6-photos.leclercdrive.fr/image.ashx?id=2946502&use=l&cat=p&typeid=i","cat":284532},{"id":240482,"n":"Riz basmati Lustucru 10min - 5x180g","p":3.45,"u":"3,83 €/KG","img":"https://fd6-photos.leclercdrive.fr/image.ashx?id=2814163&use=l&cat=p&typeid=i","cat":284428},{"id":240528,"n":"Drap de bain Basics Tissaïa Emeraude - 90x130cm","p":5.95,"img":"https://fd6-photos.leclercdrive.fr/image.ashx?id=2813755&use=l&cat=p&typeid=i","cat":286694},{"id":240623,"n":"Laque fixation forte Elnett 200ml","p":5.85,"u":"29,25 €/L","img":"https://fd6-photos.leclercdrive.fr/image.ashx?id=2828013&use=l&cat=p&typeid=i","cat":284609},{"id":240751,"n":"Spaghetti Barilla Quadrati Al bronzo - 500g","p":1.9,"u":"3,80 €/KG","img":"https://fd6-photos.leclercdrive.fr/image.ashx?id=2815145&use=l&cat=p&typeid=i","cat":284427},{"id":240772,"n":"Oeuf Maxi Kinder Surprise Fille - 100g","p":6.52,"u":"65,20 €/KG","img":"https://fd6-photos.leclercdrive.fr/image.ashx?id=2940513&use=l&cat=p&typeid=i","cat":284958},{"id":240842,"n":"Skyr nature Délisse 4x100g","p":1.72,"u":"4,30 €/KG","img":"https://fd6-photos.leclercdrive.fr/image.ashx?id=2992588&use=l&cat=p&typeid=i","cat":315000},{"id":240843,"n":"Skyr nature Délisse 850g","p":2.75,"u":"3,24 €/KG","img":"https://fd6-photos.leclercdrive.fr/image.ashx?id=2992600&use=l&cat=p&typeid=i","cat":315000},{"id":240850,"n":"Tomme de Savoie IGP L'Atelier Fromagerie 200g","p":3.46,"u":"17,30 €/KG","img":"https://fd6-photos.leclercdrive.fr/image.ashx?id=2814716&use=l&cat=p&typeid=i","cat":329184},{"id":240867,"n":"Frites classiques Pom'lisse  2kg","p":3.69,"u":"1,85 €/KG","img":"https://fd6-photos.leclercdrive.fr/image.ashx?id=2814890&use=l&cat=p&typeid=i","cat":319791},{"id":240876,"n":"Yaourt à la Grecque Eco+ Nature - 4x125g","p":0.97,"u":"1,94 €/KG","img":"https://fd6-photos.leclercdrive.fr/image.ashx?id=2814854&use=l&cat=p&typeid=i","cat":284409},{"id":240923,"n":"Truite fumée Delpeyrat 4 tranches minimum - 110g","p":5.32,"u":"48,36 €/KG","img":"https://fd6-photos.leclercdrive.fr/image.ashx?id=2817389&use=l&cat=p&typeid=i","cat":285188},{"id":241099,"n":"Nouilles asiatiques Maggi Pad Thai - 128g","p":1.89,"u":"14,77 €/KG","img":"https://fd6-photos.leclercdrive.fr/image.ashx?id=2899776&use=l&cat=p&typeid=i","cat":288992},{"id":241210,"n":"Dentifrice Enfants Signal  Super Mario - Fruité - 75ml","p":2.19,"u":"29,20 €/L","img":"https://fd6-photos.leclercdrive.fr/image.ashx?id=2993173&use=l&cat=p&typeid=i","cat":288898},{"id":241211,"n":"Dentifrice Enfants Signal Super Mario - Fraise - 75ml","p":2.19,"u":"29,20 €/L","img":"https://fd6-photos.leclercdrive.fr/image.ashx?id=2987047&use=l&cat=p&typeid=i","cat":288898},{"id":241489,"n":"Thon au naturel Petit Navire x3 - 112g","p":6.9,"u":"61,61 €/KG","img":"https://fd6-photos.leclercdrive.fr/image.ashx?id=2887491&use=l&cat=p&typeid=i","cat":303867},{"id":241500,"n":"Mousse foie gras de canard Eco+ 2x40g","p":3.59,"u":"44,88 €/KG","img":"https://fd6-photos.leclercdrive.fr/image.ashx?id=2817223&use=l&cat=p&typeid=i","cat":316008},{"id":241508,"n":"Délice de poulet doré au four 8 tranches - 240g","p":3.93,"u":"16,38 €/KG","img":"https://fd6-photos.leclercdrive.fr/image.ashx?id=2833690&use=l&cat=p&typeid=i","cat":316013},{"id":241513,"n":"Bloc foie gras de canard  Pierre de Chaumeyrac 200g","p":11.59,"u":"57,95 €/KG","img":"https://fd6-photos.leclercdrive.fr/image.ashx?id=2817238&use=l&cat=p&typeid=i","cat":316008},{"id":241657,"n":"Riz Thai Taureau ailé 500g","p":2.09,"u":"4,18 €/KG","img":"https://fd6-photos.leclercdrive.fr/image.ashx?id=2828340&use=l&cat=p&typeid=i","cat":284428},{"id":241919,"n":"AOP Fitou Prieur Barsanne Vin rouge - 3L","p":9.99,"u":"3,33 €/L","img":"https://fd6-photos.leclercdrive.fr/image.ashx?id=2982916&use=l&cat=p&typeid=i","cat":289556},{"id":241923,"n":"Biscuits sablés Mère Poulard Coffret fer mythique - 500g","p":10.38,"u":"20,76 €/KG","img":"https://fd6-photos.leclercdrive.fr/image.ashx?id=2827911&use=l&cat=p&typeid=i","cat":284490},{"id":241926,"n":"Biscuits  galettes Mère Poulard Coffret fer mythique - 472,5g","p":12.55,"u":"26,59 €/KG","img":"https://fd6-photos.leclercdrive.fr/image.ashx?id=2827917&use=l&cat=p&typeid=i","cat":284490},{"id":241927,"n":"Biscuits palets Mère Poulard Coffret fer mythique - 500g","p":10.8,"u":"22,88 €/KG","img":"https://fd6-photos.leclercdrive.fr/image.ashx?id=2827914&use=l&cat=p&typeid=i","cat":284490},{"id":242145,"n":"Absorbeur d'humidité éco+ avec 2 recharges - 450g","p":4.2,"img":"https://fd6-photos.leclercdrive.fr/image.ashx?id=2831607&use=l&cat=p&typeid=i","cat":300576},{"id":242214,"n":"Bloc WC Bref Deluxe  Magnolia précieux 2+1","p":2.88,"u":"0,96 €/P","img":"https://fd6-photos.leclercdrive.fr/image.ashx?id=2965022&use=l&cat=p&typeid=i","cat":284662},{"id":242226,"n":"Déodorant Mixa Anti-transpirant 48h","p":2.93,"u":"58,60 €/L","img":"https://fd6-photos.leclercdrive.fr/image.ashx?id=2869116&use=l&cat=p&typeid=i","cat":284595},{"id":242258,"n":"Laque Elnett 300ml","p":8.08,"u":"26,93 €/L","img":"https://fd6-photos.leclercdrive.fr/image.ashx?id=2828019&use=l&cat=p&typeid=i","cat":284609},{"id":242259,"n":"Laque Elnett fixation forte 300ml","p":8.08,"u":"26,93 €/L","img":"https://fd6-photos.leclercdrive.fr/image.ashx?id=2828016&use=l&cat=p&typeid=i","cat":284609},{"id":242261,"n":"Laque Elnett Fixation normale 400ml","p":9.21,"u":"23,03 €/L","img":"https://fd6-photos.leclercdrive.fr/image.ashx?id=2828025&use=l&cat=p&typeid=i","cat":284609},{"id":242262,"n":"Laque Elnett Fixation forte 400ml","p":10.58,"u":"26,45 €/L","img":"https://fd6-photos.leclercdrive.fr/image.ashx?id=2828022&use=l&cat=p&typeid=i","cat":284609},{"id":242267,"n":"Shampoing Dessange Blond 250ml","p":3.59,"u":"14,36 €/L","img":"https://fd6-photos.leclercdrive.fr/image.ashx?id=2870692&use=l&cat=p&typeid=i","cat":284606},{"id":242274,"n":"Gel douche DOP Lait framboise 290ml","p":2.13,"u":"7,34 €/L","img":"https://fd6-photos.leclercdrive.fr/image.ashx?id=2828076&use=l&cat=p&typeid=i","cat":284594},{"id":242278,"n":"Lait vitaminé Viva Candia Demi-écrémé 8x1L","p":9.16,"u":"1,15 €/L","img":"https://fd6-photos.leclercdrive.fr/image.ashx?id=2891586&use=l&cat=p&typeid=i","cat":284377},{"id":242279,"n":"Shampoing DOP Pomme verte 400ml","p":2.29,"u":"5,73 €/L","img":"https://fd6-photos.leclercdrive.fr/image.ashx?id=2828094&use=l&cat=p&typeid=i","cat":284606},{"id":242400,"n":"Nouilles instantanées Oyakata Yakisoba saveur soja - 91g","p":1.51,"u":"16,59 €/KG","img":"https://fd6-photos.leclercdrive.fr/image.ashx?id=2857758&use=l&cat=p&typeid=i","cat":288992},{"id":242585,"n":"Girasoli champignons cèpes  TURINI 250G","p":2.49,"u":"9,96 €/KG","img":"https://fd6-photos.leclercdrive.fr/image.ashx?id=2897823&use=l&cat=p&typeid=i","cat":333682},{"id":242587,"n":"Ravioli carbonara TURINI 250G","p":1.77,"u":"7,08 €/KG","img":"https://fd6-photos.leclercdrive.fr/image.ashx?id=2897868&use=l&cat=p&typeid=i","cat":333682},{"id":242597,"n":"Dentifrice Colgate Cristal Fraicheur - 2x75ml","p":3.6,"u":"24,00 €/L","img":"https://fd6-photos.leclercdrive.fr/image.ashx?id=2829051&use=l&cat=p&typeid=i","cat":284612},{"id":242598,"n":"Dentifrice Colgate Max Fresh Cristaux blancheur x2 - 150ml","p":3.11,"u":"20,73 €/L","img":"https://fd6-photos.leclercdrive.fr/image.ashx?id=2826273&use=l&cat=p&typeid=i","cat":284612},{"id":242701,"n":"Déodorant Narta Impeccable anti-traces 48h -50ml","p":3.11,"u":"62,20 €/L","img":"https://fd6-photos.leclercdrive.fr/image.ashx?id=2828097&use=l&cat=p&typeid=i","cat":284595},{"id":242702,"n":"Déodorant Narta Magnesium  protect - 100ml","p":4.38,"u":"43,80 €/L","img":"https://fd6-photos.leclercdrive.fr/image.ashx?id=2828100&use=l&cat=p&typeid=i","cat":284595},{"id":242703,"n":"Déodorant Mennen Intracable  Xtrem 72h - 50ml","p":3.28,"u":"65,60 €/L","img":"https://fd6-photos.leclercdrive.fr/image.ashx?id=2828109&use=l&cat=p&typeid=i","cat":284596},{"id":242704,"n":"Déodorant Ushuaia Bio Hibiscus 50ml","p":3.39,"u":"67,80 €/L","img":"https://fd6-photos.leclercdrive.fr/image.ashx?id=2828118&use=l&cat=p&typeid=i","cat":284595},{"id":242705,"n":"Déodorant Bio Ushuaia Vanille 50ml","p":3.39,"u":"67,80 €/L","img":"https://fd6-photos.leclercdrive.fr/image.ashx?id=2828121&use=l&cat=p&typeid=i","cat":284595},{"id":242706,"n":"Crème dessert Danette Praliné - 4x125g","p":1.62,"u":"3,24 €/KG","img":"https://fd6-photos.leclercdrive.fr/image.ashx?id=2918556&use=l&cat=p&typeid=i","cat":285041},{"id":242707,"n":"Crème dessert Danette Petit-beurre chocolat 4x125g","p":1.64,"u":"3,28 €/KG","img":"https://fd6-photos.leclercdrive.fr/image.ashx?id=2928414&use=l&cat=p&typeid=i","cat":285041},{"id":242710,"n":"Yaourt à boire Myrtille Hipro 300g","p":2.23,"u":"7,43 €/KG","img":"https://fd6-photos.leclercdrive.fr/image.ashx?id=2826573&use=l&cat=p&typeid=i","cat":284415},{"id":242712,"n":"Skyr Danone Cerise - 2x140g","p":1.95,"u":"6,96 €/KG","img":"https://fd6-photos.leclercdrive.fr/image.ashx?id=2826570&use=l&cat=p&typeid=i","cat":315000},{"id":242715,"n":"Kéfir à boire Activia Mangue - 280g","p":1.72,"u":"6,14 €/KG","img":"https://fd6-photos.leclercdrive.fr/image.ashx?id=2983015&use=l&cat=p&typeid=i","cat":284415},{"id":242717,"n":"Skyr à boire Danone Fraise - 270g","p":1.73,"u":"6,41 €/KG","img":"https://fd6-photos.leclercdrive.fr/image.ashx?id=2826564&use=l&cat=p&typeid=i","cat":284415},{"id":242718,"n":"Crème dessert protéinée Hipro Saveur chocolat - 180g","p":1.8,"u":"10,00 €/KG","img":"https://fd6-photos.leclercdrive.fr/image.ashx?id=2826582&use=l&cat=p&typeid=i","cat":285041},{"id":242719,"n":"Yaourt protéiné Hipro Fraise - 2x160g","p":2.45,"u":"7,66 €/KG","img":"https://fd6-photos.leclercdrive.fr/image.ashx?id=2945418&use=l&cat=p&typeid=i","cat":315000},{"id":242815,"n":"Déodorant Men Expert Sport 150ml","p":3.73,"u":"24,87 €/L","img":"https://fd6-photos.leclercdrive.fr/image.ashx?id=2825877&use=l&cat=p&typeid=i","cat":284618},{"id":242900,"n":"Vin rouge Union Européenne  François d'Aubigné - 3x25cl","p":1.99,"u":"2,65 €/L","img":"https://fd6-photos.leclercdrive.fr/image.ashx?id=2824144&use=l&cat=p&typeid=i","cat":289556},{"id":242901,"n":"AOP Jurançon sec Vin blanc Terrasses d'Autan - 75cl","p":4.99,"u":"6,65 €/L","img":"https://fd6-photos.leclercdrive.fr/image.ashx?id=2933458&use=l&cat=p&typeid=i","cat":289557},{"id":242907,"n":"Gel douche Sanex Zero Essential Peaux sensible 2x47.5ml","p":9.18,"u":"9,66 €/L","img":"https://fd6-photos.leclercdrive.fr/image.ashx?id=2826255&use=l&cat=p&typeid=i","cat":284594},{"id":243231,"n":"Bloc de Foie gras de canard nature Les Thomasines - 200g","p":9.99,"u":"49,95 €/KG","img":"https://fd6-photos.leclercdrive.fr/image.ashx?id=2835063&use=l&cat=p&typeid=i","cat":316008},{"id":243488,"n":"Nems au poulet X8 560G","p":3.58,"u":"6,39 €/KG","img":"https://fd6-photos.leclercdrive.fr/image.ashx?id=2829547&use=l&cat=p&typeid=i","cat":333673},{"id":243688,"n":"Concentré de citron Frucci 75cl","p":1.6,"u":"2,13 €/L","img":"https://fd6-photos.leclercdrive.fr/image.ashx?id=2865308&use=l&cat=p&typeid=i","cat":295020},{"id":243689,"n":"Boisson energisante X-Tense Energisante pina coco - 50cl","p":0.98,"u":"1,96 €/L","img":"https://fd6-photos.leclercdrive.fr/image.ashx?id=2956798&use=l&cat=p&typeid=i","cat":284533},{"id":243706,"n":"Boisson energisante X-tense  Tropical - 50cl","p":0.98,"u":"1,96 €/L","img":"https://fd6-photos.leclercdrive.fr/image.ashx?id=2956795&use=l&cat=p&typeid=i","cat":284533},{"id":243710,"n":"Cookies La Mère Poulard Tout chocolat - 400g","p":14.03,"u":"3,51 €/L","img":"https://fd6-photos.leclercdrive.fr/image.ashx?id=2833657&use=l&cat=p&typeid=i","cat":284490},{"id":243958,"n":"Concentré Frucci Orange Citron - 75cl","p":2.41,"u":"3,21 €/L","img":"https://fd6-photos.leclercdrive.fr/image.ashx?id=2865314&use=l&cat=p&typeid=i","cat":295020},{"id":243962,"n":"Lingettes Decolor Stop Protection couleurs - x22","p":4.26,"img":"https://fd6-photos.leclercdrive.fr/image.ashx?id=2890127&use=l&cat=p&typeid=i","cat":290450},{"id":243972,"n":"Boisson pétillante Kidibul Pomme - 4x25cl","p":2.79,"pp":1.84,"u":"1,84 €/L","img":"https://fd6-photos.leclercdrive.fr/image.ashx?id=2834752&use=l&cat=p&typeid=i","cat":289460},{"id":243973,"n":"Boisson pétillante Kidibul Pomme fraise - 4x25cl","p":2.89,"pp":1.91,"u":"1,91 €/L","img":"https://fd6-photos.leclercdrive.fr/image.ashx?id=2834755&use=l&cat=p&typeid=i","cat":289460},{"id":243976,"n":"Tablette lave-vaisselle Visior Classique - x45","p":3.81,"img":"https://fd6-photos.leclercdrive.fr/image.ashx?id=2931856&use=l&cat=p&typeid=i","cat":284656},{"id":243977,"n":"Vinaigre de nettoyage Clair 5L","p":5.01,"u":"1,00 €/L","img":"https://fd6-photos.leclercdrive.fr/image.ashx?id=2834190&use=l&cat=p&typeid=i","cat":325362},{"id":244168,"n":"Liquide vaisselle L'Arbre Vert Citron vert  8+4 offerts  6L","p":13.99,"u":"2,33 €/L","img":"https://fd6-photos.leclercdrive.fr/image.ashx?id=3002096&use=l&cat=p&typeid=i","cat":284655},{"id":244218,"n":"Croquettes Friskies chat adulte Thon Légumes - 3kg","p":8.48,"u":"2,83 €/KG","img":"https://fd6-photos.leclercdrive.fr/image.ashx?id=2835148&use=l&cat=p&typeid=i","cat":284680},{"id":244229,"n":"Croquettes Friskies chat adulte Lapin Poulet Légumes - 1.5kg","p":4.72,"u":"3,15 €/KG","img":"https://fd6-photos.leclercdrive.fr/image.ashx?id=2835160&use=l&cat=p&typeid=i","cat":284680},{"id":244230,"n":"Croquettes Friskies chat adulte Poulet Légumes - 3kg","p":8.38,"u":"2,79 €/KG","img":"https://fd6-photos.leclercdrive.fr/image.ashx?id=2835151&use=l&cat=p&typeid=i","cat":284680},{"id":244234,"n":"Croquettes Friskies chat adulte Saumon Légumes - 1.5kg","p":4.31,"u":"2,87 €/KG","img":"https://fd6-photos.leclercdrive.fr/image.ashx?id=2860586&use=l&cat=p&typeid=i","cat":284680},{"id":244235,"n":"Croquettes Friskies chat adulte  Boeuf Poulet Légumes - 1.5kg","p":4.65,"u":"3,10 €/KG","img":"https://fd6-photos.leclercdrive.fr/image.ashx?id=2835154&use=l&cat=p&typeid=i","cat":284680},{"id":244257,"n":"Yaourts brassés Mamie Nova Tropical - 2x150g","p":1.42,"u":"4,73 €/KG","img":"https://fd6-photos.leclercdrive.fr/image.ashx?id=2835060&use=l&cat=p&typeid=i","cat":284410},{"id":244351,"n":"Shampooing Elsève Color vive 250ml","p":2.35,"u":"9,40 €/L","img":"https://fd6-photos.leclercdrive.fr/image.ashx?id=2989318&use=l&cat=p&typeid=i","cat":284606},{"id":244356,"n":"Shampooing Garnier Ultra doux  Avocat 250ml","p":2.05,"u":"8,20 €/L","img":"https://fd6-photos.leclercdrive.fr/image.ashx?id=2836499&use=l&cat=p&typeid=i","cat":284606},{"id":244359,"n":"Shampooing Elsève Dream length  250ml","p":3.48,"u":"13,92 €/L","img":"https://fd6-photos.leclercdrive.fr/image.ashx?id=2863614&use=l&cat=p&typeid=i","cat":284606},{"id":244360,"n":"Shampooing Elsève Hyaluronique  250ml","p":3.48,"u":"13,92 €/L","img":"https://fd6-photos.leclercdrive.fr/image.ashx?id=2863617&use=l&cat=p&typeid=i","cat":284606},{"id":244661,"n":"Riz Basmati Lustucru Selection  10 min - 450g","p":2.39,"u":"5,31 €/KG","img":"https://fd6-photos.leclercdrive.fr/image.ashx?id=2836732&use=l&cat=p&typeid=i","cat":284428},{"id":245071,"n":"Snack Nesquik super choco 4x28g","p":1.6,"u":"14,29 €/KG","img":"https://fd6-photos.leclercdrive.fr/image.ashx?id=2837607&use=l&cat=p&typeid=i","cat":284420},{"id":245074,"n":"Nouilles instantanées Maggi sauce aigre douce - 128g","p":1.89,"u":"14,77 €/KG","img":"https://fd6-photos.leclercdrive.fr/image.ashx?id=2837628&use=l&cat=p&typeid=i","cat":288992},{"id":245075,"n":"Nouilles instantanées Maggi  sauce Teriyaki - 128g","p":1.89,"u":"14,77 €/KG","img":"https://fd6-photos.leclercdrive.fr/image.ashx?id=2837625&use=l&cat=p&typeid=i","cat":288992},{"id":245076,"n":"Nouilles instantanées Maggi sauce Teriyaki - 75g","p":1.95,"u":"26,00 €/KG","img":"https://fd6-photos.leclercdrive.fr/image.ashx?id=2842966&use=l&cat=p&typeid=i","cat":288992},{"id":245078,"n":"Nouilles instantanées Maggi sauce poulet sésame - 75g","p":1.95,"u":"26,00 €/KG","img":"https://fd6-photos.leclercdrive.fr/image.ashx?id=2842963&use=l&cat=p&typeid=i","cat":288992},{"id":245082,"n":"Nouilles instantanées Maggi sauce sweet chili - 75g","p":1.95,"u":"26,00 €/KG","img":"https://fd6-photos.leclercdrive.fr/image.ashx?id=2842960&use=l&cat=p&typeid=i","cat":288992},{"id":245085,"n":"Sauce aigre douce Maggi  pour poulet - 355g","p":3.69,"u":"10,39 €/KG","img":"https://fd6-photos.leclercdrive.fr/image.ashx?id=2947231&use=l&cat=p&typeid=i","cat":288992},{"id":245086,"n":"Sauce Tikka Masala Maggi pour poulet - 340g","p":3.6,"u":"10,59 €/KG","img":"https://fd6-photos.leclercdrive.fr/image.ashx?id=2971772&use=l&cat=p&typeid=i","cat":289012},{"id":245238,"n":"Gousses vanille Tablier Blanc x2 - 4g","p":5.48,"img":"https://fd6-photos.leclercdrive.fr/image.ashx?id=2837701&use=l&cat=p&typeid=i","cat":284504},{"id":245255,"n":"Skyr Yoplait 0%MG Framboise fruits rouges 4x100g","p":1.99,"u":"4,98 €/KG","img":"https://fd6-photos.leclercdrive.fr/image.ashx?id=2884501&use=l&cat=p&typeid=i","cat":315000},{"id":245261,"n":"Serviettes hygièniques Always  Ultra jour Normal Taille 1 x44","p":5.28,"u":"0,12 €/P","img":"https://fd6-photos.leclercdrive.fr/image.ashx?id=2967956&use=l&cat=p&typeid=i","cat":284624},{"id":245262,"n":"Serviettes hygièniques Always Ultra jour Long Taille 2 - x32","p":5.29,"u":"0,17 €/P","img":"https://fd6-photos.leclercdrive.fr/image.ashx?id=2914789&use=l&cat=p&typeid=i","cat":284624},{"id":245265,"n":"Serviettes hygièniques Always Ultra jour et nuit Taille 3 x28","p":5.3,"u":"0,19 €/P","img":"https://fd6-photos.leclercdrive.fr/image.ashx?id=2849301&use=l&cat=p&typeid=i","cat":284624},{"id":245375,"n":"Dentifrice Colgate Total 24h active blancheur - 2x75ml","p":4.37,"u":"29,13 €/L","img":"https://fd6-photos.leclercdrive.fr/image.ashx?id=2840367&use=l&cat=p&typeid=i","cat":284612},{"id":245397,"n":"Frites au four allumettes  Pom'lisse - 2kg","p":3.99,"u":"2,00 €/KG","img":"https://fd6-photos.leclercdrive.fr/image.ashx?id=2838547&use=l&cat=p&typeid=i","cat":319791},{"id":245463,"n":"Soupe douceur d'automne Knorr À la crème fraîche - 2x1L","p":4.89,"pp":3.42,"u":"1,71 €/L","img":"https://fd6-photos.leclercdrive.fr/image.ashx?id=2975939&use=l&cat=p&typeid=i","cat":284462},{"id":245504,"n":"Essuie tout Original N°1 Okay Blanc - x6 rouleaux + 2 offerts","p":6.78,"u":"0,85 €/P","img":"https://fd6-photos.leclercdrive.fr/image.ashx?id=2981361&use=l&cat=p&typeid=i","cat":285193},{"id":245579,"n":"Sauce Pesto vert crémeux  Panzani - 190g","p":2.24,"u":"11,79 €/KG","img":"https://fd6-photos.leclercdrive.fr/image.ashx?id=2873838&use=l&cat=p&typeid=i","cat":299047},{"id":245582,"n":"Sauce Pesto Panzani poivrons ricotta - 190g","p":2.21,"u":"11,63 €/KG","img":"https://fd6-photos.leclercdrive.fr/image.ashx?id=2873835&use=l&cat=p&typeid=i","cat":299047},{"id":245681,"n":"Tranches Emmental Baguette Président - 8 tranches - 120g","p":1.92,"u":"16,00 €/KG","img":"https://fd6-photos.leclercdrive.fr/image.ashx?id=2840518&use=l&cat=p&typeid=i","cat":314028},{"id":245682,"n":"Tranches Gouda Baguette Président - 8 tranches - 120g","p":1.94,"u":"16,17 €/KG","img":"https://fd6-photos.leclercdrive.fr/image.ashx?id=2840521&use=l&cat=p&typeid=i","cat":314028},{"id":245683,"n":"Tranches Mimolette Baguette Président - 8 tranches - 120g","p":1.98,"u":"16,50 €/KG","img":"https://fd6-photos.leclercdrive.fr/image.ashx?id=2840524&use=l&cat=p&typeid=i","cat":314028},{"id":245745,"n":"Farine de blé type 55 - 1kg Pratiques agricoles bas carbone","p":0.89,"u":"0,89 €/KG","img":"https://fd6-photos.leclercdrive.fr/image.ashx?id=2969994&use=l&cat=p&typeid=i","cat":284503},{"id":245929,"n":"Tablette chocolat KitKat Caramel salé - 99g","p":2.46,"u":"24,85 €/KG","img":"https://fd6-photos.leclercdrive.fr/image.ashx?id=2990868&use=l&cat=p&typeid=i","cat":284497},{"id":245931,"n":"Tablette chocolat KitKat  Noisette - 99g","p":2.47,"u":"24,95 €/KG","img":"https://fd6-photos.leclercdrive.fr/image.ashx?id=2871046&use=l&cat=p&typeid=i","cat":284497},{"id":246162,"n":"Serviettes Jour Always Ultra Normal - T1 - Ailettes x38","p":5.31,"u":"0,14 €/P","img":"https://fd6-photos.leclercdrive.fr/image.ashx?id=2849295&use=l&cat=p&typeid=i","cat":284624},{"id":246173,"n":"Chips Bret's Bleu d'Auvergne - 125g","p":1.65,"u":"13,20 €/KG","img":"https://fd6-photos.leclercdrive.fr/image.ashx?id=2843412&use=l&cat=p&typeid=i","cat":284447},{"id":246201,"n":"Pâtes penné rigaté Eco+ 1kg","p":1.2,"u":"1,20 €/KG","img":"https://fd6-photos.leclercdrive.fr/image.ashx?id=2856736&use=l&cat=p&typeid=i","cat":284427},{"id":246204,"n":"Chips Street food Vico saveur Spicy Curry sauce - 120g","p":1.36,"u":"11,33 €/KG","img":"https://fd6-photos.leclercdrive.fr/image.ashx?id=3000105&use=l&cat=p&typeid=i","cat":284447},{"id":246205,"n":"Chips Street food Vico  Saveur boeuf Thaï- 120g","p":1.37,"u":"11,42 €/KG","img":"https://fd6-photos.leclercdrive.fr/image.ashx?id=3000102&use=l&cat=p&typeid=i","cat":284447},{"id":246216,"n":"Coupelles Douceurs du Verger Pomme Fraise - 4x100g","p":1.23,"u":"3,08 €/KG","img":"https://fd6-photos.leclercdrive.fr/image.ashx?id=2878741&use=l&cat=p&typeid=i","cat":284508},{"id":246217,"n":"Gourdes Douceur du Verger Pommes Fraises abricot 4x90g","p":1.6,"u":"4,44 €/KG","img":"https://fd6-photos.leclercdrive.fr/image.ashx?id=2934781&use=l&cat=p&typeid=i","cat":284508},{"id":246225,"n":"Tablette de chocolat Equador Amandes caramel - 100g","p":1.69,"u":"16,90 €/KG","img":"https://fd6-photos.leclercdrive.fr/image.ashx?id=2843120&use=l&cat=p&typeid=i","cat":284497},{"id":246260,"n":"Masque Elseve Total Repair 5 - 310ml","p":5.0,"u":"16,13 €/L","img":"https://fd6-photos.leclercdrive.fr/image.ashx?id=2844178&use=l&cat=p&typeid=i","cat":284608},{"id":246261,"n":"Shampooing Elseve Hyaluronique - 400ml","p":5.12,"u":"12,80 €/L","img":"https://fd6-photos.leclercdrive.fr/image.ashx?id=2844181&use=l&cat=p&typeid=i","cat":284606},{"id":246262,"n":"Shampooing Elseve Dream long - 400ml","p":5.12,"u":"12,80 €/L","img":"https://fd6-photos.leclercdrive.fr/image.ashx?id=2844187&use=l&cat=p&typeid=i","cat":284606},{"id":246263,"n":"Sérum Elseve Anti-chute - 102ml","p":13.12,"u":"128,63 €/L","img":"https://fd6-photos.leclercdrive.fr/image.ashx?id=2844190&use=l&cat=p&typeid=i","cat":284608},{"id":246269,"n":"Après-shampooing Elseve Démêlant anti-chute - 150ml","p":5.99,"u":"39,93 €/L","img":"https://fd6-photos.leclercdrive.fr/image.ashx?id=2844193&use=l&cat=p&typeid=i","cat":284607},{"id":246270,"n":"Shampooing Elseve Anti-chute - 200ml","p":7.2,"u":"36,00 €/L","img":"https://fd6-photos.leclercdrive.fr/image.ashx?id=2844196&use=l&cat=p&typeid=i","cat":284606},{"id":246272,"n":"Shampooing Elseve Hyaluronique Pure - 250ml","p":4.18,"u":"16,72 €/L","img":"https://fd6-photos.leclercdrive.fr/image.ashx?id=2981593&use=l&cat=p&typeid=i","cat":284606},{"id":246318,"n":"Tablette de chocolat Equador Blond caramel amandes - 100g","p":1.69,"u":"16,90 €/KG","img":"https://fd6-photos.leclercdrive.fr/image.ashx?id=2843824&use=l&cat=p&typeid=i","cat":284497},{"id":246319,"n":"Tablette de chocolat Equador Noir gianduja - 100g","p":1.49,"u":"14,90 €/KG","img":"https://fd6-photos.leclercdrive.fr/image.ashx?id=2843821&use=l&cat=p&typeid=i","cat":284956},{"id":246324,"n":"Coffret sablés Mère Poulard Gamme mythique - caramel 500g","p":14.03,"u":"28,06 €/KG","img":"https://fd6-photos.leclercdrive.fr/image.ashx?id=2844127&use=l&cat=p&typeid=i","cat":284487},{"id":246327,"n":"Effilés en sauce Purina One Multivarietés - 680g","p":4.77,"u":"7,01 €/KG","img":"https://fd6-photos.leclercdrive.fr/image.ashx?id=2940606&use=l&cat=p&typeid=i","cat":285286},{"id":246330,"n":"Saumon Selection Purina One Junior 1 à 12 mois - 1.5 kg","p":7.43,"u":"4,95 €/KG","img":"https://fd6-photos.leclercdrive.fr/image.ashx?id=2844487&use=l&cat=p&typeid=i","cat":284680},{"id":246351,"n":"Nouilles odon précuite Suzi Wan Wok soja sésame 320g","p":2.96,"u":"9,25 €/KG","img":"https://fd6-photos.leclercdrive.fr/image.ashx?id=2886229&use=l&cat=p&typeid=i","cat":288992},{"id":246353,"n":"Nouilles ramen Suzi Wan Précuites wok korean bbq - 320g","p":2.93,"u":"9,16 €/KG","img":"https://fd6-photos.leclercdrive.fr/image.ashx?id=2886235&use=l&cat=p&typeid=i","cat":288992},{"id":246466,"n":"Soupe Knorr Pot au feu -14x55g","p":1.64,"u":"2,13 €/KG","img":"https://fd6-photos.leclercdrive.fr/image.ashx?id=2845656&use=l&cat=p&typeid=i","cat":293527},{"id":246480,"n":"Dentifrice Colgate Total 24h Active Soin émail - 2x75ml","p":4.38,"u":"29,20 €/L","img":"https://fd6-photos.leclercdrive.fr/image.ashx?id=2845671&use=l&cat=p&typeid=i","cat":284612},{"id":246543,"n":"Gommage corps Bionaïa Solide Bio - 100g","p":3.39,"u":"33,90 €/KG","img":"https://fd6-photos.leclercdrive.fr/image.ashx?id=2845158&use=l&cat=p&typeid=i","cat":325375},{"id":246544,"n":"Pain de rasage Carré Homme Beurre de karité Bio - 55g","p":2.49,"u":"45,27 €/KG","img":"https://fd6-photos.leclercdrive.fr/image.ashx?id=2854258&use=l&cat=p&typeid=i","cat":284617},{"id":246545,"n":"Perles de cire corps Siliss Chaude - Monoï - 230g","p":4.99,"u":"21,70 €/KG","img":"https://fd6-photos.leclercdrive.fr/image.ashx?id=2845170&use=l&cat=p&typeid=i","cat":325351},{"id":246547,"n":"Crème nettoyante Neutrogena Points noirs 2% - 150ml","p":4.61,"u":"30,73 €/L","img":"https://fd6-photos.leclercdrive.fr/image.ashx?id=2846045&use=l&cat=p&typeid=i","cat":284603},{"id":246548,"n":"Gel exfoliant Neutrogena Pamplemousse 0.5% - 150ml","p":4.95,"u":"33,00 €/L","img":"https://fd6-photos.leclercdrive.fr/image.ashx?id=2846048&use=l&cat=p&typeid=i","cat":325346},{"id":246638,"n":"Riz parfumé Taureau Ailé 1kg","p":2.95,"u":"2,95 €/KG","img":"https://fd6-photos.leclercdrive.fr/image.ashx?id=2846739&use=l&cat=p&typeid=i","cat":284428},{"id":247058,"n":"Les Mini Galettes Saint Michel Emmental - 100g","p":1.85,"u":"18,50 €/KG","img":"https://fd6-photos.leclercdrive.fr/image.ashx?id=2936278&use=l&cat=p&typeid=i","cat":297000},{"id":247059,"n":"Les minis galettes Saint Michel Comté - 100g","p":1.92,"u":"19,20 €/KG","img":"https://fd6-photos.leclercdrive.fr/image.ashx?id=2936281&use=l&cat=p&typeid=i","cat":297000},{"id":247060,"n":"Les Minis Galettes Saint Michel Tomates herbes de provence 100g","p":1.91,"u":"19,10 €/KG","img":"https://fd6-photos.leclercdrive.fr/image.ashx?id=2936284&use=l&cat=p&typeid=i","cat":297000},{"id":247085,"n":"Mini cornichons Rustica Aigre doux - 220g","p":2.19,"u":"9,95 €/KG","img":"https://fd6-photos.leclercdrive.fr/image.ashx?id=2916737&use=l&cat=p&typeid=i","cat":284458},{"id":247099,"n":"Coupelles Douceur du verger pomme banane - 4x100g","p":1.09,"u":"2,73 €/KG","img":"https://fd6-photos.leclercdrive.fr/image.ashx?id=2878744&use=l&cat=p&typeid=i","cat":284508},{"id":247142,"n":"Patée en sauce Purina One Thon et poulet - 340g","p":2.16,"u":"6,35 €/KG","img":"https://fd6-photos.leclercdrive.fr/image.ashx?id=2850207&use=l&cat=p&typeid=i","cat":285286},{"id":247152,"n":"Funtastix Fido Bacon fromage - 450g","p":4.89,"u":"10,87 €/KG","img":"https://fd6-photos.leclercdrive.fr/image.ashx?id=2940597&use=l&cat=p&typeid=i","cat":294527},{"id":247154,"n":"Gelée Friskies Viandes et légumes - 12x85g","p":4.14,"u":"4,06 €/KG","img":"https://fd6-photos.leclercdrive.fr/image.ashx?id=2957302&use=l&cat=p&typeid=i","cat":284673},{"id":247155,"n":"Soupe pour chat Felix Sélection de la campagne  4x48g","p":1.76,"u":"6,11 €/KG","img":"https://fd6-photos.leclercdrive.fr/image.ashx?id=2899701&use=l&cat=p&typeid=i","cat":285286},{"id":247261,"n":"Shampooing Elsève Colorvive - 300ml","p":4.18,"u":"13,93 €/L","img":"https://fd6-photos.leclercdrive.fr/image.ashx?id=2850614&use=l&cat=p&typeid=i","cat":284606},{"id":247262,"n":"Shampooing Elsève Hyaluronique - 250ml","p":4.18,"u":"16,72 €/L","img":"https://fd6-photos.leclercdrive.fr/image.ashx?id=2869095&use=l&cat=p&typeid=i","cat":284606},{"id":247263,"n":"Shampooing Elsève Total repair 5 - 300ml","p":4.18,"u":"13,93 €/L","img":"https://fd6-photos.leclercdrive.fr/image.ashx?id=2850617&use=l&cat=p&typeid=i","cat":284606},{"id":247264,"n":"Shampooing Elseve Huile extraordinaire - 250ml","p":4.18,"u":"16,72 €/L","img":"https://fd6-photos.leclercdrive.fr/image.ashx?id=2868690&use=l&cat=p&typeid=i","cat":284606},{"id":247265,"n":"Shampooing Elseve Dream long - 250ml","p":4.18,"u":"16,72 €/L","img":"https://fd6-photos.leclercdrive.fr/image.ashx?id=2850623&use=l&cat=p&typeid=i","cat":284606},{"id":247269,"n":"Shampooing Elseve Nutri gloss - 300ml","p":4.18,"u":"13,93 €/L","img":"https://fd6-photos.leclercdrive.fr/image.ashx?id=2869089&use=l&cat=p&typeid=i","cat":284606},{"id":247270,"n":"Shampooing Elseve Multi-vitaminé - 300ml","p":4.18,"u":"13,93 €/L","img":"https://fd6-photos.leclercdrive.fr/image.ashx?id=2850629&use=l&cat=p&typeid=i","cat":284606},{"id":247271,"n":"Après-shampooing Elseve Color vive - 250ml","p":4.18,"u":"16,72 €/L","img":"https://fd6-photos.leclercdrive.fr/image.ashx?id=2850632&use=l&cat=p&typeid=i","cat":284607},{"id":247273,"n":"Démélant Elseve Hyaluronique Booster hydratation 72h - 200ml","p":4.18,"u":"20,90 €/L","img":"https://fd6-photos.leclercdrive.fr/image.ashx?id=2869092&use=l&cat=p&typeid=i","cat":284607},{"id":247274,"n":"Après-Shampooing Elseve Dream Long - 200ml","p":4.18,"u":"20,90 €/L","img":"https://fd6-photos.leclercdrive.fr/image.ashx?id=2850638&use=l&cat=p&typeid=i","cat":284607},{"id":247275,"n":"Après-shampooing Elseve Nutri gloss - 250ml","p":4.18,"u":"16,72 €/L","img":"https://fd6-photos.leclercdrive.fr/image.ashx?id=2850641&use=l&cat=p&typeid=i","cat":284607},{"id":247763,"n":"Mayonnaise Rustica 425g","p":1.65,"u":"3,88 €/KG","img":"https://fd6-photos.leclercdrive.fr/image.ashx?id=2955086&use=l&cat=p&typeid=i","cat":298295},{"id":247863,"n":"Shampooing Elsève Color vive  2 en 1 - 250ml","p":4.47,"u":"17,88 €/L","img":"https://fd6-photos.leclercdrive.fr/image.ashx?id=2853961&use=l&cat=p&typeid=i","cat":284606},{"id":247865,"n":"Shampooing Elsève Color vive  500ml","p":5.12,"u":"10,24 €/L","img":"https://fd6-photos.leclercdrive.fr/image.ashx?id=2853964&use=l&cat=p&typeid=i","cat":284606},{"id":247866,"n":"Shampooing Elsève Full resist  250ml","p":4.57,"u":"18,28 €/L","img":"https://fd6-photos.leclercdrive.fr/image.ashx?id=2853967&use=l&cat=p&typeid=i","cat":284606},{"id":247867,"n":"Shampooing Elsève Huile  extraordinaire Coco - 250ml","p":4.32,"u":"17,28 €/L","img":"https://fd6-photos.leclercdrive.fr/image.ashx?id=2853970&use=l&cat=p&typeid=i","cat":284606},{"id":247869,"n":"Shampooing Elsève Huile  extraordinaire amla -250ml","p":4.56,"u":"18,24 €/L","img":"https://fd6-photos.leclercdrive.fr/image.ashx?id=2853973&use=l&cat=p&typeid=i","cat":284606},{"id":247871,"n":"Shampooing Elsève  Liss intense -300ml","p":3.76,"u":"12,53 €/L","img":"https://fd6-photos.leclercdrive.fr/image.ashx?id=2853976&use=l&cat=p&typeid=i","cat":284606},{"id":247873,"n":"Shampooing Elsève Fibralogy Volume - 300ml","p":4.18,"u":"13,93 €/L","img":"https://fd6-photos.leclercdrive.fr/image.ashx?id=2870686&use=l&cat=p&typeid=i","cat":284606},{"id":247874,"n":"Savon liquide Le Naturel  Extra pur de Marseille -500ml","p":2.64,"u":"5,28 €/L","img":"https://fd6-photos.leclercdrive.fr/image.ashx?id=2869119&use=l&cat=p&typeid=i","cat":284597},{"id":247878,"n":"Savon liquide Le Natural  Recharge Savon de Marseille -1l","p":4.77,"u":"4,77 €/L","img":"https://fd6-photos.leclercdrive.fr/image.ashx?id=2869122&use=l&cat=p&typeid=i","cat":284597},{"id":247882,"n":"Shampooing Elsève  Antipelliculaire - 300ml","p":3.95,"u":"13,17 €/L","img":"https://fd6-photos.leclercdrive.fr/image.ashx?id=2853982&use=l&cat=p&typeid=i","cat":284606},{"id":248324,"n":"Eponges L'essentielle Spontex Grattantes - x2","p":1.23,"u":"0,62 €/P","img":"https://fd6-photos.leclercdrive.fr/image.ashx?id=2855936&use=l&cat=p&typeid=i","cat":325894},{"id":248343,"n":"Masque capillaire Fructis Méthode boucles - 370ml","p":6.24,"u":"16,86 €/L","img":"https://fd6-photos.leclercdrive.fr/image.ashx?id=2867107&use=l&cat=p&typeid=i","cat":284608},{"id":248346,"n":"Shampooing solide Bionaïa Cheveux gras - Bio - 85g","p":2.99,"u":"35,18 €/KG","img":"https://fd6-photos.leclercdrive.fr/image.ashx?id=2855813&use=l&cat=p&typeid=i","cat":284606},{"id":248347,"n":"Savon solide Bionaïa 3en1 - Amande douce Bio - 85g","p":3.49,"u":"41,06 €/KG","img":"https://fd6-photos.leclercdrive.fr/image.ashx?id=2856133&use=l&cat=p&typeid=i","cat":284597},{"id":248545,"n":"Chou-fleur blanc 1p","p":1.59,"img":"https://fd6-photos.leclercdrive.fr/image.ashx?id=1631991&use=l&cat=p&typeid=i","cat":284352},{"id":248546,"n":"Feuille de chêne blonde 1p","p":1.29,"img":"https://fd6-photos.leclercdrive.fr/image.ashx?id=1633646&use=l&cat=p&typeid=i","cat":284352},{"id":248597,"n":"Mangue 1p","p":1.79,"img":"https://fd6-photos.leclercdrive.fr/image.ashx?id=1636371&use=l&cat=p&typeid=i","cat":284356},{"id":248823,"n":"Sauce algérienne Rustica 260g","p":1.67,"u":"6,42 €/KG","img":"https://fd6-photos.leclercdrive.fr/image.ashx?id=2954397&use=l&cat=p&typeid=i","cat":318431},{"id":248827,"n":"Pains au lait Epi d'or x15 - 525g","p":1.78,"u":"3,39 €/KG","img":"https://fd6-photos.leclercdrive.fr/image.ashx?id=2893337&use=l&cat=p&typeid=i","cat":296366},{"id":249019,"n":"Lessive liquide Xéor Savon de Marseille - 2.2L","p":3.89,"u":"1,77 €/L","img":"https://fd6-photos.leclercdrive.fr/image.ashx?id=2901500&use=l&cat=p&typeid=i","cat":284640},{"id":249021,"n":"Lessive liquide Xéor Savon de Marseille - 1.2L","p":2.12,"u":"1,77 €/L","img":"https://fd6-photos.leclercdrive.fr/image.ashx?id=2901503&use=l&cat=p&typeid=i","cat":284640},{"id":249173,"n":"Riz basmati Taureau Ailé 1kg","p":3.74,"u":"3,74 €/KG","img":"https://fd6-photos.leclercdrive.fr/image.ashx?id=2860457&use=l&cat=p&typeid=i","cat":284428},{"id":249200,"n":"Sauce béarnaise Rustica 235g","p":0.99,"u":"4,21 €/KG","img":"https://fd6-photos.leclercdrive.fr/image.ashx?id=2955083&use=l&cat=p&typeid=i","cat":318430},{"id":249601,"n":"Houmous extra Simon - 140g","p":1.89,"pp":1.25,"u":"8,93 €/KG","img":"https://fd6-photos.leclercdrive.fr/image.ashx?id=2860841&use=l&cat=p&typeid=i","cat":315999},{"id":249864,"n":"Oeuf flamme Miraculous 165g","p":6.99,"u":"42,36 €/KG","img":"https://fd6-photos.leclercdrive.fr/image.ashx?id=2953582&use=l&cat=p&typeid=i","cat":284958},{"id":249964,"n":"Gourdes Douceur du Verger Fruits jaunes - 12x90g","p":4.39,"u":"4,06 €/KG","img":"https://fd6-photos.leclercdrive.fr/image.ashx?id=2934790&use=l&cat=p&typeid=i","cat":284508},{"id":249965,"n":"Gourdes Douceur du Verger 12x90g","p":4.19,"u":"3,88 €/KG","img":"https://fd6-photos.leclercdrive.fr/image.ashx?id=2934787&use=l&cat=p&typeid=i","cat":284508},{"id":249968,"n":"Pain sandwich nature Harry's  x8 - 360g","p":2.09,"u":"5,81 €/KG","img":"https://fd6-photos.leclercdrive.fr/image.ashx?id=2861503&use=l&cat=p&typeid=i","cat":284477},{"id":249993,"n":"Adoucissant Soupline Concentré Grand air - 880ml","p":4.69,"u":"5,33 €/L","img":"https://fd6-photos.leclercdrive.fr/image.ashx?id=2863920&use=l&cat=p&typeid=i","cat":284650},{"id":250007,"n":"Boisson aux fruits Jafun Tropical - 6x33cl","p":3.0,"u":"1,52 €/L","img":"https://fd6-photos.leclercdrive.fr/image.ashx?id=2992603&use=l&cat=p&typeid=i","cat":295018},{"id":250026,"n":"Sauce samourai Rustica 260g","p":1.39,"u":"5,35 €/KG","img":"https://fd6-photos.leclercdrive.fr/image.ashx?id=2955074&use=l&cat=p&typeid=i","cat":318431},{"id":250151,"n":"Sauce frites Rustica 260g","p":1.29,"u":"4,96 €/KG","img":"https://fd6-photos.leclercdrive.fr/image.ashx?id=2954403&use=l&cat=p&typeid=i","cat":318431},{"id":250153,"n":"Sauce burger Rustica 260g","p":1.29,"u":"4,96 €/KG","img":"https://fd6-photos.leclercdrive.fr/image.ashx?id=2954400&use=l&cat=p&typeid=i","cat":318431},{"id":250172,"n":"Sérum hydratant So Bio Etic Fortifiant repulpant Bio - 30ml","p":12.68,"u":"422,67 €/L","img":"https://fd6-photos.leclercdrive.fr/image.ashx?id=2863584&use=l&cat=p&typeid=i","cat":325345},{"id":250173,"n":"Sauce burger Rustica 500g","p":1.87,"u":"3,74 €/KG","img":"https://fd6-photos.leclercdrive.fr/image.ashx?id=2955065&use=l&cat=p&typeid=i","cat":318431},{"id":250187,"n":"Crème douceur nuit So Bio Etic Régénérante - Anesse Bio 50ml","p":11.77,"u":"235,40 €/L","img":"https://fd6-photos.leclercdrive.fr/image.ashx?id=2863587&use=l&cat=p&typeid=i","cat":325345},{"id":250250,"n":"Cognac Hennessy  Very special 40% - 70cl","p":35.91,"u":"51,30 €/L","img":"https://fd6-photos.leclercdrive.fr/image.ashx?id=2863437&use=l&cat=p&typeid=i","cat":286032},{"id":250415,"n":"Lait corps hydratant Nivea Fermeté Q10 + vitamine C 250ml","p":3.29,"u":"13,16 €/L","img":"https://fd6-photos.leclercdrive.fr/image.ashx?id=3008978&use=l&cat=p&typeid=i","cat":325349},{"id":250428,"n":"Sérum visage Q10 Double action - 30ml","p":13.66,"u":"455,33 €/L","img":"https://fd6-photos.leclercdrive.fr/image.ashx?id=3014620&use=l&cat=p&typeid=i","cat":325345},{"id":250856,"n":"Steaks végétal Végé Blé & Pois x2 - 200g","p":2.99,"u":"14,95 €/KG","img":"https://fd6-photos.leclercdrive.fr/image.ashx?id=2932686&use=l&cat=p&typeid=i","cat":316036},{"id":250862,"n":"Panés epinards  Fromages - 2x90g","p":1.88,"u":"1,04 €/L","img":"https://fd6-photos.leclercdrive.fr/image.ashx?id=2932677&use=l&cat=p&typeid=i","cat":316036},{"id":251383,"n":"Saucisses végétales Végé x4 - 200g","p":2.12,"u":"10,60 €/KG","img":"https://fd6-photos.leclercdrive.fr/image.ashx?id=2932689&use=l&cat=p&typeid=i","cat":316036},{"id":251522,"n":"Boisson énergisante Celsius Pêche - 35,5cl","p":1.4,"u":"3,94 €/L","img":"https://fd6-photos.leclercdrive.fr/image.ashx?id=2905021&use=l&cat=p&typeid=i","cat":284533},{"id":251680,"n":"Pâte de fruits été Jacquot 550 g","p":6.18,"img":"https://fd6-photos.leclercdrive.fr/image.ashx?id=2868374&use=l&cat=p&typeid=i","cat":284499},{"id":251990,"n":"Patch invisible visage Garnier Anti-acné - x22","p":9.79,"img":"https://fd6-photos.leclercdrive.fr/image.ashx?id=3000794&use=l&cat=p&typeid=i","cat":325345},{"id":251997,"n":"Cuisses et pilons de poulet Mexicain - 550g","p":3.49,"u":"6,35 €/KG","img":"https://fd6-photos.leclercdrive.fr/image.ashx?id=2901509&use=l&cat=p&typeid=i","cat":284336},{"id":252003,"n":"Shampooing purifiant Nature Moi Cheveux gras - 250ml","p":3.03,"u":"12,12 €/L","img":"https://fd6-photos.leclercdrive.fr/image.ashx?id=2868392&use=l&cat=p&typeid=i","cat":284606},{"id":252008,"n":"Sérum visage Revitalift Laser Correcteur anti-âge -30ml","p":18.02,"u":"600,67 €/L","img":"https://fd6-photos.leclercdrive.fr/image.ashx?id=2874024&use=l&cat=p&typeid=i","cat":325345},{"id":252009,"n":"Lessive liquide Skip Active clean - x40 - 1.68L","p":13.5,"u":"8,04 €/L","img":"https://fd6-photos.leclercdrive.fr/image.ashx?id=2908393&use=l&cat=p&typeid=i","cat":284640},{"id":252109,"n":"Duo sérum anti-âge L'Oréal Age perfect - 30ml","p":24.5,"pp":16.17,"u":"539,00 €/L","img":"https://fd6-photos.leclercdrive.fr/image.ashx?id=2874003&use=l&cat=p&typeid=i","cat":325345},{"id":252120,"n":"Crème hydratante L'Oréal Bright Reveal - SPF50 - 50ml","p":16.22,"u":"324,40 €/L","img":"https://fd6-photos.leclercdrive.fr/image.ashx?id=2874015&use=l&cat=p&typeid=i","cat":284622},{"id":252128,"n":"Spray nettoyant multi-usage CIF Infinite+Clean Protection 280ml","p":3.85,"u":"13,75 €/MT","img":"https://fd6-photos.leclercdrive.fr/image.ashx?id=2948543&use=l&cat=p&typeid=i","cat":325357},{"id":252129,"n":"Spray nettoyant multi-usage Cif  Infinite+Clean Brillance-280ml","p":3.88,"u":"13,86 €/L","img":"https://fd6-photos.leclercdrive.fr/image.ashx?id=2872234&use=l&cat=p&typeid=i","cat":325357},{"id":252133,"n":"Spray nettoyant multi-usage CIF Infinite+Clean 280ml","p":3.86,"u":"13,79 €/L","img":"https://fd6-photos.leclercdrive.fr/image.ashx?id=2948546&use=l&cat=p&typeid=i","cat":325357},{"id":252144,"n":"Emmental tranchettes Eco+ 30%MG 300g","p":2.59,"u":"8,63 €/KG","img":"https://fd6-photos.leclercdrive.fr/image.ashx?id=2874823&use=l&cat=p&typeid=i","cat":314028},{"id":252145,"n":"Fromage pour salade Eco+ 23%MG 200g","p":1.69,"u":"8,45 €/KG","img":"https://fd6-photos.leclercdrive.fr/image.ashx?id=2874820&use=l&cat=p&typeid=i","cat":314027},{"id":252582,"n":"Après-shampooing Elsève Full resist - 200ml","p":4.58,"u":"22,90 €/L","img":"https://fd6-photos.leclercdrive.fr/image.ashx?id=2872931&use=l&cat=p&typeid=i","cat":284607},{"id":252786,"n":"Skyr protéiné Yoplait 0%MG Pêche Mangue - 4x100g","p":1.99,"u":"4,98 €/KG","img":"https://fd6-photos.leclercdrive.fr/image.ashx?id=2884498&use=l&cat=p&typeid=i","cat":315000},{"id":252807,"n":"Laque Elnett Cheveux colorés - 300ml","p":7.69,"u":"25,63 €/L","img":"https://fd6-photos.leclercdrive.fr/image.ashx?id=2872928&use=l&cat=p&typeid=i","cat":284609},{"id":252808,"n":"Gel douche enfants L'Abre Vert Corps & cheveux Framboise 720ml","p":4.61,"u":"6,40 €/L","img":"https://fd6-photos.leclercdrive.fr/image.ashx?id=2950300&use=l&cat=p&typeid=i","cat":284594},{"id":252813,"n":"Lait corps Nivea Douceur - 400ml","p":4.89,"u":"12,23 €/L","img":"https://fd6-photos.leclercdrive.fr/image.ashx?id=3014623&use=l&cat=p&typeid=i","cat":325349},{"id":252814,"n":"Crème visage corps mains Nivea Repair & care - 400ml","p":5.19,"pp":3.43,"u":"8,58 €/L","img":"https://fd6-photos.leclercdrive.fr/image.ashx?id=2872078&use=l&cat=p&typeid=i","cat":325350},{"id":253339,"n":"Croque Monsieur Herta Chèvre jambon - 310g","p":2.59,"u":"8,35 €/KG","img":"https://fd6-photos.leclercdrive.fr/image.ashx?id=2877745&use=l&cat=p&typeid=i","cat":333671},{"id":253342,"n":"Croque-Monsieur Herta  Maxi Montagnard x2 - 310g","p":2.59,"u":"8,35 €/KG","img":"https://fd6-photos.leclercdrive.fr/image.ashx?id=2877748&use=l&cat=p&typeid=i","cat":333671},{"id":253344,"n":"Gnocchi à poeler Lustucru 1 sachet offert - 900g","p":3.19,"u":"3,54 €/KG","img":"https://fd6-photos.leclercdrive.fr/image.ashx?id=2873919&use=l&cat=p&typeid=i","cat":333682},{"id":253514,"n":"Brosse à dents enfant Dentamyl Clignotante - Jaune x1","p":1.99,"img":"https://fd6-photos.leclercdrive.fr/image.ashx?id=2878669&use=l&cat=p&typeid=i","cat":288897},{"id":253516,"n":"Brosse à dents enfant Dentamyl Clignotante - Vert  x1","p":1.99,"img":"https://fd6-photos.leclercdrive.fr/image.ashx?id=2878672&use=l&cat=p&typeid=i","cat":288897},{"id":253517,"n":"Brosse à dents enfant Dentamyl Clignotante - Bleu x1","p":1.99,"img":"https://fd6-photos.leclercdrive.fr/image.ashx?id=2878675&use=l&cat=p&typeid=i","cat":288897},{"id":253523,"n":"Brosse à dents Petit Dentamyl 2-6 ans - Rose Vert Bleu x3","p":1.47,"u":"0,49 €/P","img":"https://fd6-photos.leclercdrive.fr/image.ashx?id=2872790&use=l&cat=p&typeid=i","cat":288897},{"id":253527,"n":"Brosse à dents Petit Dentamyl 2-6 ans - Jaune Vert Bleu x3","p":1.47,"u":"0,49 €/P","img":"https://fd6-photos.leclercdrive.fr/image.ashx?id=2872793&use=l&cat=p&typeid=i","cat":288897},{"id":253571,"n":"Bols Mots d'Enfants - 2x200g  Tomates, pâtes et boeuf dès 8M","p":2.39,"u":"5,98 €/KG","img":"https://fd6-photos.leclercdrive.fr/image.ashx?id=2892358&use=l&cat=p&typeid=i","cat":312236},{"id":253575,"n":"Bols Mots d'Enfants - 2x200g  Parmentier de cabillaud dès 8M","p":2.09,"u":"5,23 €/KG","img":"https://fd6-photos.leclercdrive.fr/image.ashx?id=2892361&use=l&cat=p&typeid=i","cat":312236},{"id":253581,"n":"Bols Mots d'Enfants - 2x200g  Purée de légumes dès 8M","p":1.69,"u":"4,23 €/KG","img":"https://fd6-photos.leclercdrive.fr/image.ashx?id=2892364&use=l&cat=p&typeid=i","cat":312236},{"id":253677,"n":"Bols Mots d'Enfants - 2x200g  Pâtes, épinards et crème dès 8M","p":2.29,"u":"5,73 €/KG","img":"https://fd6-photos.leclercdrive.fr/image.ashx?id=2892367&use=l&cat=p&typeid=i","cat":312236},{"id":253678,"n":"Assiette Mots d'Enfants - 230g Spaghetti bolognaise dès 12M","p":1.39,"u":"6,04 €/KG","img":"https://fd6-photos.leclercdrive.fr/image.ashx?id=2898050&use=l&cat=p&typeid=i","cat":312237},{"id":253679,"n":"Assiette Mots d'Enfants - 230g Hachis parmentier dès 12M","p":1.39,"u":"6,04 €/KG","img":"https://fd6-photos.leclercdrive.fr/image.ashx?id=2892370&use=l&cat=p&typeid=i","cat":312237},{"id":253682,"n":"Assiette Mots d'Enfants - 230g Légumes et macaroni dès 12M","p":1.39,"u":"6,04 €/KG","img":"https://fd6-photos.leclercdrive.fr/image.ashx?id=2892373&use=l&cat=p&typeid=i","cat":312237},{"id":253683,"n":"Assiette Mots d'Enfants - 250g Pommes de terre, poulet dès 15M","p":1.59,"u":"6,36 €/KG","img":"https://fd6-photos.leclercdrive.fr/image.ashx?id=2898053&use=l&cat=p&typeid=i","cat":312238},{"id":253684,"n":"Assiette Mots d'Enfants - 250g Pâtes, tomate et jambon dès 15M","p":1.59,"u":"6,36 €/KG","img":"https://fd6-photos.leclercdrive.fr/image.ashx?id=2892376&use=l&cat=p&typeid=i","cat":312238},{"id":253687,"n":"Assiette Mots d'Enfants - 250g Légumes et patate douce dès 15M","p":1.59,"u":"6,36 €/KG","img":"https://fd6-photos.leclercdrive.fr/image.ashx?id=2892388&use=l&cat=p&typeid=i","cat":312238},{"id":253689,"n":"Assiette Mots d'Enfants - 250g Pdt, fondue de poireaux dès 15M","p":1.59,"u":"6,36 €/KG","img":"https://fd6-photos.leclercdrive.fr/image.ashx?id=2892379&use=l&cat=p&typeid=i","cat":312238},{"id":253691,"n":"Assiette Mots d'Enfants - 250g Pâtes boeuf bourguignon dès 18M","p":1.69,"u":"6,76 €/KG","img":"https://fd6-photos.leclercdrive.fr/image.ashx?id=2892382&use=l&cat=p&typeid=i","cat":312238},{"id":253694,"n":"Assiette Mots d'Enfants - 250g Blanquette de volaille dès 18M","p":1.69,"u":"6,76 €/KG","img":"https://fd6-photos.leclercdrive.fr/image.ashx?id=2898056&use=l&cat=p&typeid=i","cat":312238},{"id":253698,"n":"Assiette Mots d'Enfants - 250g Carottes pâtes épinards dès 18M","p":1.69,"u":"6,76 €/KG","img":"https://fd6-photos.leclercdrive.fr/image.ashx?id=2898059&use=l&cat=p&typeid=i","cat":312238},{"id":253699,"n":"Assiette Mots d'Enfants - 250g Ratatouille et boulgour dès 18M","p":1.69,"u":"6,76 €/KG","img":"https://fd6-photos.leclercdrive.fr/image.ashx?id=2892385&use=l&cat=p&typeid=i","cat":312238},{"id":254008,"n":"Gel douche homme Axe Copper santal - 225ml","p":2.7,"u":"12,00 €/L","img":"https://fd6-photos.leclercdrive.fr/image.ashx?id=2903881&use=l&cat=p&typeid=i","cat":284619},{"id":254127,"n":"Rasoir Hydro 5 homme Wilkinson Starter regular +4 lames","p":12.44,"img":"https://fd6-photos.leclercdrive.fr/image.ashx?id=2875174&use=l&cat=p&typeid=i","cat":284616},{"id":254336,"n":"Truite fumée Landvika 4 tranches - 100g","p":3.93,"u":"39,30 €/KG","img":"https://fd6-photos.leclercdrive.fr/image.ashx?id=2876593&use=l&cat=p&typeid=i","cat":285188},{"id":254803,"n":"Pavé d'Affinois L'Intense - 180g","p":2.59,"u":"14,39 €/KG","img":"https://fd6-photos.leclercdrive.fr/image.ashx?id=3002075&use=l&cat=p&typeid=i","cat":314033},{"id":254808,"n":"Assouplissant Tesori d'Oriente Ayurveda 42 lavages - 760ML","p":4.57,"u":"6,01 €/L","img":"https://fd6-photos.leclercdrive.fr/image.ashx?id=2876668&use=l&cat=p&typeid=i","cat":284650},{"id":254809,"n":"Assouplissant Byzantum 42 lavages - 760ML","p":4.51,"u":"5,93 €/L","img":"https://fd6-photos.leclercdrive.fr/image.ashx?id=2876671&use=l&cat=p&typeid=i","cat":284650},{"id":254824,"n":"IGP Pays d'Oc rosé Bleu de Mer - 75cl","p":4.8,"u":"6,40 €/L","img":"https://fd6-photos.leclercdrive.fr/image.ashx?id=2876863&use=l&cat=p&typeid=i","cat":289558},{"id":254912,"n":"Lessive Feuilles Magiques Dr Beckmann la Sensible x50","p":8.84,"u":"0,18 €/P","img":"https://fd6-photos.leclercdrive.fr/image.ashx?id=2877001&use=l&cat=p&typeid=i","cat":284644},{"id":255141,"n":"Brosse à dents enfant Dentamyl Clignotante - Rose x1","p":1.99,"img":"https://fd6-photos.leclercdrive.fr/image.ashx?id=2878678&use=l&cat=p&typeid=i","cat":288897},{"id":255193,"n":"Mousse au chocolat noir La Fermière 2x70g","p":2.73,"u":"19,50 €/KG","img":"https://fd6-photos.leclercdrive.fr/image.ashx?id=2878942&use=l&cat=p&typeid=i","cat":284417},{"id":255200,"n":"Mousse au chocolat au lait La Fermière 2x70g","p":2.88,"u":"20,57 €/KG","img":"https://fd6-photos.leclercdrive.fr/image.ashx?id=2878948&use=l&cat=p&typeid=i","cat":284417},{"id":255201,"n":"Liègeois au chocolat La Fermière 2x120g","p":2.87,"u":"11,96 €/KG","img":"https://fd6-photos.leclercdrive.fr/image.ashx?id=2878951&use=l&cat=p&typeid=i","cat":285042},{"id":255203,"n":"Liègeois au café La Fermière 2x120g","p":1.99,"u":"8,29 €/KG","img":"https://fd6-photos.leclercdrive.fr/image.ashx?id=2878954&use=l&cat=p&typeid=i","cat":285042},{"id":255515,"n":"Café en grains Grand-mère Puissant - 1kg","p":17.07,"u":"17,07 €/KG","img":"https://fd6-photos.leclercdrive.fr/image.ashx?id=2880585&use=l&cat=p&typeid=i","cat":293237},{"id":255516,"n":"Café en grains Grand-mère Equilibré - 1kg","p":17.73,"u":"17,73 €/KG","img":"https://fd6-photos.leclercdrive.fr/image.ashx?id=2880588&use=l&cat=p&typeid=i","cat":293237},{"id":255548,"n":"Saucisson Mini Justin Bridou Bâton de Berger Poulet - 140g","p":3.66,"u":"26,14 €/KG","img":"https://fd6-photos.leclercdrive.fr/image.ashx?id=2924116&use=l&cat=p&typeid=i","cat":316006},{"id":255724,"n":"Crème dessert protéinée Sport Vanille 4x125g","p":2.35,"u":"4,70 €/KG","img":"https://fd6-photos.leclercdrive.fr/image.ashx?id=3009559&use=l&cat=p&typeid=i","cat":285041},{"id":255969,"n":"Déodorant spray homme Axe Provocation - 200ml","p":3.65,"u":"18,25 €/L","img":"https://fd6-photos.leclercdrive.fr/image.ashx?id=2881542&use=l&cat=p&typeid=i","cat":284618},{"id":256003,"n":"Déodorant spray Dove Pour tout Le corps - 72h - Lavande 150ml","p":5.62,"u":"37,47 €/L","img":"https://fd6-photos.leclercdrive.fr/image.ashx?id=2894566&use=l&cat=p&typeid=i","cat":284595},{"id":256004,"n":"Déodorant spray Dove Pour tout Le corps - 72h Framboise 150ml","p":4.45,"u":"29,67 €/L","img":"https://fd6-photos.leclercdrive.fr/image.ashx?id=3009341&use=l&cat=p&typeid=i","cat":284595},{"id":256491,"n":"Déodorant tout le corps Rexona  spray 72h anti-odeur 150ml","p":3.94,"u":"26,27 €/L","img":"https://fd6-photos.leclercdrive.fr/image.ashx?id=2989486&use=l&cat=p&typeid=i","cat":284595},{"id":256710,"n":"Riz Côté Table Poulet Tikka massala  - 300g","p":2.49,"u":"8,30 €/KG","img":"https://fd6-photos.leclercdrive.fr/image.ashx?id=2972250&use=l&cat=p&typeid=i","cat":284953},{"id":256783,"n":"Laque Elnett Cheveux secs - 300ml","p":7.83,"u":"26,10 €/L","img":"https://fd6-photos.leclercdrive.fr/image.ashx?id=2883152&use=l&cat=p&typeid=i","cat":284609},{"id":257012,"n":"Mozzarella râpée Cantadora 150g","p":2.29,"u":"15,27 €/KG","img":"https://fd6-photos.leclercdrive.fr/image.ashx?id=2883600&use=l&cat=p&typeid=i","cat":314035},{"id":257038,"n":"Gel douche homme Axe Supreme Provocation - 5-en-1 - 400ml","p":3.2,"u":"8,00 €/L","img":"https://fd6-photos.leclercdrive.fr/image.ashx?id=2884924&use=l&cat=p&typeid=i","cat":284619},{"id":257039,"n":"Gel douche homme Axe supreme Dark temptation 5-en-1 - 400m","p":3.2,"u":"8,00 €/L","img":"https://fd6-photos.leclercdrive.fr/image.ashx?id=2884921&use=l&cat=p&typeid=i","cat":284619},{"id":257045,"n":"Gel douche homme Axe supreme Lendemain difficile - 400ml","p":3.04,"u":"7,60 €/L","img":"https://fd6-photos.leclercdrive.fr/image.ashx?id=2884918&use=l&cat=p&typeid=i","cat":284619},{"id":257046,"n":"Gel douche homme Axe Cherry fizz - 225ml","p":2.72,"u":"12,09 €/L","img":"https://fd6-photos.leclercdrive.fr/image.ashx?id=2908390&use=l&cat=p&typeid=i","cat":284619},{"id":257050,"n":"Déodorant spray homme Axe Cocoa velvet - 150ml","p":4.83,"u":"32,20 €/L","img":"https://fd6-photos.leclercdrive.fr/image.ashx?id=2896468&use=l&cat=p&typeid=i","cat":284618},{"id":257054,"n":"Émincés de poulet provençale L'Atelier Volaille - 300g","p":3.59,"u":"11,97 €/KG","img":"https://fd6-photos.leclercdrive.fr/image.ashx?id=2927884&use=l&cat=p&typeid=i","cat":284336},{"id":257074,"n":"Gnocchi à poêler Lustucru Extra jambon fromage 300g","p":2.21,"u":"7,37 €/KG","img":"https://fd6-photos.leclercdrive.fr/image.ashx?id=2884387&use=l&cat=p&typeid=i","cat":333682},{"id":257076,"n":"Gnocchi à poêler Lustucru Extra fromage 300g","p":2.07,"u":"6,90 €/KG","img":"https://fd6-photos.leclercdrive.fr/image.ashx?id=2886013&use=l&cat=p&typeid=i","cat":333682},{"id":257077,"n":"Fromage enfant Mini Babybel  16 portions goûter - 352g","p":5.77,"u":"16,39 €/KG","img":"https://fd6-photos.leclercdrive.fr/image.ashx?id=2935840&use=l&cat=p&typeid=i","cat":314030},{"id":257165,"n":"Pizza Crousti-Fine Marie 4 fromages - 390g","p":3.31,"u":"8,49 €/KG","img":"https://fd6-photos.leclercdrive.fr/image.ashx?id=2996728&use=l&cat=p&typeid=i","cat":284256},{"id":257167,"n":"Vodka Zubrowka rose 70cl","p":14.5,"u":"20,71 €/L","img":"https://fd6-photos.leclercdrive.fr/image.ashx?id=2884825&use=l&cat=p&typeid=i","cat":284550},{"id":257169,"n":"Pizza Crousti-Fine Marie Royale - 400g","p":3.19,"u":"7,98 €/KG","img":"https://fd6-photos.leclercdrive.fr/image.ashx?id=2996734&use=l&cat=p&typeid=i","cat":284256},{"id":257172,"n":"Pizza Crousti-Fine Marie Chorizo paprika - 400g","p":3.33,"u":"8,33 €/KG","img":"https://fd6-photos.leclercdrive.fr/image.ashx?id=2996731&use=l&cat=p&typeid=i","cat":284256},{"id":257201,"n":"Préservatifs Durex Intensity - x10","p":11.71,"img":"https://fd6-photos.leclercdrive.fr/image.ashx?id=2962035&use=l&cat=p&typeid=i","cat":284631},{"id":257202,"n":"Préservatifs Durex Intensity XL - x10","p":11.71,"img":"https://fd6-photos.leclercdrive.fr/image.ashx?id=2964670&use=l&cat=p&typeid=i","cat":284631},{"id":257206,"n":"Eponges fFlex & wash x2","p":4.05,"img":"https://fd6-photos.leclercdrive.fr/image.ashx?id=2884525&use=l&cat=p&typeid=i","cat":284667},{"id":257208,"n":"Lessive liquide Xeor Fraîcheur - x44 lavages - 2.2L","p":3.89,"u":"1,77 €/L","img":"https://fd6-photos.leclercdrive.fr/image.ashx?id=2981897&use=l&cat=p&typeid=i","cat":284640},{"id":257212,"n":"Lessive liquide Xéor Fraîcheur - x24 lavages - 1.2L","p":2.12,"u":"1,77 €/L","img":"https://fd6-photos.leclercdrive.fr/image.ashx?id=2901506&use=l&cat=p&typeid=i","cat":284640},{"id":257214,"n":"Capsules lave-vaisselle Finish Quantum Citron - x30 - 312g","p":7.44,"u":"23,85 €/KG","img":"https://fd6-photos.leclercdrive.fr/image.ashx?id=2926618&use=l&cat=p&typeid=i","cat":284656},{"id":257215,"n":"Capsules lave-vaisselle Finish Quantum - x30 - 312g","p":6.85,"u":"21,96 €/KG","img":"https://fd6-photos.leclercdrive.fr/image.ashx?id=2884627&use=l&cat=p&typeid=i","cat":284656},{"id":257217,"n":"Capsules lave-vaisselle Finish Ultimate citron - x26 - 335g","p":6.92,"u":"20,72 €/KG","img":"https://fd6-photos.leclercdrive.fr/image.ashx?id=2884630&use=l&cat=p&typeid=i","cat":284656},{"id":257218,"n":"Capsules lave-vaisselle Finish Ultimate - x26 - 335g","p":7.52,"u":"22,45 €/KG","img":"https://fd6-photos.leclercdrive.fr/image.ashx?id=2884633&use=l&cat=p&typeid=i","cat":284656},{"id":257219,"n":"Capsules lave-vaisselle Finish Ultimate Plus Citron x22 - 268g","p":6.69,"u":"24,96 €/KG","img":"https://fd6-photos.leclercdrive.fr/image.ashx?id=2884636&use=l&cat=p&typeid=i","cat":284656},{"id":257220,"n":"Gel lave-vaisselle Finish Power - 900ml","p":6.56,"u":"7,29 €/L","img":"https://fd6-photos.leclercdrive.fr/image.ashx?id=2884639&use=l&cat=p&typeid=i","cat":284656},{"id":257225,"n":"Gel lave-vaisselle Finish Power - Citron - 900ml","p":5.87,"u":"6,52 €/L","img":"https://fd6-photos.leclercdrive.fr/image.ashx?id=2884642&use=l&cat=p&typeid=i","cat":284656},{"id":257230,"n":"Désinfectant linge Sanytol Stop Odeurs Fleurs blanches 500ml","p":3.42,"u":"6,84 €/L","img":"https://fd6-photos.leclercdrive.fr/image.ashx?id=2961960&use=l&cat=p&typeid=i","cat":290451},{"id":257231,"n":"Désinfectant linge Sanytol Stop Odeurs Fleurs Blanches 1L","p":6.24,"u":"6,24 €/L","img":"https://fd6-photos.leclercdrive.fr/image.ashx?id=2884312&use=l&cat=p&typeid=i","cat":290451},{"id":257232,"n":"Capsules Lave-Vaisselle SUN  Pro-Expert Regular 38 lavages","p":7.9,"u":"13,86 €/KG","img":"https://fd6-photos.leclercdrive.fr/image.ashx?id=2907728&use=l&cat=p&typeid=i","cat":284656},{"id":257233,"n":"Tablettes lave-vaisselle Uni Vert - Tout-en-1 - x45 - 720g","p":6.57,"u":"9,13 €/KG","img":"https://fd6-photos.leclercdrive.fr/image.ashx?id=3015132&use=l&cat=p&typeid=i","cat":284656},{"id":257236,"n":"Tablettes lave-vaisselle Uni Vert - Classiques - x45 - 450g","p":6.27,"u":"13,93 €/KG","img":"https://fd6-photos.leclercdrive.fr/image.ashx?id=3015135&use=l&cat=p&typeid=i","cat":284656},{"id":257243,"n":"Nettoyant ménager Ajax 5 actions Brise fraîche - 1.5L","p":3.17,"u":"2,11 €/L","img":"https://fd6-photos.leclercdrive.fr/image.ashx?id=2919442&use=l&cat=p&typeid=i","cat":284907},{"id":257244,"n":"Nettoyant ménager Ajax Citron vert - 1.5L","p":3.5,"u":"2,33 €/L","img":"https://fd6-photos.leclercdrive.fr/image.ashx?id=2884894&use=l&cat=p&typeid=i","cat":284907},{"id":257251,"n":"Capsules Lave-Vaisselle SUN  Pro-Expert Citron 38 lavages","p":7.9,"u":"13,86 €/KG","img":"https://fd6-photos.leclercdrive.fr/image.ashx?id=2991039&use=l&cat=p&typeid=i","cat":284656},{"id":257277,"n":"Bâtonnets surimi moelleux Fleury Michon x12 - 180g","p":1.75,"u":"9,72 €/KG","img":"https://fd6-photos.leclercdrive.fr/image.ashx?id=2936920&use=l&cat=p&typeid=i","cat":285189},{"id":257278,"n":"Bâtonnets surimi moelleux Fleury Michon x18 - 270g","p":2.61,"u":"9,67 €/KG","img":"https://fd6-photos.leclercdrive.fr/image.ashx?id=2936923&use=l&cat=p&typeid=i","cat":285189},{"id":257279,"n":"Bâtonnets surimi moelleux  Fleury Michon x24 - 360g","p":3.29,"u":"9,14 €/KG","img":"https://fd6-photos.leclercdrive.fr/image.ashx?id=2936926&use=l&cat=p&typeid=i","cat":285189},{"id":257280,"n":"Bâtonnets surimi moelleux Fleury Michon x30 - 450g","p":3.72,"u":"8,27 €/KG","img":"https://fd6-photos.leclercdrive.fr/image.ashx?id=2936929&use=l&cat=p&typeid=i","cat":285189},{"id":257391,"n":"Barre gourmande Grainéa Chocolat Cacahuète - 140g","p":1.96,"u":"14,00 €/KG","img":"https://fd6-photos.leclercdrive.fr/image.ashx?id=2885777&use=l&cat=p&typeid=i","cat":285869},{"id":257505,"n":"Émincés de poulet paprika L'Atelier Volaille - 300g","p":3.59,"u":"11,97 €/KG","img":"https://fd6-photos.leclercdrive.fr/image.ashx?id=2927890&use=l&cat=p&typeid=i","cat":284336},{"id":257506,"n":"Émincés de poulet mexicain L'Atelier Volaille - 300g","p":3.59,"u":"11,97 €/KG","img":"https://fd6-photos.leclercdrive.fr/image.ashx?id=2927881&use=l&cat=p&typeid=i","cat":284336},{"id":257510,"n":"Emincés de poulet façon kebab L'atelier Volaille - 300g","p":3.59,"u":"11,97 €/KG","img":"https://fd6-photos.leclercdrive.fr/image.ashx?id=2927887&use=l&cat=p&typeid=i","cat":284336},{"id":257606,"n":"Cappelletti Rana jambon cru 250g","p":3.11,"u":"12,44 €/KG","img":"https://fd6-photos.leclercdrive.fr/image.ashx?id=2886358&use=l&cat=p&typeid=i","cat":333682},{"id":257608,"n":"Raviolis Rana ricotta épinards 250g","p":3.5,"u":"14,00 €/KG","img":"https://fd6-photos.leclercdrive.fr/image.ashx?id=2886361&use=l&cat=p&typeid=i","cat":333682},{"id":257612,"n":"Tortellini Rana bacon, speck & mozzarella 250g","p":3.33,"u":"13,32 €/KG","img":"https://fd6-photos.leclercdrive.fr/image.ashx?id=2886370&use=l&cat=p&typeid=i","cat":333682},{"id":258079,"n":"Limonade Lorina pêche blanche 1L","p":2.39,"u":"2,39 €/L","img":"https://fd6-photos.leclercdrive.fr/image.ashx?id=2891094&use=l&cat=p&typeid=i","cat":284531},{"id":258093,"n":"Flocons d'avoine Grainea 1kg","p":1.74,"u":"1,74 €/KG","img":"https://fd6-photos.leclercdrive.fr/image.ashx?id=2887353&use=l&cat=p&typeid=i","cat":309512},{"id":258141,"n":"Pâtes Panzani  grandes coquillettes - 500g","p":1.63,"u":"3,26 €/KG","img":"https://fd6-photos.leclercdrive.fr/image.ashx?id=2887536&use=l&cat=p&typeid=i","cat":284427},{"id":258143,"n":"Pâtes Panzani  fusilli - 500g","p":1.63,"u":"3,26 €/KG","img":"https://fd6-photos.leclercdrive.fr/image.ashx?id=2887530&use=l&cat=p&typeid=i","cat":284427},{"id":258144,"n":"Pâtes Panzani rigatoni - 500g","p":1.63,"u":"3,26 €/KG","img":"https://fd6-photos.leclercdrive.fr/image.ashx?id=2887533&use=l&cat=p&typeid=i","cat":284427},{"id":258146,"n":"Pâtes Panzani penne rigate - 500g","p":1.64,"u":"3,28 €/KG","img":"https://fd6-photos.leclercdrive.fr/image.ashx?id=2887539&use=l&cat=p&typeid=i","cat":284427},{"id":258279,"n":"Sauce tomate Cirio spéciale pizza - 390g","p":1.16,"u":"2,97 €/KG","img":"https://fd6-photos.leclercdrive.fr/image.ashx?id=2888163&use=l&cat=p&typeid=i","cat":288384},{"id":258299,"n":"Lasagnes William Saurin Bolognaise pure boeuf - 300g","p":2.74,"u":"9,13 €/KG","img":"https://fd6-photos.leclercdrive.fr/image.ashx?id=2916012&use=l&cat=p&typeid=i","cat":284953},{"id":258301,"n":"Spaghetti William Saurin Bolognaise pure boeuf - 300g","p":2.74,"u":"9,13 €/KG","img":"https://fd6-photos.leclercdrive.fr/image.ashx?id=2939517&use=l&cat=p&typeid=i","cat":284953},{"id":258303,"n":"Poulet basquaise William Saurin 285g","p":2.75,"u":"9,65 €/KG","img":"https://fd6-photos.leclercdrive.fr/image.ashx?id=2928564&use=l&cat=p&typeid=i","cat":284953},{"id":258304,"n":"Poulet William Saurin à la crème - 280g","p":2.7,"u":"9,64 €/KG","img":"https://fd6-photos.leclercdrive.fr/image.ashx?id=2939520&use=l&cat=p&typeid=i","cat":284953},{"id":258305,"n":"Risotto William Saurin poulet et champignons - 280g","p":2.69,"u":"9,61 €/KG","img":"https://fd6-photos.leclercdrive.fr/image.ashx?id=2912113&use=l&cat=p&typeid=i","cat":284953},{"id":258308,"n":"Torsades saumon William Saurin Crème et aneth - 280g","p":2.78,"u":"9,93 €/KG","img":"https://fd6-photos.leclercdrive.fr/image.ashx?id=2916009&use=l&cat=p&typeid=i","cat":284953},{"id":258309,"n":"Merlu blanc William Saurin Riz et légumes - 300g","p":2.74,"u":"9,13 €/KG","img":"https://fd6-photos.leclercdrive.fr/image.ashx?id=2986392&use=l&cat=p&typeid=i","cat":284953},{"id":258310,"n":"Blanquette William Saurin Veau et riz - 285g","p":3.11,"u":"10,91 €/KG","img":"https://fd6-photos.leclercdrive.fr/image.ashx?id=2906286&use=l&cat=p&typeid=i","cat":284953},{"id":258311,"n":"Olives noires Rustica façon grècque - 235g","p":1.55,"u":"6,60 €/KG","img":"https://fd6-photos.leclercdrive.fr/image.ashx?id=2970590&use=l&cat=p&typeid=i","cat":284458},{"id":258312,"n":"Bourguignon William Saurin Boeuf - 300g","p":3.27,"u":"10,90 €/KG","img":"https://fd6-photos.leclercdrive.fr/image.ashx?id=2906289&use=l&cat=p&typeid=i","cat":284953},{"id":258313,"n":"Bières Desperados Sunlight  cerise/grenade 4° - 3x33cl","p":4.15,"u":"4,19 €/L","img":"https://fd6-photos.leclercdrive.fr/image.ashx?id=2899401&use=l&cat=p&typeid=i","cat":334878},{"id":258314,"n":"Hachis William Saurin Parmentier pur boeuf - 300g","p":3.1,"u":"10,33 €/KG","img":"https://fd6-photos.leclercdrive.fr/image.ashx?id=2906292&use=l&cat=p&typeid=i","cat":284953},{"id":258323,"n":"Dentifrice gencives Elmex Sensitive plus - 75ml","p":5.95,"u":"79,33 €/L","img":"https://fd6-photos.leclercdrive.fr/image.ashx?id=2888193&use=l&cat=p&typeid=i","cat":284612},{"id":258339,"n":"Glace Kinder Bueno Cônes noisettes x6 - 372g","p":5.47,"u":"14,70 €/KG","img":"https://fd6-photos.leclercdrive.fr/image.ashx?id=2891334&use=l&cat=p&typeid=i","cat":284264},{"id":258340,"n":"Glace Kinder Bueno White Cônes noisettes x6 - 372g","p":5.47,"u":"14,70 €/KG","img":"https://fd6-photos.leclercdrive.fr/image.ashx?id=2890814&use=l&cat=p&typeid=i","cat":284264},{"id":258356,"n":"Raviolis Rana Burrata chorizo 250g","p":3.89,"u":"15,56 €/KG","img":"https://fd6-photos.leclercdrive.fr/image.ashx?id=2889943&use=l&cat=p&typeid=i","cat":333682},{"id":258363,"n":"Bières Softiz Sans alcool  Saveur citron - 6x27,5cl","p":3.08,"u":"1,87 €/L","img":"https://fd6-photos.leclercdrive.fr/image.ashx?id=2887431&use=l&cat=p&typeid=i","cat":334877},{"id":258366,"n":"Bières Softiz Sans alcool  Saveur mojito - 6x27,5cl","p":3.02,"u":"1,83 €/L","img":"https://fd6-photos.leclercdrive.fr/image.ashx?id=2887428&use=l&cat=p&typeid=i","cat":334877},{"id":258387,"n":"Bières Desperados Sunlight  mangue/passion 4° - 3x33cl","p":4.04,"u":"4,08 €/L","img":"https://fd6-photos.leclercdrive.fr/image.ashx?id=2977990&use=l&cat=p&typeid=i","cat":334878},{"id":258606,"n":"Soda Fanta Orange  Bouteille - 1.25L","p":1.68,"u":"1,34 €/L","img":"https://fd6-photos.leclercdrive.fr/image.ashx?id=2924752&use=l&cat=p&typeid=i","cat":284532},{"id":258816,"n":"Cacahuètes Curly  Miel barbecue - 150g","p":1.46,"u":"9,73 €/KG","img":"https://fd6-photos.leclercdrive.fr/image.ashx?id=2906367&use=l&cat=p&typeid=i","cat":284448},{"id":258818,"n":"Cacahuète Curly Paprika - 150g","p":1.47,"u":"9,80 €/KG","img":"https://fd6-photos.leclercdrive.fr/image.ashx?id=2938728&use=l&cat=p&typeid=i","cat":284448},{"id":259159,"n":"Soin visage Fluide anti tâches  UV vitamine C  Garnier -40ml","p":9.63,"u":"240,75 €/L","img":"https://fd6-photos.leclercdrive.fr/image.ashx?id=2904251&use=l&cat=p&typeid=i","cat":325345},{"id":259189,"n":"Poudre lave-vaisselle Visior 1.71kg","p":7.66,"u":"4,48 €/KG","img":"https://fd6-photos.leclercdrive.fr/image.ashx?id=2889208&use=l&cat=p&typeid=i","cat":284656},{"id":259190,"n":"Eau de parfum Adidas Energy drive - 100ml","p":17.37,"u":"173,70 €/L","img":"https://fd6-photos.leclercdrive.fr/image.ashx?id=2892856&use=l&cat=p&typeid=i","cat":291525},{"id":259210,"n":"Nouilles instantanées poulet Teriyaki - Daisuki - 79g","p":1.03,"u":"13,04 €/KG","img":"https://fd6-photos.leclercdrive.fr/image.ashx?id=2892412&use=l&cat=p&typeid=i","cat":288992},{"id":259211,"n":"Dentifrice Enfants Sensodyne 2-6 ans - 50ml","p":3.91,"u":"78,20 €/L","img":"https://fd6-photos.leclercdrive.fr/image.ashx?id=2893009&use=l&cat=p&typeid=i","cat":288898},{"id":259212,"n":"Nouilles instantanées boeuf  Gyudon - Daisuki - 79g","p":1.0,"u":"12,66 €/KG","img":"https://fd6-photos.leclercdrive.fr/image.ashx?id=2892415&use=l&cat=p&typeid=i","cat":288993},{"id":259216,"n":"Gel douche Sanex Derma thérapie Anti-démangeaison - 425ml","p":4.46,"u":"10,49 €/L","img":"https://fd6-photos.leclercdrive.fr/image.ashx?id=2893147&use=l&cat=p&typeid=i","cat":284594},{"id":259217,"n":"Gel douche Sanex Derma thérapie Anti-dessèchement - 425ml","p":4.27,"u":"10,05 €/L","img":"https://fd6-photos.leclercdrive.fr/image.ashx?id=2913508&use=l&cat=p&typeid=i","cat":284594},{"id":259262,"n":"Bière blonde Stella Artois 5,2% - 6x25cl","p":5.68,"u":"3,79 €/L","img":"https://fd6-photos.leclercdrive.fr/image.ashx?id=2944371&use=l&cat=p&typeid=i","cat":334873},{"id":259263,"n":"Bière blonde Stella Artois 5,2% - 12x25cl","p":9.5,"pp":6.27,"u":"2,09 €/L","img":"https://fd6-photos.leclercdrive.fr/image.ashx?id=2971754&use=l&cat=p&typeid=i","cat":334873},{"id":259282,"n":"Bière blonde 8.6 Original - 8.6% - 8x50cl","p":10.69,"u":"2,67 €/L","img":"https://fd6-photos.leclercdrive.fr/image.ashx?id=3001527&use=l&cat=p&typeid=i","cat":334853},{"id":259310,"n":"Produit vaisselle easy  Paic -900ml","p":3.6,"u":"4,00 €/L","img":"https://fd6-photos.leclercdrive.fr/image.ashx?id=2983516&use=l&cat=p&typeid=i","cat":284655},{"id":259322,"n":"Pain burger Jacquet Nature x6 - 330g","p":1.37,"u":"4,15 €/KG","img":"https://fd6-photos.leclercdrive.fr/image.ashx?id=2991885&use=l&cat=p&typeid=i","cat":325067},{"id":259687,"n":"Surimi Coraya Sauce mayonnaise x33 - 338g","p":4.51,"u":"13,34 €/KG","img":"https://fd6-photos.leclercdrive.fr/image.ashx?id=2939577&use=l&cat=p&typeid=i","cat":285189},{"id":259692,"n":"Surimi Petit Coraya Sauce cocktail x33 - 338g","p":4.32,"u":"12,78 €/KG","img":"https://fd6-photos.leclercdrive.fr/image.ashx?id=2939580&use=l&cat=p&typeid=i","cat":285189},{"id":260044,"n":"Liqueur Get Menthe & fruits rouges 17.9° - 70cl","p":12.99,"u":"18,56 €/L","img":"https://fd6-photos.leclercdrive.fr/image.ashx?id=3009104&use=l&cat=p&typeid=i","cat":286032},{"id":260045,"n":"Boisson énergisante Celsius Pêche framboise - 35,5cl","p":1.4,"u":"3,94 €/L","img":"https://fd6-photos.leclercdrive.fr/image.ashx?id=2922155&use=l&cat=p&typeid=i","cat":284533},{"id":260047,"n":"Boisson énergisante Celsius Multifruits - 35,5cl","p":1.4,"u":"3,94 €/L","img":"https://fd6-photos.leclercdrive.fr/image.ashx?id=2919006&use=l&cat=p&typeid=i","cat":284533},{"id":260048,"n":"Boisson énergisante Celsius Orange - 35,5cl","p":1.4,"u":"3,94 €/L","img":"https://fd6-photos.leclercdrive.fr/image.ashx?id=2922152&use=l&cat=p&typeid=i","cat":284533},{"id":260272,"n":"Désinfectant linge Sanytol  Fraicheur active - 1L","p":7.9,"u":"7,90 €/L","img":"https://fd6-photos.leclercdrive.fr/image.ashx?id=2894125&use=l&cat=p&typeid=i","cat":290451},{"id":260273,"n":"Désinfectant linge Sanytol  Fraicheur active - 500ml","p":4.66,"u":"9,32 €/L","img":"https://fd6-photos.leclercdrive.fr/image.ashx?id=2894122&use=l&cat=p&typeid=i","cat":290451},{"id":260276,"n":"Barre de céréales Nature Valley Crunchy avoine miel - 420g","p":3.99,"u":"9,50 €/KG","img":"https://fd6-photos.leclercdrive.fr/image.ashx?id=2894512&use=l&cat=p&typeid=i","cat":300032},{"id":260279,"n":"Barre de céréales Nature Valley Crunchy avoine chocolat - 420g","p":3.99,"u":"9,50 €/KG","img":"https://fd6-photos.leclercdrive.fr/image.ashx?id=2894515&use=l&cat=p&typeid=i","cat":300032},{"id":260328,"n":"Riz Taureau Ailé Basmati du Punjab - 500g","p":2.24,"u":"4,48 €/KG","img":"https://fd6-photos.leclercdrive.fr/image.ashx?id=2893756&use=l&cat=p&typeid=i","cat":284428},{"id":260672,"n":"Head & Shoulders shampoing  Classic 2 x 250ml","p":10.71,"u":"21,42 €/L","img":"https://fd6-photos.leclercdrive.fr/image.ashx?id=2895095&use=l&cat=p&typeid=i","cat":284606},{"id":260735,"n":"Oral-B brossettes Cross Action 4+4 offertes","p":38.69,"u":"4,84 €/P","img":"https://fd6-photos.leclercdrive.fr/image.ashx?id=2905093&use=l&cat=p&typeid=i","cat":297133},{"id":261200,"n":"Cônes Magnum noisette  4x90g","p":5.06,"u":"19,46 €/KG","img":"https://fd6-photos.leclercdrive.fr/image.ashx?id=2896453&use=l&cat=p&typeid=i","cat":284264},{"id":261222,"n":"Saucisson Saint Agaûne 200g","p":4.41,"u":"22,05 €/KG","img":"https://fd6-photos.leclercdrive.fr/image.ashx?id=2977432&use=l&cat=p&typeid=i","cat":316006},{"id":261223,"n":"Saucisson sec Saint Agaûne La fine - 200g","p":4.6,"u":"23,00 €/KG","img":"https://fd6-photos.leclercdrive.fr/image.ashx?id=2960939&use=l&cat=p&typeid=i","cat":316006},{"id":261279,"n":"Tablette  de chocolat Poulain 2x95g","p":2.76,"u":"14,53 €/KG","img":"https://fd6-photos.leclercdrive.fr/image.ashx?id=2897177&use=l&cat=p&typeid=i","cat":284497},{"id":261292,"n":"Chewing-gum Hollywood  Menthe Verte sans sucres - 70g","p":2.22,"u":"31,71 €/KG","img":"https://fd6-photos.leclercdrive.fr/image.ashx?id=2987053&use=l&cat=p&typeid=i","cat":304251},{"id":261298,"n":"Chewing-gum Hollywood Menthe  Fraîche sans sucres - 70g","p":2.37,"u":"33,86 €/KG","img":"https://fd6-photos.leclercdrive.fr/image.ashx?id=2987050&use=l&cat=p&typeid=i","cat":304251},{"id":261305,"n":"Chewing-gum Hollywood 2Fresh  Menthe Forte sans sucres 66g","p":1.56,"u":"23,64 €/KG","img":"https://fd6-photos.leclercdrive.fr/image.ashx?id=3011962&use=l&cat=p&typeid=i","cat":304251},{"id":261307,"n":"Chewing-gum Hollywood 2Fresh  Menthe Verte sans sucres -  66g","p":1.56,"u":"23,64 €/KG","img":"https://fd6-photos.leclercdrive.fr/image.ashx?id=3011959&use=l&cat=p&typeid=i","cat":304251},{"id":261425,"n":"Cidou Amour de fruits nectar Ananas Goyave -1L","p":1.85,"u":"1,85 €/L","img":"https://fd6-photos.leclercdrive.fr/image.ashx?id=2897252&use=l&cat=p&typeid=i","cat":284916},{"id":261498,"n":"Chewing-gum Hollywood Blancheur  Xylitol sans sucres - 67,5g","p":2.51,"u":"36,91 €/KG","img":"https://fd6-photos.leclercdrive.fr/image.ashx?id=2994602&use=l&cat=p&typeid=i","cat":304251},{"id":261505,"n":"Chocolat Tablette d'Or Lait caramelisées - 180g","p":2.49,"u":"13,83 €/KG","img":"https://fd6-photos.leclercdrive.fr/image.ashx?id=2896837&use=l&cat=p&typeid=i","cat":284497},{"id":261507,"n":"Tablette de chocolat Equador noir citron vert - 100g","p":1.79,"u":"17,90 €/KG","img":"https://fd6-photos.leclercdrive.fr/image.ashx?id=2896834&use=l&cat=p&typeid=i","cat":284956},{"id":261508,"n":"Chocolat blanc Tablette d'Or Speculoos framboise - 180g","p":2.99,"u":"16,61 €/KG","img":"https://fd6-photos.leclercdrive.fr/image.ashx?id=2896831&use=l&cat=p&typeid=i","cat":284957},{"id":261517,"n":"Chewing-gum Hollywood  Menthe Fraîche sans sucres 87g","p":3.34,"u":"38,39 €/KG","img":"https://fd6-photos.leclercdrive.fr/image.ashx?id=2968595&use=l&cat=p&typeid=i","cat":304251},{"id":261519,"n":"Chewing-gum Hollywood Cherry 5x14g -70g","p":2.79,"u":"39,86 €/KG","img":"https://fd6-photos.leclercdrive.fr/image.ashx?id=2985696&use=l&cat=p&typeid=i","cat":304251},{"id":261520,"n":"Bonbons La Vosgienne  Sève de Pin - 125g","p":1.67,"u":"13,36 €/KG","img":"https://fd6-photos.leclercdrive.fr/image.ashx?id=2901235&use=l&cat=p&typeid=i","cat":304256},{"id":261522,"n":"Chewing-gum Hollywood Style  Menthe Verte sans sucres - 92g","p":3.53,"u":"38,37 €/KG","img":"https://fd6-photos.leclercdrive.fr/image.ashx?id=2968010&use=l&cat=p&typeid=i","cat":304251},{"id":261523,"n":"Chewing-gum Hollywood Fraise - Citron vert sans sucres 66g","p":1.56,"u":"23,64 €/KG","img":"https://fd6-photos.leclercdrive.fr/image.ashx?id=3011965&use=l&cat=p&typeid=i","cat":304251},{"id":261526,"n":"Chewing-gum Hollywood  Menthe Forte sans sucres 70g","p":2.26,"u":"32,29 €/KG","img":"https://fd6-photos.leclercdrive.fr/image.ashx?id=3001533&use=l&cat=p&typeid=i","cat":304251},{"id":261589,"n":"Sauce Soja Sucrée Kikkoman 150ml","p":3.48,"u":"23,20 €/L","img":"https://fd6-photos.leclercdrive.fr/image.ashx?id=2901214&use=l&cat=p&typeid=i","cat":288992},{"id":261594,"n":"Wraps XL Mission au blé nature  x6 - 540g","p":4.19,"u":"7,76 €/KG","img":"https://fd6-photos.leclercdrive.fr/image.ashx?id=2901157&use=l&cat=p&typeid=i","cat":288993},{"id":261599,"n":"Sauce Soja Sucrée Kikkoman 975ml","p":11.99,"u":"12,30 €/L","img":"https://fd6-photos.leclercdrive.fr/image.ashx?id=2901217&use=l&cat=p&typeid=i","cat":288992},{"id":261612,"n":"Pancakes Pasquier Vanille - x8  280g","p":2.03,"u":"7,25 €/KG","img":"https://fd6-photos.leclercdrive.fr/image.ashx?id=2900452&use=l&cat=p&typeid=i","cat":284495},{"id":261891,"n":"Sucre en buchettes Daddy Boite distributrice - 480g","p":2.54,"u":"5,29 €/KG","img":"https://fd6-photos.leclercdrive.fr/image.ashx?id=2903065&use=l&cat=p&typeid=i","cat":284502},{"id":262313,"n":"IGP Pays D'Oc Bleu de Mer  Vin Blanc Sauvignon - 75cl","p":6.24,"u":"8,32 €/L","img":"https://fd6-photos.leclercdrive.fr/image.ashx?id=2899152&use=l&cat=p&typeid=i","cat":289557},{"id":262345,"n":"Soda Fanta Orange  Canette - Pack 6x33CL","p":3.53,"u":"1,78 €/L","img":"https://fd6-photos.leclercdrive.fr/image.ashx?id=2997241&use=l&cat=p&typeid=i","cat":284532},{"id":262524,"n":"Liégois vanille La Fermière - 2x120g","p":1.99,"u":"8,29 €/KG","img":"https://fd6-photos.leclercdrive.fr/image.ashx?id=2901995&use=l&cat=p&typeid=i","cat":285042},{"id":262876,"n":"Mini fingers Cadburry 96.5g","p":1.53,"u":"15,94 €/KG","img":"https://fd6-photos.leclercdrive.fr/image.ashx?id=2902831&use=l&cat=p&typeid=i","cat":284488},{"id":263009,"n":"Bières Softiz Framboise Sans alcool  6x27,5cl","p":2.91,"u":"1,76 €/L","img":"https://fd6-photos.leclercdrive.fr/image.ashx?id=2899935&use=l&cat=p&typeid=i","cat":334877},{"id":263131,"n":"Bâtonnet Magnum Utopia Double Fruits Rouges 4x85ml","p":4.71,"u":"13,85 €/L","img":"https://fd6-photos.leclercdrive.fr/image.ashx?id=3014650&use=l&cat=p&typeid=i","cat":284265},{"id":263282,"n":"Désinfectant linge Textil 1,5L","p":2.04,"u":"1,36 €/L","img":"https://fd6-photos.leclercdrive.fr/image.ashx?id=2958768&use=l&cat=p&typeid=i","cat":290451},{"id":263287,"n":"IGP Méditerranée Blanc Studio by Miraval - 75cl","p":10.68,"u":"14,24 €/L","img":"https://fd6-photos.leclercdrive.fr/image.ashx?id=2990541&use=l&cat=p&typeid=i","cat":289557},{"id":263328,"n":"Bonbons Lutti Bubblizz Piquants - 300g","p":1.76,"u":"5,87 €/KG","img":"https://fd6-photos.leclercdrive.fr/image.ashx?id=2900983&use=l&cat=p&typeid=i","cat":304250},{"id":263698,"n":"Bière Softiz  Agrumes 6x27,5cl","p":3.33,"u":"2,02 €/L","img":"https://fd6-photos.leclercdrive.fr/image.ashx?id=2902529&use=l&cat=p&typeid=i","cat":334877},{"id":263712,"n":"Truite fumée Landvika 6 tranches 140g","p":5.24,"u":"37,43 €/KG","img":"https://fd6-photos.leclercdrive.fr/image.ashx?id=2904206&use=l&cat=p&typeid=i","cat":285188},{"id":263869,"n":"Riz pour risotto Taureau Ailé 500g","p":2.07,"u":"4,14 €/KG","img":"https://fd6-photos.leclercdrive.fr/image.ashx?id=2904389&use=l&cat=p&typeid=i","cat":284428},{"id":264376,"n":"Compote Coeur de fruits Pomme mangue 4x100g","p":1.5,"u":"3,75 €/KG","img":"https://fd6-photos.leclercdrive.fr/image.ashx?id=2907641&use=l&cat=p&typeid=i","cat":284416},{"id":264377,"n":"Compote Coeur de fruits Andros Pomme fraise 4x100g","p":1.79,"u":"4,48 €/KG","img":"https://fd6-photos.leclercdrive.fr/image.ashx?id=2907355&use=l&cat=p&typeid=i","cat":284416},{"id":264431,"n":"Matière grasse végétale Flora Doux à tartiner - 250g","p":2.08,"u":"8,32 €/KG","img":"https://fd6-photos.leclercdrive.fr/image.ashx?id=2908381&use=l&cat=p&typeid=i","cat":315229},{"id":264432,"n":"Matière grasse végétale Flora Demi-sel à tartiner - 250g","p":2.33,"u":"9,32 €/KG","img":"https://fd6-photos.leclercdrive.fr/image.ashx?id=2908384&use=l&cat=p&typeid=i","cat":315229},{"id":264692,"n":"Croque-Monsieur Maxi Herta jambon fromage x2 - 310g","p":2.49,"u":"8,03 €/KG","img":"https://fd6-photos.leclercdrive.fr/image.ashx?id=2907941&use=l&cat=p&typeid=i","cat":333671},{"id":264694,"n":"Cheetos crispy Balls  90g","p":1.1,"u":"12,22 €/KG","img":"https://fd6-photos.leclercdrive.fr/image.ashx?id=2907962&use=l&cat=p&typeid=i","cat":284449},{"id":264696,"n":"Cheetos crunchy Fromage - 90g","p":1.1,"u":"12,22 €/KG","img":"https://fd6-photos.leclercdrive.fr/image.ashx?id=2907965&use=l&cat=p&typeid=i","cat":284449},{"id":264700,"n":"Cheetos crunchy Sweet Chili - 90g","p":1.1,"u":"12,22 €/KG","img":"https://fd6-photos.leclercdrive.fr/image.ashx?id=2907968&use=l&cat=p&typeid=i","cat":284449},{"id":264707,"n":"Cheetos original  135g","p":1.81,"u":"13,41 €/KG","img":"https://fd6-photos.leclercdrive.fr/image.ashx?id=2907956&use=l&cat=p&typeid=i","cat":284449},{"id":264708,"n":"Cheetos original  Fromage - 80g","p":1.17,"u":"14,63 €/KG","img":"https://fd6-photos.leclercdrive.fr/image.ashx?id=2907959&use=l&cat=p&typeid=i","cat":284449},{"id":264791,"n":"Biscuit au Pop corn P'tit Déli Fourrés chocolat au lait - 150g","p":1.89,"u":"12,60 €/KG","img":"https://fd6-photos.leclercdrive.fr/image.ashx?id=2907303&use=l&cat=p&typeid=i","cat":284488},{"id":264903,"n":"La Panée soja Garden Gourmet 207g","p":2.42,"u":"11,69 €/KG","img":"https://fd6-photos.leclercdrive.fr/image.ashx?id=2980155&use=l&cat=p&typeid=i","cat":316036},{"id":264904,"n":"Le Classique soja  Garden Gourmet 173g","p":2.42,"u":"13,99 €/KG","img":"https://fd6-photos.leclercdrive.fr/image.ashx?id=2965319&use=l&cat=p&typeid=i","cat":316036},{"id":264959,"n":"Halloumi AOP Les Croisés 200g","p":2.66,"u":"13,30 €/KG","img":"https://fd6-photos.leclercdrive.fr/image.ashx?id=3009532&use=l&cat=p&typeid=i","cat":314026},{"id":265098,"n":"Jambon cuit supérieur  L'Atelier Charcuterie 4T - 220g","p":4.67,"u":"21,23 €/KG","img":"https://fd6-photos.leclercdrive.fr/image.ashx?id=2999045&use=l&cat=p&typeid=i","cat":316009},{"id":265105,"n":"Jambon supérieur  L'Atelier Charcuterie 4T 220g","p":3.47,"u":"15,77 €/KG","img":"https://fd6-photos.leclercdrive.fr/image.ashx?id=2999054&use=l&cat=p&typeid=i","cat":316009},{"id":265108,"n":"Jambon supérieur  L'Atelier Charcuterie 6T - 330g","p":5.12,"u":"15,52 €/KG","img":"https://fd6-photos.leclercdrive.fr/image.ashx?id=2928162&use=l&cat=p&typeid=i","cat":316009},{"id":265151,"n":"Fromage enfant Mini Babybel  22 portions 484g","p":7.79,"u":"16,10 €/KG","img":"https://fd6-photos.leclercdrive.fr/image.ashx?id=2935843&use=l&cat=p&typeid=i","cat":314030},{"id":265152,"n":"Fromage apéritif Apéricube Soirée match 48 cubes 250g","p":4.17,"u":"16,68 €/KG","img":"https://fd6-photos.leclercdrive.fr/image.ashx?id=2908915&use=l&cat=p&typeid=i","cat":314027},{"id":265346,"n":"Cornichons Kühne Petits  croquants Aigres-doux - 190g","p":2.47,"u":"13,00 €/KG","img":"https://fd6-photos.leclercdrive.fr/image.ashx?id=2911930&use=l&cat=p&typeid=i","cat":284458},{"id":265443,"n":"Martini Bianco 14.5° - 1L","p":10.5,"u":"10,50 €/L","img":"https://fd6-photos.leclercdrive.fr/image.ashx?id=2941952&use=l&cat=p&typeid=i","cat":284913},{"id":265446,"n":"Martini Fiero 14.5° - 1L","p":10.5,"u":"10,50 €/L","img":"https://fd6-photos.leclercdrive.fr/image.ashx?id=2911573&use=l&cat=p&typeid=i","cat":284913},{"id":265450,"n":"Martini rosso 14.5° - 1L","p":10.5,"u":"10,50 €/L","img":"https://fd6-photos.leclercdrive.fr/image.ashx?id=2941949&use=l&cat=p&typeid=i","cat":284913},{"id":265506,"n":"Lingettes sèches balai Swiffer Attrape-poussière - x36","p":7.8,"img":"https://fd6-photos.leclercdrive.fr/image.ashx?id=2911585&use=l&cat=p&typeid=i","cat":325364},{"id":265507,"n":"Kit plumeau Swiffer Anti-poussière +4 recharges","p":5.18,"img":"https://fd6-photos.leclercdrive.fr/image.ashx?id=2917106&use=l&cat=p&typeid=i","cat":325364},{"id":265508,"n":"Kit démarrage plumeau Swiffer 1 manche + 4 recharges","p":5.04,"img":"https://fd6-photos.leclercdrive.fr/image.ashx?id=3011938&use=l&cat=p&typeid=i","cat":325364},{"id":265512,"n":"Recharges plumeaux Swiffer x9","p":8.01,"img":"https://fd6-photos.leclercdrive.fr/image.ashx?id=2912704&use=l&cat=p&typeid=i","cat":325364},{"id":265514,"n":"Adoucissant Lenor collection Jasmin et rose de mai 1.155L","p":4.53,"u":"3,92 €/L","img":"https://fd6-photos.leclercdrive.fr/image.ashx?id=2912701&use=l&cat=p&typeid=i","cat":284650},{"id":265517,"n":"Lingettes humides balai Swiffer Attrape-poussière Citron x10","p":6.13,"img":"https://fd6-photos.leclercdrive.fr/image.ashx?id=2912698&use=l&cat=p&typeid=i","cat":325364},{"id":265519,"n":"Adoucissant Lenor Fresh Air Jardins en fleurs - 504ml x36","p":4.53,"u":"8,99 €/L","img":"https://fd6-photos.leclercdrive.fr/image.ashx?id=2912686&use=l&cat=p&typeid=i","cat":284650},{"id":265772,"n":"Concentré à diluer Pulco Citron Gingembre - 70cl","p":3.05,"u":"4,36 €/L","img":"https://fd6-photos.leclercdrive.fr/image.ashx?id=2941532&use=l&cat=p&typeid=i","cat":295020},{"id":265799,"n":"Désodorisant Febreze Linge frais - x3 recharges","p":8.03,"u":"401,50 €/L","img":"https://fd6-photos.leclercdrive.fr/image.ashx?id=2912680&use=l&cat=p&typeid=i","cat":311629},{"id":265811,"n":"Capsules lave-vaisselle Finish Quantum x60 - 624g","p":10.8,"u":"17,31 €/KG","img":"https://fd6-photos.leclercdrive.fr/image.ashx?id=2911453&use=l&cat=p&typeid=i","cat":284656},{"id":265816,"n":"Dentifrice Parodontax Renforce & protège Blancheur - 75ml","p":6.81,"u":"90,80 €/MT","img":"https://fd6-photos.leclercdrive.fr/image.ashx?id=2911558&use=l&cat=p&typeid=i","cat":284612},{"id":265828,"n":"Bain de bouche Parodontax Renforce & protège Menthe 500ml","p":5.74,"u":"11,48 €/L","img":"https://fd6-photos.leclercdrive.fr/image.ashx?id=2911561&use=l&cat=p&typeid=i","cat":284613},{"id":265890,"n":"Vodka Poliakov cherry 70cl 32°","p":12.4,"u":"17,71 €/L","img":"https://fd6-photos.leclercdrive.fr/image.ashx?id=3002048&use=l&cat=p&typeid=i","cat":284550},{"id":265913,"n":"Lessive en capsule Dash 2 en 1 Fraîcheur de coton - 696g","p":13.99,"u":"20,10 €/KG","img":"https://fd6-photos.leclercdrive.fr/image.ashx?id=2914873&use=l&cat=p&typeid=i","cat":284641},{"id":265920,"n":"Tablette lave-vaisselle Fairy  Platinium Anti-terne - 388g","p":9.03,"u":"23,27 €/KG","img":"https://fd6-photos.leclercdrive.fr/image.ashx?id=2914879&use=l&cat=p&typeid=i","cat":284656},{"id":265921,"n":"Capsules lave-vaisselle Fairy Platinium Plus anti-terne 388g","p":8.04,"u":"20,72 €/KG","img":"https://fd6-photos.leclercdrive.fr/image.ashx?id=2914189&use=l&cat=p&typeid=i","cat":284656},{"id":265932,"n":"Tablettes lave-vaisselle Fairy Original tout en 1 x35 - 473g","p":7.71,"u":"16,30 €/KG","img":"https://fd6-photos.leclercdrive.fr/image.ashx?id=2914201&use=l&cat=p&typeid=i","cat":284656},{"id":265941,"n":"Dentifrice Sensodyne Soin gencives 3x75ml","p":9.83,"pp":5.9,"u":"26,22 €/L","img":"https://fd6-photos.leclercdrive.fr/image.ashx?id=3009020&use=l&cat=p&typeid=i","cat":284612},{"id":265947,"n":"Dentifrice Sensodyne  Soin complet 3x75ml","p":9.83,"pp":5.9,"u":"26,22 €/L","img":"https://fd6-photos.leclercdrive.fr/image.ashx?id=3009023&use=l&cat=p&typeid=i","cat":284612},{"id":265950,"n":"Dentifrice Sensodyne Soin blancheur 3x75ml","p":9.83,"pp":5.9,"u":"26,22 €/L","img":"https://fd6-photos.leclercdrive.fr/image.ashx?id=3009026&use=l&cat=p&typeid=i","cat":284612},{"id":266078,"n":"Lessive liquide Persil Douceur d'amande - 2.565L x61","p":9.55,"u":"3,72 €/L","img":"https://fd6-photos.leclercdrive.fr/image.ashx?id=2944497&use=l&cat=p&typeid=i","cat":284640},{"id":266088,"n":"Adoucissant Cajoline Creations Brise de muguet 1.386L x66","p":4.99,"u":"3,60 €/L","img":"https://fd6-photos.leclercdrive.fr/image.ashx?id=2914240&use=l&cat=p&typeid=i","cat":284650},{"id":266093,"n":"Adoucissant Lenor Envolée d'air - x55 - 1.155L","p":4.53,"u":"3,92 €/L","img":"https://fd6-photos.leclercdrive.fr/image.ashx?id=2914171&use=l&cat=p&typeid=i","cat":284650},{"id":266105,"n":"Nettoyant lave-vaisselle Finish Protector - 30g","p":3.62,"u":"120,67 €/KG","img":"https://fd6-photos.leclercdrive.fr/image.ashx?id=2914894&use=l&cat=p&typeid=i","cat":284657},{"id":266107,"n":"Gel WC Harpic Power Plus 750ml","p":2.71,"u":"3,61 €/L","img":"https://fd6-photos.leclercdrive.fr/image.ashx?id=2914027&use=l&cat=p&typeid=i","cat":284662},{"id":266108,"n":"Bloc WC Harpic Hygienic & Fresh Pin Eucalyptus - x2","p":2.39,"img":"https://fd6-photos.leclercdrive.fr/image.ashx?id=2914636&use=l&cat=p&typeid=i","cat":284662},{"id":266110,"n":"Bloc WC Harpic Hygienic & Fresh 2.0 Agrume - x2","p":2.71,"img":"https://fd6-photos.leclercdrive.fr/image.ashx?id=2914633&use=l&cat=p&typeid=i","cat":284662},{"id":266111,"n":"Bloc WC Harpic Hygienic & Fresh 2.0 Marine - x2","p":2.82,"img":"https://fd6-photos.leclercdrive.fr/image.ashx?id=2914024&use=l&cat=p&typeid=i","cat":284662},{"id":266113,"n":"Lessive liquide Ariel Unstoppable - x30 1.350L","p":9.88,"u":"7,32 €/L","img":"https://fd6-photos.leclercdrive.fr/image.ashx?id=2914144&use=l&cat=p&typeid=i","cat":284640},{"id":266114,"n":"Lessive liquide Ariel Alpine - x35 - 1.575L","p":9.88,"u":"6,27 €/L","img":"https://fd6-photos.leclercdrive.fr/image.ashx?id=2914822&use=l&cat=p&typeid=i","cat":284640},{"id":266137,"n":"Lessive liquide Ariel Ultra détachant - 1.350L x30","p":9.88,"u":"7,32 €/L","img":"https://fd6-photos.leclercdrive.fr/image.ashx?id=2914147&use=l&cat=p&typeid=i","cat":284640},{"id":266139,"n":"Gel WC Harpic Power Plus Marine - 750ml","p":2.55,"u":"3,40 €/L","img":"https://fd6-photos.leclercdrive.fr/image.ashx?id=2914021&use=l&cat=p&typeid=i","cat":284662},{"id":266143,"n":"Adoucissant Lenor Fresh Air Rayons soleil - 504ml - x36D","p":4.53,"u":"8,99 €/L","img":"https://fd6-photos.leclercdrive.fr/image.ashx?id=2914153&use=l&cat=p&typeid=i","cat":284650},{"id":266145,"n":"Adoucissant Lenor Fresh Air Soleil tropical - 504ml - x36","p":4.53,"u":"8,99 €/L","img":"https://fd6-photos.leclercdrive.fr/image.ashx?id=2914156&use=l&cat=p&typeid=i","cat":284650},{"id":266147,"n":"Parfum de linge Lenor Parfum d'Ariel - x13 - 155g","p":4.53,"u":"29,23 €/KG","img":"https://fd6-photos.leclercdrive.fr/image.ashx?id=2914159&use=l&cat=p&typeid=i","cat":325302},{"id":266149,"n":"Adoucissant Lenor Fresh Air Fraîcheur matinale 504ml - x36","p":4.53,"u":"8,99 €/L","img":"https://fd6-photos.leclercdrive.fr/image.ashx?id=2914150&use=l&cat=p&typeid=i","cat":284650},{"id":266150,"n":"Lait corps hydratation Nivea Express - 250ml","p":4.11,"u":"16,44 €/L","img":"https://fd6-photos.leclercdrive.fr/image.ashx?id=2977648&use=l&cat=p&typeid=i","cat":325349},{"id":266162,"n":"Capsules lave-vaisselle Finish Quantum - 707g - x68","p":11.88,"pp":7.13,"u":"10,08 €/KG","img":"https://fd6-photos.leclercdrive.fr/image.ashx?id=2914627&use=l&cat=p&typeid=i","cat":284656},{"id":266163,"n":"Parfum de linge Lenor Jasmin & Rose de mai 155g x13","p":4.53,"u":"29,23 €/KG","img":"https://fd6-photos.leclercdrive.fr/image.ashx?id=2914162&use=l&cat=p&typeid=i","cat":325302},{"id":266166,"n":"Lessive capsules Ariel 3en1 Pods - Alpine - 546g - x30","p":13.48,"u":"24,69 €/KG","img":"https://fd6-photos.leclercdrive.fr/image.ashx?id=2914177&use=l&cat=p&typeid=i","cat":284641},{"id":266167,"n":"Fromage enfant Mini Babybel Emmental 6 portions","p":2.61,"u":"0,44 €/P","img":"https://fd6-photos.leclercdrive.fr/image.ashx?id=2911915&use=l&cat=p&typeid=i","cat":314030},{"id":266168,"n":"Lessive capsules Ariel 3en1 Pods - Alpine - 346g x19","p":9.68,"u":"27,98 €/KG","img":"https://fd6-photos.leclercdrive.fr/image.ashx?id=2914867&use=l&cat=p&typeid=i","cat":284641},{"id":266177,"n":"Adoucissant Soupline Lenor Ambre & orchidée - 1.155L x55","p":4.53,"u":"3,92 €/L","img":"https://fd6-photos.leclercdrive.fr/image.ashx?id=2914165&use=l&cat=p&typeid=i","cat":284650},{"id":266178,"n":"Adoucissant Lenor Envolée air - 882ml x42","p":4.89,"u":"5,54 €/L","img":"https://fd6-photos.leclercdrive.fr/image.ashx?id=2914168&use=l&cat=p&typeid=i","cat":284650},{"id":266181,"n":"Adoucissant Lenor Bouquet floral - 1.155L - x55","p":4.53,"u":"3,92 €/L","img":"https://fd6-photos.leclercdrive.fr/image.ashx?id=2914174&use=l&cat=p&typeid=i","cat":284650},{"id":266182,"n":"Adoucissant Lenor Ambre & orchidée - 882ml - x42","p":4.49,"u":"5,09 €/L","img":"https://fd6-photos.leclercdrive.fr/image.ashx?id=2914864&use=l&cat=p&typeid=i","cat":284650},{"id":266183,"n":"Adoucissant Lenor Jasmin & Rose de mai 882ml x42","p":4.49,"u":"5,09 €/L","img":"https://fd6-photos.leclercdrive.fr/image.ashx?id=2914861&use=l&cat=p&typeid=i","cat":284650},{"id":266210,"n":"Adoucissant Soupline Concentré   Sublime Musc 1,26L","p":5.73,"u":"4,55 €/L","img":"https://fd6-photos.leclercdrive.fr/image.ashx?id=2966803&use=l&cat=p&typeid=i","cat":284650},{"id":266232,"n":"Riz risotto Taureau Ailé 1kg","p":3.39,"u":"3,39 €/KG","img":"https://fd6-photos.leclercdrive.fr/image.ashx?id=2914696&use=l&cat=p&typeid=i","cat":284428},{"id":266252,"n":"Sardines Parmentier A l'huile de tournesol - 2x135g","p":2.94,"u":"10,89 €/KG","img":"https://fd6-photos.leclercdrive.fr/image.ashx?id=2913829&use=l&cat=p&typeid=i","cat":305146},{"id":266253,"n":"Sardines Parmentier A l'huile Tournesol vierge extra Bio 120g","p":1.87,"u":"15,58 €/KG","img":"https://fd6-photos.leclercdrive.fr/image.ashx?id=2913832&use=l&cat=p&typeid=i","cat":305146},{"id":266436,"n":"Lessive liquide Ariel Original - 1.575L - x35","p":9.88,"u":"6,27 €/L","img":"https://fd6-photos.leclercdrive.fr/image.ashx?id=2914813&use=l&cat=p&typeid=i","cat":284640},{"id":266440,"n":"Lessive liquide Ariel Active - 1350ml x30","p":9.88,"u":"7,32 €/L","img":"https://fd6-photos.leclercdrive.fr/image.ashx?id=2914828&use=l&cat=p&typeid=i","cat":284640},{"id":266444,"n":"Lessive capsules Ariel 3en1 Original - 546g - x30","p":11.44,"u":"20,95 €/KG","img":"https://fd6-photos.leclercdrive.fr/image.ashx?id=2914834&use=l&cat=p&typeid=i","cat":284641},{"id":266445,"n":"Lessive capsules Ariel Pods+ Active - 554g - x26","p":15.55,"u":"28,07 €/KG","img":"https://fd6-photos.leclercdrive.fr/image.ashx?id=2914843&use=l&cat=p&typeid=i","cat":284641},{"id":266446,"n":"Lessive capsules Ariel Pods+ Active - 405g - x19","p":10.66,"u":"26,32 €/KG","img":"https://fd6-photos.leclercdrive.fr/image.ashx?id=2914849&use=l&cat=p&typeid=i","cat":284641},{"id":266448,"n":"Lessive capsules Ariel Pods Original - 346g - x19","p":9.6,"u":"27,75 €/KG","img":"https://fd6-photos.leclercdrive.fr/image.ashx?id=2914855&use=l&cat=p&typeid=i","cat":284641},{"id":266450,"n":"Lessive capsules Ariel Pods+ Ultra détachant - 443g x19","p":10.66,"u":"24,06 €/KG","img":"https://fd6-photos.leclercdrive.fr/image.ashx?id=2914837&use=l&cat=p&typeid=i","cat":284641},{"id":266452,"n":"Lessive capsules Ariel Pods+ Unstoppable - 376g x19","p":10.66,"u":"28,35 €/KG","img":"https://fd6-photos.leclercdrive.fr/image.ashx?id=2914840&use=l&cat=p&typeid=i","cat":284641},{"id":266470,"n":"Recharges diffuseur électrique Airwick - Cannelle - 19ml","p":4.56,"u":"240,00 €/L","img":"https://fd6-photos.leclercdrive.fr/image.ashx?id=2914624&use=l&cat=p&typeid=i","cat":311629},{"id":266473,"n":"Eau gazeuse San Pellegrino Pêche Menthe - 6x33cl","p":3.46,"u":"1,75 €/L","img":"https://fd6-photos.leclercdrive.fr/image.ashx?id=2914780&use=l&cat=p&typeid=i","cat":284532},{"id":266633,"n":"Dentrifrice Oral-B Pro Expert Protection - 2x75ml","p":5.87,"u":"39,13 €/L","img":"https://fd6-photos.leclercdrive.fr/image.ashx?id=2938286&use=l&cat=p&typeid=i","cat":284612},{"id":266634,"n":"Oral B Pro Expert Nettoyage Intense - 2x75ml","p":5.87,"u":"39,13 €/L","img":"https://fd6-photos.leclercdrive.fr/image.ashx?id=2966152&use=l&cat=p&typeid=i","cat":284612},{"id":266635,"n":"Dentrifrice Oral-B Pro Expert Dents Sensibles - 2x75ml","p":5.82,"u":"38,80 €/L","img":"https://fd6-photos.leclercdrive.fr/image.ashx?id=2966155&use=l&cat=p&typeid=i","cat":284612},{"id":266637,"n":"Oral B Pro Expert Blancheur Saine - 2x75ml","p":5.88,"u":"39,20 €/L","img":"https://fd6-photos.leclercdrive.fr/image.ashx?id=2938289&use=l&cat=p&typeid=i","cat":284612},{"id":266638,"n":"Dentifrice Oral-B 3D White Charbon - 2x75ml","p":4.69,"u":"31,27 €/L","img":"https://fd6-photos.leclercdrive.fr/image.ashx?id=2916483&use=l&cat=p&typeid=i","cat":284612},{"id":266704,"n":"Barres chocolatées Knoppers Lait Noisette - x5 - 200g","p":2.15,"u":"10,75 €/KG","img":"https://fd6-photos.leclercdrive.fr/image.ashx?id=2967609&use=l&cat=p&typeid=i","cat":284498},{"id":266705,"n":"Pain de mie La Boulangère Toastiligne Complet - 330g","p":1.72,"u":"5,21 €/KG","img":"https://fd6-photos.leclercdrive.fr/image.ashx?id=2926657&use=l&cat=p&typeid=i","cat":284477},{"id":266706,"n":"Pain de mie La Boulangère Complet & graines - 500g","p":1.88,"u":"3,76 €/KG","img":"https://fd6-photos.leclercdrive.fr/image.ashx?id=2926693&use=l&cat=p&typeid=i","cat":284477},{"id":266721,"n":"Chips Croky Paprika - 150g","p":1.39,"u":"9,27 €/KG","img":"https://fd6-photos.leclercdrive.fr/image.ashx?id=2920271&use=l&cat=p&typeid=i","cat":284447},{"id":266724,"n":"Chips Partymix Croky 6x30g","p":2.31,"u":"12,83 €/KG","img":"https://fd6-photos.leclercdrive.fr/image.ashx?id=2920265&use=l&cat=p&typeid=i","cat":284447},{"id":266725,"n":"Chips Croky Bicky - 150g","p":1.39,"u":"9,27 €/KG","img":"https://fd6-photos.leclercdrive.fr/image.ashx?id=2920268&use=l&cat=p&typeid=i","cat":284447},{"id":266726,"n":"Chips Croky Ketchup - 150g","p":1.39,"u":"9,27 €/KG","img":"https://fd6-photos.leclercdrive.fr/image.ashx?id=2920277&use=l&cat=p&typeid=i","cat":284447},{"id":266727,"n":"Chips Croky Pickles - 150g","p":1.36,"u":"9,07 €/KG","img":"https://fd6-photos.leclercdrive.fr/image.ashx?id=2920280&use=l&cat=p&typeid=i","cat":284447},{"id":266729,"n":"Chips Croky Bolognese - 150g","p":1.42,"u":"9,47 €/KG","img":"https://fd6-photos.leclercdrive.fr/image.ashx?id=2920274&use=l&cat=p&typeid=i","cat":284447},{"id":266755,"n":"Gel détartrant Canard WC Ecolabel - 750ml","p":2.47,"pp":1.63,"u":"2,17 €/L","img":"https://fd6-photos.leclercdrive.fr/image.ashx?id=2916390&use=l&cat=p&typeid=i","cat":284662},{"id":266757,"n":"Gel nettoyant Canard Action rapide - 750ml","p":2.47,"pp":1.63,"u":"2,17 €/L","img":"https://fd6-photos.leclercdrive.fr/image.ashx?id=2916393&use=l&cat=p&typeid=i","cat":284662},{"id":267004,"n":"Soda Coca Cola Cherry Canette 6x20cl","p":4.19,"u":"3,49 €/L","img":"https://fd6-photos.leclercdrive.fr/image.ashx?id=2916438&use=l&cat=p&typeid=i","cat":284530},{"id":267005,"n":"Soda Coca-Cola Lemon Bouteille - 1,25L","p":2.08,"u":"1,66 €/L","img":"https://fd6-photos.leclercdrive.fr/image.ashx?id=2916435&use=l&cat=p&typeid=i","cat":284530},{"id":267014,"n":"Tortillas de blé Old El Paso Complet x10 - 580g","p":3.82,"u":"6,59 €/KG","img":"https://fd6-photos.leclercdrive.fr/image.ashx?id=2916492&use=l&cat=p&typeid=i","cat":288993},{"id":267203,"n":"Porp Corn salés Tokapi Pop-Box - x2 - 180g","p":1.61,"u":"8,94 €/KG","img":"https://fd6-photos.leclercdrive.fr/image.ashx?id=2915660&use=l&cat=p&typeid=i","cat":304249},{"id":267328,"n":"Nettoyant désinfectant Clair 1.5L","p":1.85,"u":"1,23 €/L","img":"https://fd6-photos.leclercdrive.fr/image.ashx?id=2916593&use=l&cat=p&typeid=i","cat":325357},{"id":267333,"n":"Adoucissant Cajoline Créations Fleur de tiaré & Pivoine 1.386L","p":4.99,"u":"3,60 €/L","img":"https://fd6-photos.leclercdrive.fr/image.ashx?id=2917112&use=l&cat=p&typeid=i","cat":284650},{"id":267335,"n":"Adoucissant Cajoline Créations Lavande & Rose blanche 1.386L","p":4.99,"u":"3,60 €/L","img":"https://fd6-photos.leclercdrive.fr/image.ashx?id=2917115&use=l&cat=p&typeid=i","cat":284650},{"id":267336,"n":"Adoucissant Cajoline Doux & Pur L'original - 1.386L x66","p":4.99,"u":"3,60 €/L","img":"https://fd6-photos.leclercdrive.fr/image.ashx?id=2917118&use=l&cat=p&typeid=i","cat":284650},{"id":267346,"n":"Vodka Eristoff passion 18%vol - 70cl","p":11.67,"u":"16,67 €/L","img":"https://fd6-photos.leclercdrive.fr/image.ashx?id=2917058&use=l&cat=p&typeid=i","cat":284550},{"id":267352,"n":"IGP Pays d'Oc moelleux Miss Anais 75cl","p":6.15,"pp":4.3,"u":"5,73 €/L","img":"https://fd6-photos.leclercdrive.fr/image.ashx?id=2916776&use=l&cat=p&typeid=i","cat":289557},{"id":267371,"n":"Adoucissant Cajoline Créations Fleur de la passion 1.386L x66","p":4.99,"u":"3,60 €/L","img":"https://fd6-photos.leclercdrive.fr/image.ashx?id=2918107&use=l&cat=p&typeid=i","cat":284650},{"id":267382,"n":"Lingettes bébé Corine de Farme Water essential - x70","p":2.55,"img":"https://fd6-photos.leclercdrive.fr/image.ashx?id=2917873&use=l&cat=p&typeid=i","cat":284738},{"id":267411,"n":"Bière Softiz Pêche Sans alcool - 6x27.5cl","p":3.16,"u":"1,92 €/L","img":"https://fd6-photos.leclercdrive.fr/image.ashx?id=2916764&use=l&cat=p&typeid=i","cat":334877},{"id":267421,"n":"Couches T5 bébé little movers Huggies - x42","p":17.77,"u":"0,42 €/P","img":"https://fd6-photos.leclercdrive.fr/image.ashx?id=2917993&use=l&cat=p&typeid=i","cat":284737},{"id":267424,"n":"Couches T4 bébé little movers Huggies - x44","p":16.52,"u":"0,38 €/P","img":"https://fd6-photos.leclercdrive.fr/image.ashx?id=2918005&use=l&cat=p&typeid=i","cat":284737},{"id":267433,"n":"Matin+ Mandarine, Kaki Passion - 90cl","p":2.52,"u":"2,80 €/L","img":"https://fd6-photos.leclercdrive.fr/image.ashx?id=2917729&use=l&cat=p&typeid=i","cat":284915},{"id":267435,"n":"Matin+ Mandarine, Mangue Banane - 90cl","p":2.78,"u":"3,09 €/L","img":"https://fd6-photos.leclercdrive.fr/image.ashx?id=2917732&use=l&cat=p&typeid=i","cat":284915},{"id":267542,"n":"Skyr Yoplait  Fraise - 4x100g","p":1.99,"u":"4,98 €/KG","img":"https://fd6-photos.leclercdrive.fr/image.ashx?id=2917792&use=l&cat=p&typeid=i","cat":315000},{"id":267988,"n":"Jus de clémentine Innocent 750ml","p":2.82,"u":"3,76 €/L","img":"https://fd6-photos.leclercdrive.fr/image.ashx?id=2926066&use=l&cat=p&typeid=i","cat":284354},{"id":267990,"n":"Jus de poire Innocent 750ml","p":2.84,"u":"3,79 €/L","img":"https://fd6-photos.leclercdrive.fr/image.ashx?id=2925882&use=l&cat=p&typeid=i","cat":284354},{"id":268005,"n":"Jambon cru Serrano Aoste  4 tranches - 67g","p":2.63,"u":"39,25 €/KG","img":"https://fd6-photos.leclercdrive.fr/image.ashx?id=2939844&use=l&cat=p&typeid=i","cat":316007},{"id":268010,"n":"Skyr Délisse Vanille 4x100g","p":1.89,"u":"4,73 €/KG","img":"https://fd6-photos.leclercdrive.fr/image.ashx?id=2992606&use=l&cat=p&typeid=i","cat":315000},{"id":268011,"n":"Skyr Délisse Fruits rouges 4x100g","p":1.87,"u":"4,68 €/KG","img":"https://fd6-photos.leclercdrive.fr/image.ashx?id=2992609&use=l&cat=p&typeid=i","cat":315000},{"id":268029,"n":"Culottes Pampers Baby-dry Pants Taille 7 - x29","p":17.1,"u":"0,59 €/P","img":"https://fd6-photos.leclercdrive.fr/image.ashx?id=2919934&use=l&cat=p&typeid=i","cat":290633},{"id":268031,"n":"Jus multifruits Andros La vie en jaune 90cl","p":2.91,"u":"3,23 €/L","img":"https://fd6-photos.leclercdrive.fr/image.ashx?id=2919853&use=l&cat=p&typeid=i","cat":284354},{"id":268038,"n":"Couches Pampers Baby-dry Taille 4 - x43","p":14.37,"u":"0,33 €/P","img":"https://fd6-photos.leclercdrive.fr/image.ashx?id=2942003&use=l&cat=p&typeid=i","cat":284737},{"id":268039,"n":"Couches Pampers Baby-Dry Taille 5 - x38","p":14.37,"u":"0,38 €/P","img":"https://fd6-photos.leclercdrive.fr/image.ashx?id=2919976&use=l&cat=p&typeid=i","cat":284737},{"id":268041,"n":"Couches Pampers Baby-Dry Taille 2 - x56","p":16.76,"u":"0,30 €/P","img":"https://fd6-photos.leclercdrive.fr/image.ashx?id=2919982&use=l&cat=p&typeid=i","cat":284737},{"id":268042,"n":"Culottes Pampers Baby-Dry Pants Taille 5 - x36","p":14.37,"u":"0,40 €/P","img":"https://fd6-photos.leclercdrive.fr/image.ashx?id=2920006&use=l&cat=p&typeid=i","cat":290633},{"id":268048,"n":"Jus multivitaminés Andros  ACE orange carotte citron 1L","p":2.97,"u":"2,97 €/L","img":"https://fd6-photos.leclercdrive.fr/image.ashx?id=2919841&use=l&cat=p&typeid=i","cat":284354},{"id":268050,"n":"Couches Pampers Baby-Dry Taille 6 - x33","p":17.35,"u":"0,53 €/P","img":"https://fd6-photos.leclercdrive.fr/image.ashx?id=2941994&use=l&cat=p&typeid=i","cat":284737},{"id":268051,"n":"Jus multifruits Innocent  Orange passion mandarine 900ml","p":2.96,"u":"3,29 €/L","img":"https://fd6-photos.leclercdrive.fr/image.ashx?id=2919886&use=l&cat=p&typeid=i","cat":284354},{"id":268052,"n":"Couches Pampers Baby-Dry Taille 5+ - x35","p":17.24,"u":"0,49 €/P","img":"https://fd6-photos.leclercdrive.fr/image.ashx?id=2942006&use=l&cat=p&typeid=i","cat":284737},{"id":268054,"n":"Couches Pampers Baby-Dry Taille 3 - x50","p":16.87,"u":"0,34 €/P","img":"https://fd6-photos.leclercdrive.fr/image.ashx?id=2919988&use=l&cat=p&typeid=i","cat":284737},{"id":268055,"n":"Jus multifruits Innocent Pomme concombre kiwi 900ml","p":2.73,"u":"3,03 €/L","img":"https://fd6-photos.leclercdrive.fr/image.ashx?id=2920558&use=l&cat=p&typeid=i","cat":284354},{"id":268056,"n":"Jus multifruits Innocent Orange mangue 900ml","p":2.76,"u":"3,07 €/L","img":"https://fd6-photos.leclercdrive.fr/image.ashx?id=2919892&use=l&cat=p&typeid=i","cat":284354},{"id":268057,"n":"Couches Pampers Premium Protection Taille 2 - x54","p":17.47,"u":"0,32 €/P","img":"https://fd6-photos.leclercdrive.fr/image.ashx?id=2957392&use=l&cat=p&typeid=i","cat":284737},{"id":268062,"n":"Haché à la dinde Volandrie Tomate et oignon 350g","p":3.65,"u":"10,43 €/KG","img":"https://fd6-photos.leclercdrive.fr/image.ashx?id=2918538&use=l&cat=p&typeid=i","cat":284337},{"id":268070,"n":"Compotes Andros Pomme passion 4x100g","p":1.68,"u":"4,20 €/KG","img":"https://fd6-photos.leclercdrive.fr/image.ashx?id=2919838&use=l&cat=p&typeid=i","cat":284416},{"id":268077,"n":"Fromage Mini Babybel  Protéines x5 - 110g","p":2.36,"u":"21,45 €/KG","img":"https://fd6-photos.leclercdrive.fr/image.ashx?id=2923567&use=l&cat=p&typeid=i","cat":314030},{"id":268179,"n":"Culottes Pampers Premium Protection Pants - Taille 5 x29","p":17.96,"u":"0,62 €/P","img":"https://fd6-photos.leclercdrive.fr/image.ashx?id=3009245&use=l&cat=p&typeid=i","cat":290633},{"id":268185,"n":"Couches Pampers Baby-Dry Taille 4+ - x39","p":17.41,"u":"0,45 €/P","img":"https://fd6-photos.leclercdrive.fr/image.ashx?id=2941997&use=l&cat=p&typeid=i","cat":284737},{"id":268186,"n":"Couches Pmapers Premium Protection - Taille 4 x38","p":16.97,"u":"0,45 €/P","img":"https://fd6-photos.leclercdrive.fr/image.ashx?id=2919994&use=l&cat=p&typeid=i","cat":284737},{"id":268187,"n":"Couches Pampers Premium Protection - Taille 6 x29","p":16.78,"u":"0,58 €/P","img":"https://fd6-photos.leclercdrive.fr/image.ashx?id=2919997&use=l&cat=p&typeid=i","cat":284737},{"id":268189,"n":"Couches Pampers Premium Protection Taille 3 x46","p":17.58,"u":"0,38 €/P","img":"https://fd6-photos.leclercdrive.fr/image.ashx?id=2991009&use=l&cat=p&typeid=i","cat":284737},{"id":268190,"n":"Couches Pampers Premium Protection Taille 5 x33","p":16.97,"u":"0,51 €/P","img":"https://fd6-photos.leclercdrive.fr/image.ashx?id=2991012&use=l&cat=p&typeid=i","cat":284737},{"id":268191,"n":"Culottes Pampers Baby-Dry Pants Taille 6 - x31","p":14.37,"u":"0,46 €/P","img":"https://fd6-photos.leclercdrive.fr/image.ashx?id=2920009&use=l&cat=p&typeid=i","cat":290633},{"id":268192,"n":"Culottes Pampers Baby-Dry Pants Taille 4 - x41","p":16.72,"u":"0,41 €/P","img":"https://fd6-photos.leclercdrive.fr/image.ashx?id=2920012&use=l&cat=p&typeid=i","cat":290633},{"id":268236,"n":"Fusilli Barilla  Protein + - 400g","p":2.21,"u":"5,53 €/KG","img":"https://fd6-photos.leclercdrive.fr/image.ashx?id=2919925&use=l&cat=p&typeid=i","cat":284427},{"id":268346,"n":"Biscuits BN fourrés chocolat à la pâte à tartiner- x3 - 855g","p":6.44,"u":"7,53 €/KG","img":"https://fd6-photos.leclercdrive.fr/image.ashx?id=2921477&use=l&cat=p&typeid=i","cat":284488},{"id":268347,"n":"Pétales snacks Tokapi Goût crème oignon - 75g","p":0.89,"u":"11,87 €/KG","img":"https://fd6-photos.leclercdrive.fr/image.ashx?id=2920241&use=l&cat=p&typeid=i","cat":284449},{"id":268460,"n":"Disque gel WC Nicols Océan - 10 doses","p":2.59,"u":"24,67 €/KG","img":"https://fd6-photos.leclercdrive.fr/image.ashx?id=2922140&use=l&cat=p&typeid=i","cat":284662},{"id":268461,"n":"Disque gel WC Nicols Citron - 10 doses","p":2.59,"u":"24,67 €/KG","img":"https://fd6-photos.leclercdrive.fr/image.ashx?id=2922137&use=l&cat=p&typeid=i","cat":284662},{"id":268465,"n":"Pepsi pack de 6 canettes  6x33cl","p":3.35,"u":"1,69 €/L","img":"https://fd6-photos.leclercdrive.fr/image.ashx?id=2921540&use=l&cat=p&typeid=i","cat":284530},{"id":268468,"n":"Thé glacé Lipton Framboise  1.75L","p":2.26,"u":"1,29 €/L","img":"https://fd6-photos.leclercdrive.fr/image.ashx?id=2921103&use=l&cat=p&typeid=i","cat":295019},{"id":268481,"n":"Paic Liquide vaisselle  Citron Agrumes 500ml","p":3.09,"u":"6,18 €/L","img":"https://fd6-photos.leclercdrive.fr/image.ashx?id=2922311&use=l&cat=p&typeid=i","cat":284655},{"id":268821,"n":"Couches Pampers Baby Dry x98","p":35.44,"u":"0,36 €/P","img":"https://fd6-photos.leclercdrive.fr/image.ashx?id=2922278&use=l&cat=p&typeid=i","cat":284737},{"id":269066,"n":"Capsules lave-vaisselle Finish  Quantul citron x60 - 624G","p":10.92,"u":"17,50 €/KG","img":"https://fd6-photos.leclercdrive.fr/image.ashx?id=2924311&use=l&cat=p&typeid=i","cat":284656},{"id":269070,"n":"Couches Baby-Dry Pampers T4 :9/14kg - x86","p":29.98,"pp":19.79,"u":"0,23 €/P","img":"https://fd6-photos.leclercdrive.fr/image.ashx?id=2942000&use=l&cat=p&typeid=i","cat":284737},{"id":269150,"n":"Capsules de Café KitKat Dolce Gusto x16","p":5.46,"u":"0,34 €/P","img":"https://fd6-photos.leclercdrive.fr/image.ashx?id=2924893&use=l&cat=p&typeid=i","cat":293239},{"id":269161,"n":"Lessive liquide Persil  Bouquet de Provence - 1,806L","p":7.57,"u":"4,19 €/L","img":"https://fd6-photos.leclercdrive.fr/image.ashx?id=2924977&use=l&cat=p&typeid=i","cat":284640},{"id":269166,"n":"Lessive liquide Persil  Bouquet de Provence - 2,565L","p":9.55,"u":"3,72 €/L","img":"https://fd6-photos.leclercdrive.fr/image.ashx?id=2924980&use=l&cat=p&typeid=i","cat":284640},{"id":269169,"n":"Lessive liquide Skip  Active clean - 2.520 L","p":16.74,"u":"6,64 €/L","img":"https://fd6-photos.leclercdrive.fr/image.ashx?id=2924974&use=l&cat=p&typeid=i","cat":284640},{"id":269176,"n":"Lessive liquide Skip  Peaux sensiles - 1,554L","p":11.35,"u":"7,30 €/L","img":"https://fd6-photos.leclercdrive.fr/image.ashx?id=2985669&use=l&cat=p&typeid=i","cat":284640},{"id":269197,"n":"Lessive liquide Persil  Douceur d'amande - 1.806","p":7.34,"u":"4,06 €/L","img":"https://fd6-photos.leclercdrive.fr/image.ashx?id=2944491&use=l&cat=p&typeid=i","cat":284640},{"id":269386,"n":"Lessive Liquide Persil Peaux Sensibles 43 lavages","p":7.26,"u":"4,02 €/L","img":"https://fd6-photos.leclercdrive.fr/image.ashx?id=2945838&use=l&cat=p&typeid=i","cat":284640},{"id":269504,"n":"Fromage Leerdammer Croque Gourmand 8 tranches - 200g","p":2.0,"u":"10,00 €/KG","img":"https://fd6-photos.leclercdrive.fr/image.ashx?id=3004858&use=l&cat=p&typeid=i","cat":314028},{"id":269505,"n":"Halloumi AOP Salakis 200g","p":3.69,"u":"18,45 €/KG","img":"https://fd6-photos.leclercdrive.fr/image.ashx?id=2924626&use=l&cat=p&typeid=i","cat":314026},{"id":269562,"n":"Skyr à boire Siggi's Framboise 250g","p":1.67,"u":"6,68 €/KG","img":"https://fd6-photos.leclercdrive.fr/image.ashx?id=2927282&use=l&cat=p&typeid=i","cat":315000},{"id":269565,"n":"Skyr à boire Siggi's Vanille 250g","p":1.66,"u":"6,64 €/KG","img":"https://fd6-photos.leclercdrive.fr/image.ashx?id=2927285&use=l&cat=p&typeid=i","cat":315000},{"id":269568,"n":"Skyr à boire Siggi's Mangue passion 250g","p":1.73,"u":"6,92 €/KG","img":"https://fd6-photos.leclercdrive.fr/image.ashx?id=2927288&use=l&cat=p&typeid=i","cat":315000},{"id":269584,"n":"Ginger shot Jafaden 15cl","p":0.69,"u":"4,60 €/L","img":"https://fd6-photos.leclercdrive.fr/image.ashx?id=2923405&use=l&cat=p&typeid=i","cat":284915},{"id":269798,"n":"Boisson energisante Red Bull Zéro - 4x250ml","p":4.45,"u":"4,45 €/L","img":"https://fd6-photos.leclercdrive.fr/image.ashx?id=3011998&use=l&cat=p&typeid=i","cat":284533},{"id":269811,"n":"Yaourt à la fraise La Laitière x2 - 220g","p":1.57,"u":"7,14 €/KG","img":"https://fd6-photos.leclercdrive.fr/image.ashx?id=2926218&use=l&cat=p&typeid=i","cat":284410},{"id":269956,"n":"Bière Ch'ti Signature rouge Fruits rouges 6° - 75cl","p":3.26,"u":"4,35 €/L","img":"https://fd6-photos.leclercdrive.fr/image.ashx?id=2926386&use=l&cat=p&typeid=i","cat":334852},{"id":270179,"n":"Lessive Concentrée Ineos  Geranium et Bouleau - 1L","p":9.33,"u":"9,33 €/L","img":"https://fd6-photos.leclercdrive.fr/image.ashx?id=2940360&use=l&cat=p&typeid=i","cat":284640},{"id":270181,"n":"Lessive Concentrée Ineos  Pivoine et Fleur de Riz - 1L","p":9.6,"u":"9,60 €/L","img":"https://fd6-photos.leclercdrive.fr/image.ashx?id=2940363&use=l&cat=p&typeid=i","cat":284640},{"id":270182,"n":"Lessive Concentrée Ineos  Rose et Fleur de Cajou - 1L","p":8.74,"u":"8,74 €/L","img":"https://fd6-photos.leclercdrive.fr/image.ashx?id=2940357&use=l&cat=p&typeid=i","cat":284640},{"id":270184,"n":"Lessive Concentrée Ineos  Coton et Fleur de Lin - 1L","p":8.48,"u":"8,48 €/L","img":"https://fd6-photos.leclercdrive.fr/image.ashx?id=2940366&use=l&cat=p&typeid=i","cat":284640},{"id":270185,"n":"Lessive Concentrée Ineos  Sels Minéraux et Jasmin - 1L","p":8.38,"u":"8,38 €/L","img":"https://fd6-photos.leclercdrive.fr/image.ashx?id=2940369&use=l&cat=p&typeid=i","cat":284640},{"id":270187,"n":"Assouplissant Tesori d'Oriente Musc Blanc 42 lavages - 760ML","p":4.52,"u":"5,95 €/L","img":"https://fd6-photos.leclercdrive.fr/image.ashx?id=2927465&use=l&cat=p&typeid=i","cat":284650},{"id":270198,"n":"Barres enfants P'tit Déli  Petales chocolats - 120g","p":1.48,"u":"12,33 €/KG","img":"https://fd6-photos.leclercdrive.fr/image.ashx?id=2926173&use=l&cat=p&typeid=i","cat":300032},{"id":270237,"n":"Crêpes framboise Whaou! Fruity - x6 180g","p":1.85,"u":"10,28 €/KG","img":"https://fd6-photos.leclercdrive.fr/image.ashx?id=2928741&use=l&cat=p&typeid=i","cat":284494},{"id":270238,"n":"Filets  maquereaux Petit Navire Moutarde - 338g","p":3.59,"u":"10,62 €/KG","img":"https://fd6-photos.leclercdrive.fr/image.ashx?id=2928369&use=l&cat=p&typeid=i","cat":303868},{"id":270365,"n":"Filets maquereaux Petit Navire Sauce catalane - 169g","p":1.69,"u":"10,00 €/KG","img":"https://fd6-photos.leclercdrive.fr/image.ashx?id=3010834&use=l&cat=p&typeid=i","cat":303868},{"id":270766,"n":"Eau aromatisée Vittel Aro Fraise framboise - 1L","p":1.32,"u":"1,32 €/L","img":"https://fd6-photos.leclercdrive.fr/image.ashx?id=2940624&use=l&cat=p&typeid=i","cat":284537},{"id":270767,"n":"Eau aromatisée Vittel Aro Fraise framboise - 4x50cl","p":3.41,"u":"3,41 €/L","img":"https://fd6-photos.leclercdrive.fr/image.ashx?id=2940621&use=l&cat=p&typeid=i","cat":284537},{"id":270768,"n":"Eau aromatisée Vittel Aro Pêche abricot - 1L","p":1.27,"u":"1,27 €/L","img":"https://fd6-photos.leclercdrive.fr/image.ashx?id=2940627&use=l&cat=p&typeid=i","cat":284537},{"id":270988,"n":"Capsules café L'Or Espresso Brésil N°8 x30","p":9.98,"u":"63,97 €/KG","img":"https://fd6-photos.leclercdrive.fr/image.ashx?id=2938295&use=l&cat=p&typeid=i","cat":284749},{"id":270989,"n":"Barre P'tit Déli Boules choco - 120g","p":1.48,"u":"12,33 €/KG","img":"https://fd6-photos.leclercdrive.fr/image.ashx?id=2930132&use=l&cat=p&typeid=i","cat":300032},{"id":270993,"n":"Petit salé Céréal Bio  260g","p":2.7,"u":"10,38 €/KG","img":"https://fd6-photos.leclercdrive.fr/image.ashx?id=2936107&use=l&cat=p&typeid=i","cat":328010},{"id":271003,"n":"Tofu aux herbes Céréal Bio 250g","p":3.11,"u":"12,44 €/KG","img":"https://fd6-photos.leclercdrive.fr/image.ashx?id=2936113&use=l&cat=p&typeid=i","cat":328010},{"id":271005,"n":"Riz Ben's Original Micro-ondables long grain  450g","p":2.6,"u":"5,78 €/KG","img":"https://fd6-photos.leclercdrive.fr/image.ashx?id=2937634&use=l&cat=p&typeid=i","cat":287600},{"id":271016,"n":"Biscuit Gerblé Amande - 210g","p":1.89,"u":"9,00 €/KG","img":"https://fd6-photos.leclercdrive.fr/image.ashx?id=2936101&use=l&cat=p&typeid=i","cat":284487},{"id":271017,"n":"Barre matin Gerblé Abricot sésame -120g","p":1.9,"u":"15,83 €/KG","img":"https://fd6-photos.leclercdrive.fr/image.ashx?id=2999249&use=l&cat=p&typeid=i","cat":300032},{"id":271047,"n":"Pinsa Harry's 230g","p":3.12,"u":"13,57 €/KG","img":"https://fd6-photos.leclercdrive.fr/image.ashx?id=2936377&use=l&cat=p&typeid=i","cat":284359},{"id":271239,"n":"Chocolat Rocher Poulain Lait - 7x32g","p":3.79,"u":"16,92 €/KG","img":"https://fd6-photos.leclercdrive.fr/image.ashx?id=2937409&use=l&cat=p&typeid=i","cat":284499},{"id":271240,"n":"Rocher Poulain Chocolat noir - x7 - 224g","p":3.85,"u":"17,19 €/KG","img":"https://fd6-photos.leclercdrive.fr/image.ashx?id=2963463&use=l&cat=p&typeid=i","cat":284499},{"id":271437,"n":"Feuilles simples Clairefontaine 90g - x300 - 21x29.7cm","p":3.03,"img":"https://fd6-photos.leclercdrive.fr/image.ashx?id=3008032&use=l&cat=p&typeid=i","cat":284697},{"id":271513,"n":"Ramen Tables du Monde 362g","p":2.47,"u":"6,82 €/KG","img":"https://fd6-photos.leclercdrive.fr/image.ashx?id=2931974&use=l&cat=p&typeid=i","cat":288992},{"id":271515,"n":"Ramen Tables du Monde Boeuf - 362g","p":2.47,"u":"6,82 €/KG","img":"https://fd6-photos.leclercdrive.fr/image.ashx?id=2931977&use=l&cat=p&typeid=i","cat":288992},{"id":271527,"n":"Thé noir Yellow Lipton  x50 - 100g","p":2.47,"u":"24,70 €/KG","img":"https://fd6-photos.leclercdrive.fr/image.ashx?id=2987320&use=l&cat=p&typeid=i","cat":293233},{"id":271681,"n":"Bière triple Belge  St Feuillien - 75cl 8.5% vol.","p":5.15,"u":"6,87 €/L","img":"https://fd6-photos.leclercdrive.fr/image.ashx?id=2937854&use=l&cat=p&typeid=i","cat":334872},{"id":271840,"n":"Boisson orange  Pago Sans pulpe - 75cl","p":2.15,"u":"2,87 €/L","img":"https://fd6-photos.leclercdrive.fr/image.ashx?id=2940738&use=l&cat=p&typeid=i","cat":284521},{"id":271995,"n":"Dentifrice Sensodyne  Sensibilité & gencives 75ml","p":4.77,"u":"63,60 €/L","img":"https://fd6-photos.leclercdrive.fr/image.ashx?id=2937799&use=l&cat=p&typeid=i","cat":284612},{"id":272116,"n":"Chips Savour Poivre noir - 120g","p":1.64,"u":"13,67 €/KG","img":"https://fd6-photos.leclercdrive.fr/image.ashx?id=2933470&use=l&cat=p&typeid=i","cat":284447},{"id":272256,"n":"Pains Burger Brioché Epi d'Or x4 - 250g","p":1.37,"u":"5,48 €/KG","img":"https://fd6-photos.leclercdrive.fr/image.ashx?id=2933613&use=l&cat=p&typeid=i","cat":325067},{"id":272919,"n":"Sauce pour CheeseBurger Amora - 250g","p":2.2,"u":"8,80 €/KG","img":"https://fd6-photos.leclercdrive.fr/image.ashx?id=2938962&use=l&cat=p&typeid=i","cat":318431},{"id":273193,"n":"Sauce Arrabbiata forte Sacla - 190g","p":2.07,"u":"10,89 €/KG","img":"https://fd6-photos.leclercdrive.fr/image.ashx?id=2964051&use=l&cat=p&typeid=i","cat":318430},{"id":273424,"n":"Boisson petillante Perrier Citron - 6x1L","p":5.52,"u":"0,92 €/L","img":"https://fd6-photos.leclercdrive.fr/image.ashx?id=2948522&use=l&cat=p&typeid=i","cat":284536},{"id":273427,"n":"Gel  WC Harpic Power Brise marine 75ml","p":2.82,"u":"37,60 €/L","img":"https://fd6-photos.leclercdrive.fr/image.ashx?id=2963487&use=l&cat=p&typeid=i","cat":284662},{"id":273437,"n":"Couches Pampers Premium Taille 5 - x66p","p":29.98,"pp":19.79,"u":"0,30 €/P","img":"https://fd6-photos.leclercdrive.fr/image.ashx?id=2964189&use=l&cat=p&typeid=i","cat":284737},{"id":273438,"n":"Cocuhes Pampers Premium Taille 4 - x76p","p":29.98,"pp":19.79,"u":"0,26 €/P","img":"https://fd6-photos.leclercdrive.fr/image.ashx?id=2946387&use=l&cat=p&typeid=i","cat":284737},{"id":273439,"n":"Couches pampers Premium Taille 3 - x92p","p":29.98,"pp":19.79,"u":"0,22 €/P","img":"https://fd6-photos.leclercdrive.fr/image.ashx?id=2946390&use=l&cat=p&typeid=i","cat":284737},{"id":273440,"n":"Couches Pampers Premium Taille 2 - x108p","p":29.98,"pp":19.79,"u":"0,18 €/P","img":"https://fd6-photos.leclercdrive.fr/image.ashx?id=2946251&use=l&cat=p&typeid=i","cat":284737},{"id":273443,"n":"Dentifrice Colgate Total  Prevention 24h active 150ml","p":4.85,"u":"32,33 €/L","img":"https://fd6-photos.leclercdrive.fr/image.ashx?id=2952181&use=l&cat=p&typeid=i","cat":284612},{"id":273444,"n":"Riz Taureau Ailé 2x500g","p":3.15,"u":"3,15 €/KG","img":"https://fd6-photos.leclercdrive.fr/image.ashx?id=2963745&use=l&cat=p&typeid=i","cat":284428},{"id":273449,"n":"Riz basmati Taureau Ailé  2x500g","p":3.15,"u":"3,15 €/KG","img":"https://fd6-photos.leclercdrive.fr/image.ashx?id=2963748&use=l&cat=p&typeid=i","cat":284428},{"id":273529,"n":"Compote Morceaux Fondants Figue Andros - 4x100g","p":2.6,"u":"6,50 €/KG","img":"https://fd6-photos.leclercdrive.fr/image.ashx?id=2988608&use=l&cat=p&typeid=i","cat":284416},{"id":273533,"n":"Yaourts Morceaux de Framboise Mamie Nova - 2x150g","p":1.43,"u":"4,77 €/KG","img":"https://fd6-photos.leclercdrive.fr/image.ashx?id=2941703&use=l&cat=p&typeid=i","cat":284410},{"id":273540,"n":"Pur Jus Clémentine  Corse - 1L","p":2.51,"u":"2,51 €/L","img":"https://fd6-photos.leclercdrive.fr/image.ashx?id=2941315&use=l&cat=p&typeid=i","cat":284915},{"id":273764,"n":"Harpic Power plus Original - 1L","p":2.26,"u":"2,26 €/L","img":"https://fd6-photos.leclercdrive.fr/image.ashx?id=2946217&use=l&cat=p&typeid=i","cat":284662},{"id":273765,"n":"Harpic Power plus Marine - 1L","p":2.26,"u":"2,26 €/L","img":"https://fd6-photos.leclercdrive.fr/image.ashx?id=2948174&use=l&cat=p&typeid=i","cat":284662},{"id":273864,"n":"Capsules lave-vaisselle Finish Ultimate - x57 - 735g","p":11.88,"pp":7.13,"u":"9,70 €/KG","img":"https://fd6-photos.leclercdrive.fr/image.ashx?id=3011593&use=l&cat=p&typeid=i","cat":284656},{"id":273927,"n":"Rillettes de porc Bordeau Chesnel 220g + 110g offerts","p":1.99,"u":"6,03 €/KG","img":"https://fd6-photos.leclercdrive.fr/image.ashx?id=2943837&use=l&cat=p&typeid=i","cat":316008},{"id":273928,"n":"Rillettes de poulet Bordeau Chesnel 220g + 110g offerts","p":2.53,"u":"7,67 €/KG","img":"https://fd6-photos.leclercdrive.fr/image.ashx?id=2943840&use=l&cat=p&typeid=i","cat":316008},{"id":273983,"n":"Carottes baie du Mont St-Michel Nos Régions ont du Talent 1kg","p":1.99,"u":"1,99 €/KG","img":"https://fd6-photos.leclercdrive.fr/image.ashx?id=2943024&use=l&cat=p&typeid=i","cat":284352},{"id":274074,"n":"AOC Médoc vin rouge Bordeaux Château L'Estran - 75cl","p":7.95,"pp":5.25,"u":"7,00 €/L","img":"https://fd6-photos.leclercdrive.fr/image.ashx?id=2944248&use=l&cat=p&typeid=i","cat":289556},{"id":274087,"n":"Essuie tout Foxy Abso blanc 4 rouleaux + 2 offerts","p":3.75,"u":"0,63 €/P","img":"https://fd6-photos.leclercdrive.fr/image.ashx?id=2944146&use=l&cat=p&typeid=i","cat":285193},{"id":274343,"n":"Café dosettes Tassimo Milka x10","p":4.89,"u":"30,56 €/KG","img":"https://fd6-photos.leclercdrive.fr/image.ashx?id=2944461&use=l&cat=p&typeid=i","cat":293240},{"id":274373,"n":"Yaourt brassé Yaos morceaux Ananas mangue passion 4x125g","p":2.94,"u":"5,88 €/KG","img":"https://fd6-photos.leclercdrive.fr/image.ashx?id=2944645&use=l&cat=p&typeid=i","cat":284410},{"id":274374,"n":"Yaourt brassé Yaos morceaux  Framboise mûre myrtille 4x125g","p":2.8,"u":"5,60 €/KG","img":"https://fd6-photos.leclercdrive.fr/image.ashx?id=2944642&use=l&cat=p&typeid=i","cat":284410},{"id":274376,"n":"Petit pot de crème La Laitière Choco noisette - 4x100g","p":2.35,"u":"5,88 €/KG","img":"https://fd6-photos.leclercdrive.fr/image.ashx?id=2944648&use=l&cat=p&typeid=i","cat":285041},{"id":274409,"n":"Pâtée pour chien Lily's Kitchen Chevreuil, Faisan Saumon - 400g","p":3.6,"u":"9,00 €/KG","img":"https://fd6-photos.leclercdrive.fr/image.ashx?id=2944942&use=l&cat=p&typeid=i","cat":288578},{"id":274506,"n":"Yaourt à la Grecque Danone Nature  - 4x110g","p":1.87,"u":"4,25 €/KG","img":"https://fd6-photos.leclercdrive.fr/image.ashx?id=2992732&use=l&cat=p&typeid=i","cat":314999},{"id":274509,"n":"Yaourt à la Grecque Danone Fraise - 4x110g","p":2.49,"u":"5,66 €/KG","img":"https://fd6-photos.leclercdrive.fr/image.ashx?id=2992729&use=l&cat=p&typeid=i","cat":314999},{"id":274528,"n":"Capsules lave-vaisselle Finish Quantum - Citron - 707g x68","p":11.88,"pp":7.13,"u":"10,08 €/KG","img":"https://fd6-photos.leclercdrive.fr/image.ashx?id=2945643&use=l&cat=p&typeid=i","cat":284656},{"id":274530,"n":"Capsules lave-vaisselle Finish Ultimate - Citron - 735g x57","p":11.88,"pp":7.13,"u":"9,70 €/KG","img":"https://fd6-photos.leclercdrive.fr/image.ashx?id=2945649&use=l&cat=p&typeid=i","cat":284656},{"id":274538,"n":"Recharge diffuseur électrique Airwick - Vanille - 19ml","p":4.3,"u":"226,32 €/L","img":"https://fd6-photos.leclercdrive.fr/image.ashx?id=2945634&use=l&cat=p&typeid=i","cat":311629},{"id":274540,"n":"Recharges spray automatique Airwick - Bois - 228ml","p":6.39,"u":"28,03 €/L","img":"https://fd6-photos.leclercdrive.fr/image.ashx?id=2945631&use=l&cat=p&typeid=i","cat":311629},{"id":274541,"n":"Yaourt à la Grecque Danone Stracciatella - 4x110g","p":2.46,"u":"5,59 €/KG","img":"https://fd6-photos.leclercdrive.fr/image.ashx?id=2992735&use=l&cat=p&typeid=i","cat":314999},{"id":274544,"n":"Recharge diffuseur électrique Airwick - Coton - 19ml","p":4.37,"u":"230,00 €/L","img":"https://fd6-photos.leclercdrive.fr/image.ashx?id=2945640&use=l&cat=p&typeid=i","cat":311629},{"id":274550,"n":"Recharge diffuseur électrique Airwick - Cerisier - 19ml","p":4.39,"u":"231,05 €/L","img":"https://fd6-photos.leclercdrive.fr/image.ashx?id=2945832&use=l&cat=p&typeid=i","cat":311629},{"id":274552,"n":"Recharge diffuseur électrique Airwick - Brume coton - 20ml","p":5.11,"u":"255,50 €/L","img":"https://fd6-photos.leclercdrive.fr/image.ashx?id=2945835&use=l&cat=p&typeid=i","cat":311629},{"id":274571,"n":"Skyr protéiné Danone nature 0% MG - 825g","p":3.8,"u":"4,61 €/KG","img":"https://fd6-photos.leclercdrive.fr/image.ashx?id=2951028&use=l&cat=p&typeid=i","cat":315000},{"id":274593,"n":"Danone Skyr nature  x4 - 400g","p":2.08,"u":"5,20 €/KG","img":"https://fd6-photos.leclercdrive.fr/image.ashx?id=2960654&use=l&cat=p&typeid=i","cat":315000},{"id":274596,"n":"Danone Skyr nature  x8 - 800g","p":3.13,"u":"3,91 €/KG","img":"https://fd6-photos.leclercdrive.fr/image.ashx?id=2960657&use=l&cat=p&typeid=i","cat":315000},{"id":274977,"n":"Lingettes Carolin Multi-usages  x80","p":3.32,"u":"0,04 €/P","img":"https://fd6-photos.leclercdrive.fr/image.ashx?id=2946562&use=l&cat=p&typeid=i","cat":325358},{"id":275019,"n":"Pain Pinsa La Boulangère 230g","p":2.87,"u":"12,48 €/KG","img":"https://fd6-photos.leclercdrive.fr/image.ashx?id=2946607&use=l&cat=p&typeid=i","cat":284359},{"id":275025,"n":"Lingettes serpillières Carolin  pour parquets - x15","p":3.84,"u":"0,26 €/P","img":"https://fd6-photos.leclercdrive.fr/image.ashx?id=2946973&use=l&cat=p&typeid=i","cat":284907},{"id":275046,"n":"Dentastix Light Pedigree Petit chien - x7 - 58g","p":1.27,"u":"21,90 €/KG","img":"https://fd6-photos.leclercdrive.fr/image.ashx?id=2946631&use=l&cat=p&typeid=i","cat":294527},{"id":275224,"n":"Barre de céréales Lion 8x25g","p":3.01,"u":"15,05 €/KG","img":"https://fd6-photos.leclercdrive.fr/image.ashx?id=2947195&use=l&cat=p&typeid=i","cat":285869},{"id":275225,"n":"Barre de céréales Chocapic 8x25g","p":3.03,"u":"15,15 €/KG","img":"https://fd6-photos.leclercdrive.fr/image.ashx?id=2947198&use=l&cat=p&typeid=i","cat":285869},{"id":275236,"n":"Lingettes Carolin  Anti-bactériennes  - x80","p":3.19,"u":"0,04 €/P","img":"https://fd6-photos.leclercdrive.fr/image.ashx?id=2946964&use=l&cat=p&typeid=i","cat":325358},{"id":275238,"n":"Lingettes Carolin  Anti-bactériennes - x80","p":3.19,"u":"0,04 €/P","img":"https://fd6-photos.leclercdrive.fr/image.ashx?id=2946967&use=l&cat=p&typeid=i","cat":325358},{"id":275240,"n":"Lingettes Carolin Citron Ultra dégraissant - x80","p":3.38,"u":"0,04 €/P","img":"https://fd6-photos.leclercdrive.fr/image.ashx?id=2946976&use=l&cat=p&typeid=i","cat":325358},{"id":275370,"n":"Dés de poulet 1kg","p":9.2,"u":"9,20 €/KG","img":"https://fd6-photos.leclercdrive.fr/image.ashx?id=2964541&use=l&cat=p&typeid=i","cat":284336},{"id":275372,"n":"Emincés de filet de poulet A la minute - 500g","p":4.99,"u":"9,98 €/KG","img":"https://fd6-photos.leclercdrive.fr/image.ashx?id=2963931&use=l&cat=p&typeid=i","cat":284336},{"id":275379,"n":"Masque nutrition Le Petit Marseillais - Intense - 370ml","p":5.88,"u":"15,89 €/L","img":"https://fd6-photos.leclercdrive.fr/image.ashx?id=2966439&use=l&cat=p&typeid=i","cat":284608},{"id":275380,"n":"Masque expert réparation Huile de jojoba - 370ml","p":5.64,"u":"15,24 €/L","img":"https://fd6-photos.leclercdrive.fr/image.ashx?id=2961023&use=l&cat=p&typeid=i","cat":284608},{"id":275401,"n":"Knacki Gourmande Herta  100% pur porc x4 - 280g","p":2.61,"u":"9,32 €/KG","img":"https://fd6-photos.leclercdrive.fr/image.ashx?id=2948827&use=l&cat=p&typeid=i","cat":316012},{"id":275419,"n":"Gel douche enfance Dop Caramel - 310ml","p":2.51,"u":"8,10 €/L","img":"https://fd6-photos.leclercdrive.fr/image.ashx?id=2955363&use=l&cat=p&typeid=i","cat":284594},{"id":275515,"n":"Crème douche L'Arbre vert Argan -Ecolabel - 260ml","p":2.59,"u":"9,96 €/L","img":"https://fd6-photos.leclercdrive.fr/image.ashx?id=2969163&use=l&cat=p&typeid=i","cat":284594},{"id":275517,"n":"Crème douche L'Arbre vert Amande - Ecolabel - 260ml","p":2.47,"u":"9,50 €/L","img":"https://fd6-photos.leclercdrive.fr/image.ashx?id=2969166&use=l&cat=p&typeid=i","cat":284594},{"id":275675,"n":"Spray désinfectant Clair Multi-surfaces - 500ml","p":1.53,"u":"3,06 €/L","img":"https://fd6-photos.leclercdrive.fr/image.ashx?id=2949251&use=l&cat=p&typeid=i","cat":325357},{"id":275686,"n":"Shampooing Dessange Nutri-extrême - 280ml","p":3.91,"u":"13,96 €/L","img":"https://fd6-photos.leclercdrive.fr/image.ashx?id=2955411&use=l&cat=p&typeid=i","cat":284606},{"id":275816,"n":"Mini Caprice des Dieux Filet 6x50g","p":5.08,"u":"16,93 €/KG","img":"https://fd6-photos.leclercdrive.fr/image.ashx?id=2949916&use=l&cat=p&typeid=i","cat":314033},{"id":276184,"n":"Ferrero Collection Arbre mixte  129g","p":7.77,"u":"60,23 €/KG","img":"https://fd6-photos.leclercdrive.fr/image.ashx?id=2952052&use=l&cat=p&typeid=i","cat":327595},{"id":276186,"n":"Ferrero Collection Assortiment cube lumières de fête - 185g","p":9.89,"u":"53,46 €/KG","img":"https://fd6-photos.leclercdrive.fr/image.ashx?id=2952121&use=l&cat=p&typeid=i","cat":327595},{"id":276187,"n":"Ferrero Collection Assortiment Merveilles d'hiver - 203g","p":9.89,"u":"48,72 €/KG","img":"https://fd6-photos.leclercdrive.fr/image.ashx?id=2952061&use=l&cat=p&typeid=i","cat":327595},{"id":276188,"n":"Ferrero Collection Assortiment Promenade en ville - 197g","p":9.89,"u":"50,20 €/KG","img":"https://fd6-photos.leclercdrive.fr/image.ashx?id=2952058&use=l&cat=p&typeid=i","cat":327595},{"id":276189,"n":"Chocolats Ferrero Prestige  256g","p":9.95,"u":"38,87 €/KG","img":"https://fd6-photos.leclercdrive.fr/image.ashx?id=2952112&use=l&cat=p&typeid=i","cat":327595},{"id":276190,"n":"Chocolats Ferrero Prestige  319g","p":11.37,"u":"35,64 €/KG","img":"https://fd6-photos.leclercdrive.fr/image.ashx?id=2961287&use=l&cat=p&typeid=i","cat":284499},{"id":276191,"n":"Chocolats Ferrero Prestige  442g","p":14.69,"u":"33,24 €/KG","img":"https://fd6-photos.leclercdrive.fr/image.ashx?id=2952115&use=l&cat=p&typeid=i","cat":327595},{"id":276193,"n":"Calendrier Kinder à partager  336g","p":14.69,"u":"43,72 €/KG","img":"https://fd6-photos.leclercdrive.fr/image.ashx?id=2952106&use=l&cat=p&typeid=i","cat":336112},{"id":276194,"n":"Calendrier Kinder Memory  316g","p":14.0,"u":"44,30 €/KG","img":"https://fd6-photos.leclercdrive.fr/image.ashx?id=2952076&use=l&cat=p&typeid=i","cat":336112},{"id":276196,"n":"Calendrier Kinder Bueno 181g","p":8.81,"u":"48,67 €/KG","img":"https://fd6-photos.leclercdrive.fr/image.ashx?id=2964039&use=l&cat=p&typeid=i","cat":336112},{"id":276197,"n":"Calendrier Kinder mini friends  164g","p":9.83,"u":"59,94 €/KG","img":"https://fd6-photos.leclercdrive.fr/image.ashx?id=2952073&use=l&cat=p&typeid=i","cat":336112},{"id":276198,"n":"Calendrier Kinder cadeau  214g","p":10.8,"u":"50,47 €/KG","img":"https://fd6-photos.leclercdrive.fr/image.ashx?id=2952094&use=l&cat=p&typeid=i","cat":336112},{"id":276201,"n":"Kinder chocolat  150g","p":3.32,"u":"22,13 €/KG","img":"https://fd6-photos.leclercdrive.fr/image.ashx?id=2952079&use=l&cat=p&typeid=i","cat":327592},{"id":276205,"n":"Kinder mini eggs  Noisettes - 182g","p":4.5,"u":"24,73 €/KG","img":"https://fd6-photos.leclercdrive.fr/image.ashx?id=2952085&use=l&cat=p&typeid=i","cat":327592},{"id":276206,"n":"Kinder mini eggs  Lait - 182g","p":4.5,"u":"24,73 €/KG","img":"https://fd6-photos.leclercdrive.fr/image.ashx?id=2953980&use=l&cat=p&typeid=i","cat":327592},{"id":276207,"n":"Kinder Bueno et mini eggs 193g","p":6.85,"u":"35,49 €/KG","img":"https://fd6-photos.leclercdrive.fr/image.ashx?id=2952109&use=l&cat=p&typeid=i","cat":327592},{"id":276208,"n":"Kinder Balls  Eclats de Noisettes - 164g","p":6.19,"u":"37,74 €/KG","img":"https://fd6-photos.leclercdrive.fr/image.ashx?id=2952088&use=l&cat=p&typeid=i","cat":327592},{"id":276209,"n":"Kinder Balls  Eclats de Bsicuits cacao - 164g","p":6.19,"u":"37,74 €/KG","img":"https://fd6-photos.leclercdrive.fr/image.ashx?id=2952091&use=l&cat=p&typeid=i","cat":327592},{"id":276210,"n":"Kinder Schokobons  200g","p":3.91,"u":"19,55 €/KG","img":"https://fd6-photos.leclercdrive.fr/image.ashx?id=2952911&use=l&cat=p&typeid=i","cat":327592},{"id":276211,"n":"Kinder Schokobons  350g","p":6.49,"u":"18,54 €/KG","img":"https://fd6-photos.leclercdrive.fr/image.ashx?id=2952103&use=l&cat=p&typeid=i","cat":327592},{"id":276212,"n":"Kinder happy moments  Ballotin - 184g","p":6.07,"u":"32,99 €/KG","img":"https://fd6-photos.leclercdrive.fr/image.ashx?id=2952046&use=l&cat=p&typeid=i","cat":327592},{"id":276214,"n":"Nutella Chausette  209g","p":10.2,"u":"48,80 €/KG","img":"https://fd6-photos.leclercdrive.fr/image.ashx?id=2952100&use=l&cat=p&typeid=i","cat":327592},{"id":276258,"n":"Jambon Le Bon Paris Herta Sel réduit sans nitrite 8T - 280g","p":4.71,"u":"16,82 €/KG","img":"https://fd6-photos.leclercdrive.fr/image.ashx?id=2951764&use=l&cat=p&typeid=i","cat":316009},{"id":276269,"n":"Fromage cremeux Coeur de Lion 8 tranches 150g","p":2.64,"u":"17,60 €/KG","img":"https://fd6-photos.leclercdrive.fr/image.ashx?id=2952493&use=l&cat=p&typeid=i","cat":314028},{"id":276347,"n":"Truffes The Belgian Pépites chocolat- 200g","p":3.95,"u":"19,75 €/KG","img":"https://fd6-photos.leclercdrive.fr/image.ashx?id=2952833&use=l&cat=p&typeid=i","cat":327600},{"id":276376,"n":"Père noël sous alu Rohan Moulage - 45g","p":1.1,"u":"24,44 €/KG","img":"https://fd6-photos.leclercdrive.fr/image.ashx?id=2952628&use=l&cat=p&typeid=i","cat":327592},{"id":276377,"n":"Père noël sous alu Rohan Moulage -100g","p":1.99,"u":"19,90 €/KG","img":"https://fd6-photos.leclercdrive.fr/image.ashx?id=2952631&use=l&cat=p&typeid=i","cat":327592},{"id":276410,"n":"Calendrier Pokemon Qui est-ce ? Chocolat au lait - 100g","p":6.89,"u":"68,90 €/KG","img":"https://fd6-photos.leclercdrive.fr/image.ashx?id=2964147&use=l&cat=p&typeid=i","cat":327590},{"id":276413,"n":"Calendrier Mickey Qui est-ce ? Chocolat au lait - 100g","p":6.89,"u":"68,90 €/KG","img":"https://fd6-photos.leclercdrive.fr/image.ashx?id=2964150&use=l&cat=p&typeid=i","cat":327590},{"id":276415,"n":"Calendrier Qui est-ce ? Pat patrouille - 100g","p":6.89,"u":"68,90 €/KG","img":"https://fd6-photos.leclercdrive.fr/image.ashx?id=2964141&use=l&cat=p&typeid=i","cat":327590},{"id":276422,"n":"Calendrier de l'avent Chocobisc Spidey - 99g","p":6.49,"u":"65,56 €/KG","img":"https://fd6-photos.leclercdrive.fr/image.ashx?id=2980743&use=l&cat=p&typeid=i","cat":327590},{"id":276423,"n":"Calendrier de l'avent Chocobisc Disney Princesses - 99g","p":6.3,"u":"63,64 €/KG","img":"https://fd6-photos.leclercdrive.fr/image.ashx?id=2980737&use=l&cat=p&typeid=i","cat":327590},{"id":276424,"n":"Calendrier de l'avent Chocobisc Stitch - 99g","p":6.49,"u":"65,56 €/KG","img":"https://fd6-photos.leclercdrive.fr/image.ashx?id=2980560&use=l&cat=p&typeid=i","cat":327590},{"id":276425,"n":"Calendrier de l'avent Chocobisc Mickey et friends - 99g","p":6.3,"u":"63,64 €/KG","img":"https://fd6-photos.leclercdrive.fr/image.ashx?id=2980734&use=l&cat=p&typeid=i","cat":327590},{"id":276426,"n":"Calendrier de l'avent Chocobisc Frozen II - 99g","p":6.33,"u":"63,94 €/KG","img":"https://fd6-photos.leclercdrive.fr/image.ashx?id=2980557&use=l&cat=p&typeid=i","cat":327590},{"id":276429,"n":"Coffret chocolats Anthon Berg à la liqueur - x14 - 219g","p":9.9,"pp":6.53,"u":"29,82 €/KG","img":"https://fd6-photos.leclercdrive.fr/image.ashx?id=2980728&use=l&cat=p&typeid=i","cat":327601},{"id":276438,"n":"Coffret chocolats Révillon Lait - 230g","p":9.99,"u":"43,43 €/KG","img":"https://fd6-photos.leclercdrive.fr/image.ashx?id=2980695&use=l&cat=p&typeid=i","cat":284499},{"id":276439,"n":"Coffret chocolats Révillon Noir Lait Blanc - 233g","p":9.99,"u":"42,88 €/KG","img":"https://fd6-photos.leclercdrive.fr/image.ashx?id=2980698&use=l&cat=p&typeid=i","cat":284499},{"id":276442,"n":"Calendrier masque Miraculous 75g","p":3.7,"u":"49,33 €/KG","img":"https://fd6-photos.leclercdrive.fr/image.ashx?id=2953073&use=l&cat=p&typeid=i","cat":327590},{"id":276450,"n":"Lanvin Escargots Ballotin  Blanc -164g","p":7.83,"u":"47,74 €/KG","img":"https://fd6-photos.leclercdrive.fr/image.ashx?id=2953016&use=l&cat=p&typeid=i","cat":327595},{"id":276451,"n":"Lanvin Escargots Ballotin  Lait caramel -164g","p":6.53,"u":"39,82 €/KG","img":"https://fd6-photos.leclercdrive.fr/image.ashx?id=2987011&use=l&cat=p&typeid=i","cat":327595},{"id":276452,"n":"Lanvin Escargots Ballotin  Lait amandes -164g","p":6.42,"u":"39,15 €/KG","img":"https://fd6-photos.leclercdrive.fr/image.ashx?id=2987008&use=l&cat=p&typeid=i","cat":327595},{"id":276453,"n":"Lanvin Escargots Ballotin  Noir café -164 g","p":7.74,"u":"47,20 €/KG","img":"https://fd6-photos.leclercdrive.fr/image.ashx?id=2965322&use=l&cat=p&typeid=i","cat":327595},{"id":276469,"n":"Boules praline noir Jacquot 250g","p":3.7,"u":"14,80 €/KG","img":"https://fd6-photos.leclercdrive.fr/image.ashx?id=2980719&use=l&cat=p&typeid=i","cat":327597},{"id":276474,"n":"Assortiment variété Jacquot 250g","p":3.43,"u":"13,72 €/KG","img":"https://fd6-photos.leclercdrive.fr/image.ashx?id=2980710&use=l&cat=p&typeid=i","cat":327592},{"id":276484,"n":"Chocolats Ferrero Rocher  100g","p":4.23,"u":"42,30 €/KG","img":"https://fd6-photos.leclercdrive.fr/image.ashx?id=2952899&use=l&cat=p&typeid=i","cat":327600},{"id":276485,"n":"Chocolats Ferrero Rocher  525g","p":16.31,"u":"31,07 €/KG","img":"https://fd6-photos.leclercdrive.fr/image.ashx?id=2952962&use=l&cat=p&typeid=i","cat":327600},{"id":276486,"n":"Chocolats Ferrero Rocher  Golden star Lait - 115g","p":6.28,"u":"54,61 €/KG","img":"https://fd6-photos.leclercdrive.fr/image.ashx?id=2952956&use=l&cat=p&typeid=i","cat":327600},{"id":276487,"n":"Chocolats Ferrero Rocher  Golden star mix - 115g","p":5.87,"u":"51,04 €/KG","img":"https://fd6-photos.leclercdrive.fr/image.ashx?id=2964042&use=l&cat=p&typeid=i","cat":327600},{"id":276550,"n":"Biscuit sésame GERBLE - 5x4 220g","p":1.52,"u":"6,91 €/KG","img":"https://fd6-photos.leclercdrive.fr/image.ashx?id=2953803&use=l&cat=p&typeid=i","cat":318651},{"id":276558,"n":"Bouillon de légumes Knorr 15 cubes - 150g","p":1.44,"u":"9,60 €/KG","img":"https://fd6-photos.leclercdrive.fr/image.ashx?id=2954001&use=l&cat=p&typeid=i","cat":288379},{"id":276565,"n":"Dessert de fruits pomme  Douceur du Verger 4x100g","p":0.99,"u":"2,48 €/KG","img":"https://fd6-photos.leclercdrive.fr/image.ashx?id=2961707&use=l&cat=p&typeid=i","cat":284416},{"id":276581,"n":"Café froid Macchiato Plantation Saveur caramel 250ml","p":1.09,"u":"4,36 €/L","img":"https://fd6-photos.leclercdrive.fr/image.ashx?id=2952409&use=l&cat=p&typeid=i","cat":295246},{"id":276582,"n":"Café froid Cappuccino Plantation 250ml","p":1.09,"u":"4,36 €/L","img":"https://fd6-photos.leclercdrive.fr/image.ashx?id=2952430&use=l&cat=p&typeid=i","cat":295246},{"id":276583,"n":"Café froid Latte Plantation 250ml","p":1.09,"u":"4,36 €/L","img":"https://fd6-photos.leclercdrive.fr/image.ashx?id=2952433&use=l&cat=p&typeid=i","cat":295246},{"id":276584,"n":"Yaourt à la Grecque Délisse Nature sucré 4x150g","p":1.69,"u":"2,82 €/KG","img":"https://fd6-photos.leclercdrive.fr/image.ashx?id=2952436&use=l&cat=p&typeid=i","cat":314999},{"id":276589,"n":"Saucisson sec Saint-Azay Noisettes 30 tranches 100g","p":2.07,"u":"20,70 €/KG","img":"https://fd6-photos.leclercdrive.fr/image.ashx?id=2952418&use=l&cat=p&typeid=i","cat":316007},{"id":276590,"n":"Stick de fuet Saint-Azay 70g","p":1.99,"u":"28,43 €/KG","img":"https://fd6-photos.leclercdrive.fr/image.ashx?id=2952421&use=l&cat=p&typeid=i","cat":316006},{"id":276946,"n":"Badoit bulles de fruits  Pamplemousse - 6x33cl","p":3.73,"u":"1,88 €/L","img":"https://fd6-photos.leclercdrive.fr/image.ashx?id=2954208&use=l&cat=p&typeid=i","cat":284537},{"id":276947,"n":"Badoit bulles de fruits  Fruits rouges - 6x33cl","p":3.55,"u":"1,79 €/L","img":"https://fd6-photos.leclercdrive.fr/image.ashx?id=2954205&use=l&cat=p&typeid=i","cat":284537},{"id":276948,"n":"Badoit bulles de fruits  Citron et citron vert - 6x33cl","p":3.56,"u":"1,80 €/L","img":"https://fd6-photos.leclercdrive.fr/image.ashx?id=2954202&use=l&cat=p&typeid=i","cat":284537},{"id":277080,"n":"Lessive liquide Gama universal 44 doses + 22 offertes 3.16L","p":6.47,"u":"2,05 €/L","img":"https://fd6-photos.leclercdrive.fr/image.ashx?id=2976872&use=l&cat=p&typeid=i","cat":284640},{"id":277081,"n":"Lessive liquide Gama floral 44 doses + 22 offertes 3.16L","p":6.49,"u":"2,05 €/L","img":"https://fd6-photos.leclercdrive.fr/image.ashx?id=2976875&use=l&cat=p&typeid=i","cat":284640},{"id":277153,"n":"Skyr végétal Protéiné Alpro Nature - 400g","p":2.82,"u":"7,05 €/KG","img":"https://fd6-photos.leclercdrive.fr/image.ashx?id=2976092&use=l&cat=p&typeid=i","cat":316071},{"id":277449,"n":"Gratin montagnard La Cuisine d'Océane - 300g","p":3.09,"u":"10,30 €/KG","img":"https://fd6-photos.leclercdrive.fr/image.ashx?id=2957023&use=l&cat=p&typeid=i","cat":284953},{"id":277478,"n":"Liégeois Pâtissier Danette  Paris Brest 4x90g","p":2.41,"u":"6,69 €/KG","img":"https://fd6-photos.leclercdrive.fr/image.ashx?id=2965930&use=l&cat=p&typeid=i","cat":285042},{"id":277479,"n":"Liégeois Pâtissier Danette Framboisier 4x90g","p":2.34,"u":"6,50 €/KG","img":"https://fd6-photos.leclercdrive.fr/image.ashx?id=2965924&use=l&cat=p&typeid=i","cat":285042},{"id":277480,"n":"Liégeois Pâtissier Danette Tiramisu 4x90g","p":2.4,"u":"6,67 €/KG","img":"https://fd6-photos.leclercdrive.fr/image.ashx?id=2965927&use=l&cat=p&typeid=i","cat":285042},{"id":277483,"n":"Skyr nature Danone 0% MG - 450g","p":1.99,"u":"4,42 €/KG","img":"https://fd6-photos.leclercdrive.fr/image.ashx?id=2966279&use=l&cat=p&typeid=i","cat":284409},{"id":277484,"n":"Danone Skyr fraise 4x100g","p":2.14,"u":"5,35 €/KG","img":"https://fd6-photos.leclercdrive.fr/image.ashx?id=2965903&use=l&cat=p&typeid=i","cat":315000},{"id":277485,"n":"Danone Skyr fruits jaunes 4x100g","p":2.14,"u":"5,35 €/KG","img":"https://fd6-photos.leclercdrive.fr/image.ashx?id=2965906&use=l&cat=p&typeid=i","cat":315000},{"id":277494,"n":"Yaourt protéiné Hipro Myrtille 4x120g","p":3.32,"u":"6,92 €/KG","img":"https://fd6-photos.leclercdrive.fr/image.ashx?id=2965951&use=l&cat=p&typeid=i","cat":315000},{"id":277495,"n":"Yaourt protéiné Hipro Vanille 4x120g","p":3.24,"u":"6,75 €/KG","img":"https://fd6-photos.leclercdrive.fr/image.ashx?id=2965948&use=l&cat=p&typeid=i","cat":315000},{"id":277504,"n":"Dés de poulet 500g","p":4.99,"u":"9,98 €/KG","img":"https://fd6-photos.leclercdrive.fr/image.ashx?id=2956640&use=l&cat=p&typeid=i","cat":284336},{"id":277520,"n":"Déodorant Sanex Spray Mineral  Efficacité - 200ml","p":3.83,"u":"19,15 €/L","img":"https://fd6-photos.leclercdrive.fr/image.ashx?id=2968574&use=l&cat=p&typeid=i","cat":284595},{"id":277591,"n":"IGP Cabernet Sauvignon Bleu de  Mer rouge Pays d'Oc - 75cl","p":5.98,"u":"7,97 €/L","img":"https://fd6-photos.leclercdrive.fr/image.ashx?id=2956568&use=l&cat=p&typeid=i","cat":289556},{"id":277634,"n":"Gelée de douche Ushuaïa Bahia café açaï - 280ml","p":2.12,"u":"7,57 €/L","img":"https://fd6-photos.leclercdrive.fr/image.ashx?id=2957917&use=l&cat=p&typeid=i","cat":284594},{"id":277830,"n":"Lessive Arbre Vert peaux sensibles 67 lavages - 3.015L","p":10.99,"u":"3,65 €/L","img":"https://fd6-photos.leclercdrive.fr/image.ashx?id=3008530&use=l&cat=p&typeid=i","cat":284640},{"id":277832,"n":"Lessive Omo Absolu capsules mangue & pêche - 371g","p":9.99,"u":"26,93 €/KG","img":"https://fd6-photos.leclercdrive.fr/image.ashx?id=2958215&use=l&cat=p&typeid=i","cat":284641},{"id":278366,"n":"Eau aromatisée O'Fresh Citron & Citron vert - 6x50cl","p":2.75,"u":"0,92 €/L","img":"https://fd6-photos.leclercdrive.fr/image.ashx?id=2959245&use=l&cat=p&typeid=i","cat":284537},{"id":278373,"n":"IGP Gard Rives et Terrasses Rosé - 75cl","p":2.99,"u":"3,99 €/L","img":"https://fd6-photos.leclercdrive.fr/image.ashx?id=2959251&use=l&cat=p&typeid=i","cat":289558},{"id":278384,"n":"Jus Caraïbos Paloma - 75cl","p":2.45,"u":"3,27 €/L","img":"https://fd6-photos.leclercdrive.fr/image.ashx?id=3010828&use=l&cat=p&typeid=i","cat":284916},{"id":278405,"n":"Nectar 4 agrumes Cidou sans sucres ajoutés - 1L","p":1.85,"u":"1,85 €/L","img":"https://fd6-photos.leclercdrive.fr/image.ashx?id=2961137&use=l&cat=p&typeid=i","cat":284915},{"id":278406,"n":"Nectar Cidou Clémentines de Corse - 1L","p":1.85,"u":"1,85 €/L","img":"https://fd6-photos.leclercdrive.fr/image.ashx?id=2961140&use=l&cat=p&typeid=i","cat":284915},{"id":278569,"n":"Échalions Panier du Primeur Filière - Filet 500g","p":1.79,"u":"3,58 €/KG","img":"https://fd6-photos.leclercdrive.fr/image.ashx?id=2960330&use=l&cat=p&typeid=i","cat":284352},{"id":278570,"n":"Lessive liquide Le Chat  L'expert Bicarbonate - 1,8L","p":10.39,"u":"5,77 €/L","img":"https://fd6-photos.leclercdrive.fr/image.ashx?id=2962290&use=l&cat=p&typeid=i","cat":284640},{"id":278680,"n":"Crème extra légère Bridélice Semi-épaisse 4%MG - 3x20cl","p":2.31,"u":"3,85 €/L","img":"https://fd6-photos.leclercdrive.fr/image.ashx?id=2996581&use=l&cat=p&typeid=i","cat":284381},{"id":278707,"n":"Lessive Dash Pods Envolée d'air x38- 726g","p":13.99,"u":"19,27 €/KG","img":"https://fd6-photos.leclercdrive.fr/image.ashx?id=2965328&use=l&cat=p&typeid=i","cat":284641},{"id":278725,"n":"Saucisses knacki Herta Sel réduit x4 - 140g","p":1.9,"u":"13,57 €/KG","img":"https://fd6-photos.leclercdrive.fr/image.ashx?id=2965016&use=l&cat=p&typeid=i","cat":316012},{"id":278729,"n":"Croque-Monsieur Herta Maxi Mozzarella x2 - 310g","p":2.59,"u":"8,35 €/KG","img":"https://fd6-photos.leclercdrive.fr/image.ashx?id=2965013&use=l&cat=p&typeid=i","cat":333671},{"id":278972,"n":"Crème épaisse St Hubert 15%MG 190g","p":0.99,"u":"5,21 €/KG","img":"https://fd6-photos.leclercdrive.fr/image.ashx?id=2975972&use=l&cat=p&typeid=i","cat":284381},{"id":278975,"n":"Crème épaisse St Hubert 30%MG 190g","p":1.09,"u":"5,74 €/KG","img":"https://fd6-photos.leclercdrive.fr/image.ashx?id=2975975&use=l&cat=p&typeid=i","cat":284381},{"id":278976,"n":"Crème épaisse St Hubert 15%MG 450g","p":2.11,"u":"4,69 €/KG","img":"https://fd6-photos.leclercdrive.fr/image.ashx?id=2967169&use=l&cat=p&typeid=i","cat":284381},{"id":278978,"n":"Crème épaisse St Hubert 30%MG 450g","p":2.25,"u":"5,00 €/KG","img":"https://fd6-photos.leclercdrive.fr/image.ashx?id=2967172&use=l&cat=p&typeid=i","cat":284381},{"id":278980,"n":"Jus Montebelo Ananas orange citron - 1L","p":2.99,"pp":1.97,"u":"1,97 €/L","img":"https://fd6-photos.leclercdrive.fr/image.ashx?id=2971724&use=l&cat=p&typeid=i","cat":284354},{"id":278981,"n":"Fromage Fol Epi  Riche en protéines 6tr - 130g","p":2.33,"u":"0,18 €/MT","img":"https://fd6-photos.leclercdrive.fr/image.ashx?id=2975152&use=l&cat=p&typeid=i","cat":314028},{"id":278982,"n":"Jus Montebelo orange goyave ananas citron - 1L","p":2.99,"pp":1.97,"u":"1,97 €/L","img":"https://fd6-photos.leclercdrive.fr/image.ashx?id=2971721&use=l&cat=p&typeid=i","cat":284354},{"id":279009,"n":"Fromage à tartiner Tartare  Ail & fines herbes 90g","p":1.57,"u":"17,44 €/KG","img":"https://fd6-photos.leclercdrive.fr/image.ashx?id=2967130&use=l&cat=p&typeid=i","cat":314029},{"id":279027,"n":"Cheddar râpé British Heritage Extra mature 12 mois - 150g","p":2.83,"u":"18,87 €/KG","img":"https://fd6-photos.leclercdrive.fr/image.ashx?id=2968418&use=l&cat=p&typeid=i","cat":314035},{"id":279035,"n":"Savon de Marseille Le Chat 1,7L","p":9.2,"u":"5,41 €/L","img":"https://fd6-photos.leclercdrive.fr/image.ashx?id=2966569&use=l&cat=p&typeid=i","cat":284640},{"id":279202,"n":"Nouilles japonaises Nissin Hot Spicy Curry - 67g","p":1.92,"u":"28,66 €/KG","img":"https://fd6-photos.leclercdrive.fr/image.ashx?id=2966782&use=l&cat=p&typeid=i","cat":325094},{"id":279361,"n":"Lessive Skip capsules Tout En 1 Peaux Sensibles 36 lav - 760g","p":13.73,"u":"18,07 €/KG","img":"https://fd6-photos.leclercdrive.fr/image.ashx?id=2968583&use=l&cat=p&typeid=i","cat":284641},{"id":279672,"n":"Shampooing Le Petit Marseillais Blond ensoleillé 2x300ml","p":3.97,"u":"6,62 €/L","img":"https://fd6-photos.leclercdrive.fr/image.ashx?id=2969205&use=l&cat=p&typeid=i","cat":284606},{"id":279678,"n":"Biscuit  Mots Doux Vanille - 180g","p":1.89,"u":"10,50 €/KG","img":"https://fd6-photos.leclercdrive.fr/image.ashx?id=2970747&use=l&cat=p&typeid=i","cat":284488},{"id":279680,"n":"Spaghetti carbonara Panzani 800g","p":4.01,"u":"5,01 €/KG","img":"https://fd6-photos.leclercdrive.fr/image.ashx?id=2970957&use=l&cat=p&typeid=i","cat":284442},{"id":279682,"n":"Macaroni tomate Panzani 800g","p":4.0,"u":"5,00 €/KG","img":"https://fd6-photos.leclercdrive.fr/image.ashx?id=2970960&use=l&cat=p&typeid=i","cat":284442},{"id":279683,"n":"Barre de céréales Nesquick 8x25g","p":3.03,"u":"15,15 €/KG","img":"https://fd6-photos.leclercdrive.fr/image.ashx?id=2971350&use=l&cat=p&typeid=i","cat":300032},{"id":279691,"n":"Skyr végétal Protéiné Alpro Fraise - 400g","p":2.84,"u":"7,10 €/KG","img":"https://fd6-photos.leclercdrive.fr/image.ashx?id=2976089&use=l&cat=p&typeid=i","cat":313736},{"id":280072,"n":"Brosse à dents souples Eco + Bleu et vert - x2","p":0.23,"u":"0,12 €/P","img":"https://fd6-photos.leclercdrive.fr/image.ashx?id=2971533&use=l&cat=p&typeid=i","cat":284614},{"id":280089,"n":"Crème dessert Danette Saveur Snickers - 4x90g","p":2.48,"u":"6,89 €/KG","img":"https://fd6-photos.leclercdrive.fr/image.ashx?id=2971918&use=l&cat=p&typeid=i","cat":285041},{"id":280092,"n":"Crème dessert Danette Saveur Twix - 4x90g","p":1.89,"u":"5,25 €/KG","img":"https://fd6-photos.leclercdrive.fr/image.ashx?id=2971924&use=l&cat=p&typeid=i","cat":285041},{"id":280270,"n":"Dessert lacté Vanille Blédina dès 6 mois Mini Lactés - 6x55g","p":2.27,"u":"41,27 €/KG","img":"https://fd6-photos.leclercdrive.fr/image.ashx?id=2972862&use=l&cat=p&typeid=i","cat":312392},{"id":280418,"n":"Dessert lacté Nature Blédina dès 6 mois - 4x95g","p":1.89,"u":"4,97 €/KG","img":"https://fd6-photos.leclercdrive.fr/image.ashx?id=2972868&use=l&cat=p&typeid=i","cat":312392},{"id":280419,"n":"Dessert lacté Fraise Blédina dès 6 mois - 4x95g","p":2.11,"u":"5,55 €/KG","img":"https://fd6-photos.leclercdrive.fr/image.ashx?id=2972871&use=l&cat=p&typeid=i","cat":312392},{"id":280420,"n":"Dessert lacté Blédina Vanille dès 6 mois - 4x95g","p":1.99,"u":"5,24 €/KG","img":"https://fd6-photos.leclercdrive.fr/image.ashx?id=2972874&use=l&cat=p&typeid=i","cat":312392},{"id":280425,"n":"Dessert lacté Blédina Mangue Pêche dès 6 mois - 4x95g","p":2.16,"u":"5,68 €/KG","img":"https://fd6-photos.leclercdrive.fr/image.ashx?id=2972877&use=l&cat=p&typeid=i","cat":312392},{"id":280474,"n":"Gnocchi à poêler Lustucru Extra moelleux 300g","p":2.01,"u":"6,70 €/KG","img":"https://fd6-photos.leclercdrive.fr/image.ashx?id=2973655&use=l&cat=p&typeid=i","cat":333682},{"id":280478,"n":"Mini ravioli Lustucru Jambon fromage 280g","p":2.19,"u":"7,82 €/KG","img":"https://fd6-photos.leclercdrive.fr/image.ashx?id=2996653&use=l&cat=p&typeid=i","cat":333682},{"id":280483,"n":"Gnocchi à poêler Lustucru Extra chorizo 280g","p":2.44,"u":"8,71 €/KG","img":"https://fd6-photos.leclercdrive.fr/image.ashx?id=2973646&use=l&cat=p&typeid=i","cat":333682},{"id":280487,"n":"Gnocchi à poêler Lustucru star 500g","p":2.97,"u":"5,94 €/KG","img":"https://fd6-photos.leclercdrive.fr/image.ashx?id=2973637&use=l&cat=p&typeid=i","cat":333682},{"id":280494,"n":"Mini ravioli Lustucru Fromage 280g","p":2.52,"u":"9,00 €/KG","img":"https://fd6-photos.leclercdrive.fr/image.ashx?id=2996650&use=l&cat=p&typeid=i","cat":333682},{"id":280611,"n":"Lait corps Nivea Hydratant - Peaux sèches 250ml","p":4.14,"u":"16,56 €/L","img":"https://fd6-photos.leclercdrive.fr/image.ashx?id=2974438&use=l&cat=p&typeid=i","cat":325349},{"id":280674,"n":"Dessert Nestlé Lait eclats d'amandes - 170g","p":3.69,"u":"21,71 €/KG","img":"https://fd6-photos.leclercdrive.fr/image.ashx?id=2974453&use=l&cat=p&typeid=i","cat":284497},{"id":280784,"n":"Mayonnaise  Heinz Srirachamix - 400g","p":3.26,"u":"8,15 €/KG","img":"https://fd6-photos.leclercdrive.fr/image.ashx?id=2976140&use=l&cat=p&typeid=i","cat":318431},{"id":280859,"n":"Beurre St-Hubert demi-sel L'Original - 500g","p":3.29,"pp":2.3,"u":"4,60 €/KG","img":"https://fd6-photos.leclercdrive.fr/image.ashx?id=2975969&use=l&cat=p&typeid=i","cat":284379},{"id":280928,"n":"Skyr Siggi's Nature - 8x100g","p":3.14,"u":"3,93 €/KG","img":"https://fd6-photos.leclercdrive.fr/image.ashx?id=2975650&use=l&cat=p&typeid=i","cat":315000},{"id":281037,"n":"Skyr Alpro Exotic- 400g","p":2.81,"u":"7,03 €/KG","img":"https://fd6-photos.leclercdrive.fr/image.ashx?id=2976098&use=l&cat=p&typeid=i","cat":316071},{"id":281128,"n":"Lessive X-tra Total 40 lavages","p":6.22,"u":"3,46 €/L","img":"https://fd6-photos.leclercdrive.fr/image.ashx?id=2976788&use=l&cat=p&typeid=i","cat":284640},{"id":281250,"n":"Vinaigre de riz Mizkan 150ml","p":2.81,"u":"18,73 €/L","img":"https://fd6-photos.leclercdrive.fr/image.ashx?id=2978889&use=l&cat=p&typeid=i","cat":288992},{"id":281257,"n":"Bonbons Les P'tits Pik Haribo 180g","p":1.73,"u":"9,61 €/KG","img":"https://fd6-photos.leclercdrive.fr/image.ashx?id=2978676&use=l&cat=p&typeid=i","cat":304250},{"id":281372,"n":"Nouilles Tables du Monde 3x65g","p":1.39,"u":"7,13 €/KG","img":"https://fd6-photos.leclercdrive.fr/image.ashx?id=2977822&use=l&cat=p&typeid=i","cat":288992},{"id":281374,"n":"Snack alphabet Tokapi Ketchup - 75g","p":0.89,"u":"11,87 €/KG","img":"https://fd6-photos.leclercdrive.fr/image.ashx?id=2977825&use=l&cat=p&typeid=i","cat":284449},{"id":281522,"n":"Boisson végétale Alpro Barista Coco 750ml","p":1.79,"u":"2,39 €/L","img":"https://fd6-photos.leclercdrive.fr/image.ashx?id=2979430&use=l&cat=p&typeid=i","cat":316067},{"id":281524,"n":"Boisson végétale Alpro Avoine 500ml","p":1.37,"u":"2,74 €/L","img":"https://fd6-photos.leclercdrive.fr/image.ashx?id=2986855&use=l&cat=p&typeid=i","cat":316067},{"id":281529,"n":"Lait Matin Léger Lactel Sans lactose 6x50cl","p":8.31,"u":"2,77 €/L","img":"https://fd6-photos.leclercdrive.fr/image.ashx?id=2979421&use=l&cat=p&typeid=i","cat":317169},{"id":281688,"n":"Pasta' poêlée Bonduelle Penne légumes du soleil - 750g","p":2.81,"u":"3,75 €/KG","img":"https://fd6-photos.leclercdrive.fr/image.ashx?id=2979662&use=l&cat=p&typeid=i","cat":319823},{"id":281689,"n":"Pasta' poêlée Bonduelle Gnocchis tomate mozzarella 750g","p":3.86,"u":"5,15 €/KG","img":"https://fd6-photos.leclercdrive.fr/image.ashx?id=2979665&use=l&cat=p&typeid=i","cat":319823},{"id":281690,"n":"Pasta' poêlée Bonduelle Fusilli courgettes fromage 750g","p":3.88,"u":"5,17 €/KG","img":"https://fd6-photos.leclercdrive.fr/image.ashx?id=2979668&use=l&cat=p&typeid=i","cat":319823},{"id":281691,"n":"Pasta' poêlée Bonduelle Gnocchis épinards ricotta 750g","p":2.81,"u":"3,75 €/KG","img":"https://fd6-photos.leclercdrive.fr/image.ashx?id=2979671&use=l&cat=p&typeid=i","cat":319823},{"id":281737,"n":"Vin mousseux brut Kriter 6x75cl","p":18.6,"u":"4,13 €/L","img":"https://fd6-photos.leclercdrive.fr/image.ashx?id=2980872&use=l&cat=p&typeid=i","cat":284544},{"id":281738,"n":"Vin mousseux demi-sec Kriter 6x75cl","p":18.6,"u":"4,13 €/L","img":"https://fd6-photos.leclercdrive.fr/image.ashx?id=2980875&use=l&cat=p&typeid=i","cat":284544},{"id":281744,"n":"Album collector Disney x1","p":1.99,"img":"https://fd6-photos.leclercdrive.fr/image.ashx?id=2980498&use=l&cat=p&typeid=i","cat":334380},{"id":282010,"n":"Kinder Surprise  x4 - 80g","p":5.28,"u":"66,00 €/KG","img":"https://fd6-photos.leclercdrive.fr/image.ashx?id=2981373&use=l&cat=p&typeid=i","cat":327592},{"id":282011,"n":"Chocolat Kinder Géant 300g","p":6.85,"u":"22,83 €/KG","img":"https://fd6-photos.leclercdrive.fr/image.ashx?id=2981367&use=l&cat=p&typeid=i","cat":327592},{"id":282012,"n":"Chaussette verte Kinder  179g","p":9.19,"u":"51,34 €/KG","img":"https://fd6-photos.leclercdrive.fr/image.ashx?id=2981725&use=l&cat=p&typeid=i","cat":284958},{"id":282013,"n":"Chaussette bleue Kinder 179g","p":9.19,"u":"51,34 €/KG","img":"https://fd6-photos.leclercdrive.fr/image.ashx?id=2981728&use=l&cat=p&typeid=i","cat":284958},{"id":282014,"n":"Chocolat Kinder Mix - 102g","p":3.89,"u":"38,14 €/KG","img":"https://fd6-photos.leclercdrive.fr/image.ashx?id=2981370&use=l&cat=p&typeid=i","cat":327592},{"id":282015,"n":"Yaourt crémeux Bonne Maman Sur lit de fraise - 2x125g","p":1.81,"u":"7,24 €/KG","img":"https://fd6-photos.leclercdrive.fr/image.ashx?id=2981599&use=l&cat=p&typeid=i","cat":286006},{"id":282045,"n":"Mousse irrésistible La Laitière Chocolat au lait- 4x50g","p":2.58,"u":"12,90 €/KG","img":"https://fd6-photos.leclercdrive.fr/image.ashx?id=2984727&use=l&cat=p&typeid=i","cat":284417},{"id":282048,"n":"Skyr Siggi's abricot 2x140g","p":2.29,"u":"8,18 €/KG","img":"https://fd6-photos.leclercdrive.fr/image.ashx?id=2984733&use=l&cat=p&typeid=i","cat":315000},{"id":282049,"n":"Yaourt Lindahl protein granola  Chocolat - 2x127g","p":1.99,"u":"7,83 €/KG","img":"https://fd6-photos.leclercdrive.fr/image.ashx?id=2984736&use=l&cat=p&typeid=i","cat":315000},{"id":282055,"n":"Pur jus de poire Jafaden 1L","p":1.79,"u":"1,79 €/L","img":"https://fd6-photos.leclercdrive.fr/image.ashx?id=2981457&use=l&cat=p&typeid=i","cat":284915},{"id":282062,"n":"Paupiette de veau champignons Riz - Cuisine océane - 300g","p":2.15,"u":"7,17 €/KG","img":"https://fd6-photos.leclercdrive.fr/image.ashx?id=2982420&use=l&cat=p&typeid=i","cat":284953},{"id":282366,"n":"Lessive liquide X-tra Total Fraicheur Alpine 40lav - 1,8L","p":8.48,"u":"4,71 €/L","img":"https://fd6-photos.leclercdrive.fr/image.ashx?id=2984200&use=l&cat=p&typeid=i","cat":284640},{"id":282426,"n":"Calendrier de l'Avent Chase  - 75g","p":2.33,"u":"31,07 €/KG","img":"https://fd6-photos.leclercdrive.fr/image.ashx?id=2866184&use=l&cat=p&typeid=i","cat":327590},{"id":282427,"n":"Calendrier de l'Avent Stella  - 75g","p":2.33,"u":"31,07 €/KG","img":"https://fd6-photos.leclercdrive.fr/image.ashx?id=2984513&use=l&cat=p&typeid=i","cat":327590},{"id":282711,"n":"Lessive poudre Persil Bouquet de Provence 3.19kg","p":13.7,"u":"4,29 €/KG","img":"https://fd6-photos.leclercdrive.fr/image.ashx?id=2985666&use=l&cat=p&typeid=i","cat":284642},{"id":282721,"n":"Lessive liquide Persil Bouquet de Provence 1.092L x26","p":4.98,"u":"4,56 €/L","img":"https://fd6-photos.leclercdrive.fr/image.ashx?id=2985675&use=l&cat=p&typeid=i","cat":284640},{"id":282769,"n":"Chocolat Kinder Mix - 102g","p":3.89,"u":"38,14 €/KG","img":"https://fd6-photos.leclercdrive.fr/image.ashx?id=2984546&use=l&cat=p&typeid=i","cat":327592},{"id":282770,"n":"Chocolat Kinder Pingouin - 102g","p":3.89,"u":"38,14 €/KG","img":"https://fd6-photos.leclercdrive.fr/image.ashx?id=2984549&use=l&cat=p&typeid=i","cat":327592},{"id":282873,"n":"Corbeille planche apéro Lucien Georgelin - 510g","p":15.9,"u":"31,18 €/KG","img":"https://fd6-photos.leclercdrive.fr/image.ashx?id=2985189&use=l&cat=p&typeid=i","cat":305149},{"id":282875,"n":"Corbeille planche foie gras Lucien Georgelin - 274g","p":17.9,"u":"65,33 €/KG","img":"https://fd6-photos.leclercdrive.fr/image.ashx?id=2985186&use=l&cat=p&typeid=i","cat":305148},{"id":282893,"n":"Comté Le Montarlier Président Affiné 6 mois - 200g+30% offert","p":3.89,"u":"14,96 €/KG","img":"https://fd6-photos.leclercdrive.fr/image.ashx?id=2986317&use=l&cat=p&typeid=i","cat":314034},{"id":282932,"n":"Petits Coraya sauce mayonnaise 21 bâtonnets +33% offerts 311g","p":1.99,"u":"6,40 €/KG","img":"https://fd6-photos.leclercdrive.fr/image.ashx?id=2986425&use=l&cat=p&typeid=i","cat":285189},{"id":282933,"n":"Petits Coraya sauce cocktail 21 bâtonnets +33% offerts 311g","p":1.99,"u":"6,40 €/KG","img":"https://fd6-photos.leclercdrive.fr/image.ashx?id=2986428&use=l&cat=p&typeid=i","cat":285189},{"id":282946,"n":"Lessive Xt-tra Total Marseille Aloe vera - 1.8L x40","p":6.88,"u":"3,82 €/L","img":"https://fd6-photos.leclercdrive.fr/image.ashx?id=2985030&use=l&cat=p&typeid=i","cat":284640},{"id":283048,"n":"Caffè latte Starbucks 220ml","p":2.19,"u":"9,95 €/L","img":"https://fd6-photos.leclercdrive.fr/image.ashx?id=2986807&use=l&cat=p&typeid=i","cat":295246},{"id":283058,"n":"Café frais Starbucks Cappuccino 220ml","p":2.11,"u":"9,59 €/L","img":"https://fd6-photos.leclercdrive.fr/image.ashx?id=2986804&use=l&cat=p&typeid=i","cat":295246},{"id":283059,"n":"Café frais Starbucks Caffè Latte 220ml","p":2.12,"u":"9,64 €/L","img":"https://fd6-photos.leclercdrive.fr/image.ashx?id=2986798&use=l&cat=p&typeid=i","cat":295246},{"id":283066,"n":"Café frais Starbucks Noisette Macchiato 220ml","p":2.16,"u":"9,82 €/L","img":"https://fd6-photos.leclercdrive.fr/image.ashx?id=2986810&use=l&cat=p&typeid=i","cat":295246},{"id":283136,"n":"Kinder Surprise  Père Noel x4 - 80g","p":5.28,"u":"66,00 €/KG","img":"https://fd6-photos.leclercdrive.fr/image.ashx?id=2981373&use=l&cat=p&typeid=i","cat":327592},{"id":283138,"n":"Kinder Surprise  Bonhomme de neige x4 - 80g","p":5.28,"u":"66,00 €/KG","img":"https://fd6-photos.leclercdrive.fr/image.ashx?id=2987196&use=l&cat=p&typeid=i","cat":327592},{"id":283154,"n":"Chocolat Kinder Géant Père Noel - 300g","p":6.85,"u":"22,83 €/KG","img":"https://fd6-photos.leclercdrive.fr/image.ashx?id=2981367&use=l&cat=p&typeid=i","cat":327592},{"id":283155,"n":"Chocolat Kinder Géant Bonhomme de neige - 300g","p":6.85,"u":"22,83 €/KG","img":"https://fd6-photos.leclercdrive.fr/image.ashx?id=2998808&use=l&cat=p&typeid=i","cat":327592},{"id":283161,"n":"Skyr Gourmand Yoplait  Sur lit de citron - 4x120g","p":3.22,"u":"6,71 €/KG","img":"https://fd6-photos.leclercdrive.fr/image.ashx?id=2989234&use=l&cat=p&typeid=i","cat":315000},{"id":283163,"n":"Skyr Gourmand Yoplait  sur lit poire vanille - 4x120g","p":3.4,"u":"7,08 €/KG","img":"https://fd6-photos.leclercdrive.fr/image.ashx?id=2989246&use=l&cat=p&typeid=i","cat":315000},{"id":283166,"n":"Skyr Vitaminé Yoplait sur lit ananas citron vert - 4x120g","p":3.39,"u":"7,06 €/KG","img":"https://fd6-photos.leclercdrive.fr/image.ashx?id=2989243&use=l&cat=p&typeid=i","cat":315000},{"id":283167,"n":"Skyr Vitaminé Yoplait sur lit mangue passion - 4x120g","p":3.37,"u":"7,02 €/KG","img":"https://fd6-photos.leclercdrive.fr/image.ashx?id=2989240&use=l&cat=p&typeid=i","cat":315000},{"id":283170,"n":"Skyr vitaminé Yoplait sur lit framboise cranberry - 4x120g","p":3.36,"u":"7,00 €/KG","img":"https://fd6-photos.leclercdrive.fr/image.ashx?id=2989237&use=l&cat=p&typeid=i","cat":315000},{"id":283257,"n":"Biscuits Noël Delacre Etoile Délices au chocolat 200g","p":5.98,"u":"29,90 €/KG","img":"https://fd6-photos.leclercdrive.fr/image.ashx?id=2988333&use=l&cat=p&typeid=i","cat":284490},{"id":283258,"n":"Biscuits Noël Delacre Etoile Délices au chocolat 485g","p":13.6,"u":"28,04 €/KG","img":"https://fd6-photos.leclercdrive.fr/image.ashx?id=2988330&use=l&cat=p&typeid=i","cat":284490},{"id":283260,"n":"Biscuits Noël Delacre Etoile  Collection 620g","p":15.99,"pp":11.99,"u":"19,34 €/KG","img":"https://fd6-photos.leclercdrive.fr/image.ashx?id=2988336&use=l&cat=p&typeid=i","cat":284490},{"id":283263,"n":"Adoucissant dilué Soupline Grand Air - 1500ml","p":5.51,"u":"3,67 €/L","img":"https://fd6-photos.leclercdrive.fr/image.ashx?id=3004450&use=l&cat=p&typeid=i","cat":284650},{"id":283542,"n":"Œuf Maxi Kinder surprise Playmobil - 100g","p":6.52,"u":"65,20 €/KG","img":"https://fd6-photos.leclercdrive.fr/image.ashx?id=2940516&use=l&cat=p&typeid=i","cat":284958},{"id":283546,"n":"Peluche Kinder Ecureuil - 133g","p":12.49,"u":"93,91 €/KG","img":"https://fd6-photos.leclercdrive.fr/image.ashx?id=2995890&use=l&cat=p&typeid=i","cat":327789},{"id":283547,"n":"Peluche Kinder Dragon - 133g","p":12.49,"u":"93,91 €/KG","img":"https://fd6-photos.leclercdrive.fr/image.ashx?id=2995893&use=l&cat=p&typeid=i","cat":327789},{"id":283554,"n":"Thon en morceaux Eco+ 280g","p":2.09,"u":"7,46 €/KG","img":"https://fd6-photos.leclercdrive.fr/image.ashx?id=2987656&use=l&cat=p&typeid=i","cat":303867},{"id":283764,"n":"Yaourt crémeux Bonne Maman Sur lit d'abricots 2x125g","p":1.84,"u":"7,36 €/KG","img":"https://fd6-photos.leclercdrive.fr/image.ashx?id=2990763&use=l&cat=p&typeid=i","cat":284410},{"id":284009,"n":"Nestlé I Love Kefir à boire Nature - 6x100g","p":2.59,"pp":1.71,"u":"2,85 €/KG","img":"https://fd6-photos.leclercdrive.fr/image.ashx?id=2991831&use=l&cat=p&typeid=i","cat":284415},{"id":284010,"n":"Nestlé I Love Kefir Yaourt Nature - 2x150g","p":2.19,"pp":1.45,"u":"4,83 €/KG","img":"https://fd6-photos.leclercdrive.fr/image.ashx?id=2991834&use=l&cat=p&typeid=i","cat":284409},{"id":284689,"n":"Boule de Noël Chupa Chups Sucettes et bubble gum 56g","p":3.85,"u":"68,75 €/KG","img":"https://fd6-photos.leclercdrive.fr/image.ashx?id=3009212&use=l&cat=p&typeid=i","cat":327592},{"id":284853,"n":"Liqueur Cointreau Edition spéciale 40° - 70cl","p":17.85,"pp":15.17,"u":"21,67 €/L","img":"https://fd6-photos.leclercdrive.fr/image.ashx?id=2999222&use=l&cat=p&typeid=i","cat":286032},{"id":284884,"n":"AOP Champagne Montaudon Brut Tradition avec cone 75cl","p":19.9,"u":"26,53 €/L","img":"https://fd6-photos.leclercdrive.fr/image.ashx?id=2999580&use=l&cat=p&typeid=i","cat":284542},{"id":284948,"n":"Sac noel Kinder Sac vert \"Oh Oh Oh!\" - 223g","p":9.56,"u":"42,87 €/KG","img":"https://fd6-photos.leclercdrive.fr/image.ashx?id=2995896&use=l&cat=p&typeid=i","cat":327592},{"id":285940,"n":"Bouteilles glacées au marc de Champagne - Erhard - 220g","p":4.29,"u":"19,50 €/KG","img":"https://fd6-photos.leclercdrive.fr/image.ashx?id=2998976&use=l&cat=p&typeid=i","cat":284266},{"id":286221,"n":"Dentifrice Colgate Max White Expert Original 2x75ml","p":9.14,"u":"60,93 €/L","img":"https://fd6-photos.leclercdrive.fr/image.ashx?id=2999598&use=l&cat=p&typeid=i","cat":284612},{"id":286244,"n":"Bûche glacée Pilpa Omelette norvégienne 336g","p":5.27,"u":"15,68 €/KG","img":"https://fd6-photos.leclercdrive.fr/image.ashx?id=3000024&use=l&cat=p&typeid=i","cat":284266},{"id":286245,"n":"Bûche glacée Pilpa Vanille caramel spéculoos 534g","p":5.27,"u":"9,87 €/KG","img":"https://fd6-photos.leclercdrive.fr/image.ashx?id=3000039&use=l&cat=p&typeid=i","cat":284266},{"id":286252,"n":"Bûche glacée Nestlé Signature Chocolat blanc spéculoos 503g","p":1.51,"u":"3,00 €/KG","img":"https://fd6-photos.leclercdrive.fr/image.ashx?id=3000713&use=l&cat=p&typeid=i","cat":284266},{"id":286256,"n":"Bûche glacée Nestlé Signature Passion framboise 491g","p":1.51,"u":"3,08 €/KG","img":"https://fd6-photos.leclercdrive.fr/image.ashx?id=3000701&use=l&cat=p&typeid=i","cat":284266},{"id":286645,"n":"Chips Lay's Gourmet Wavy herbes - 120g","p":2.24,"u":"18,67 €/KG","img":"https://fd6-photos.leclercdrive.fr/image.ashx?id=3003185&use=l&cat=p&typeid=i","cat":284447},{"id":286647,"n":"Chips Lay's Gourmet 120g","p":2.23,"u":"18,58 €/KG","img":"https://fd6-photos.leclercdrive.fr/image.ashx?id=3003182&use=l&cat=p&typeid=i","cat":284447},{"id":286650,"n":"Chips Lay's Gourmet 120g","p":2.25,"u":"18,75 €/KG","img":"https://fd6-photos.leclercdrive.fr/image.ashx?id=3003188&use=l&cat=p&typeid=i","cat":284447},{"id":287034,"n":"Yaourt à la Grecque Danone Pêche - 4x115g","p":2.52,"u":"5,48 €/KG","img":"https://fd6-photos.leclercdrive.fr/image.ashx?id=3004789&use=l&cat=p&typeid=i","cat":314999},{"id":287041,"n":"Skyr Danone onctueux Fraise - 450g","p":2.15,"u":"4,78 €/KG","img":"https://fd6-photos.leclercdrive.fr/image.ashx?id=3004795&use=l&cat=p&typeid=i","cat":315000},{"id":287042,"n":"Skyr Danone onctueux Vanille - 450g","p":2.15,"u":"4,78 €/KG","img":"https://fd6-photos.leclercdrive.fr/image.ashx?id=3004798&use=l&cat=p&typeid=i","cat":315000},{"id":287558,"n":"Déodorant Axe Supreme black 48h fraîcheur 2x200ml","p":6.97,"pp":4.88,"u":"12,20 €/L","img":"https://fd6-photos.leclercdrive.fr/image.ashx?id=3006202&use=l&cat=p&typeid=i","cat":284618},{"id":287560,"n":"Déodorant Axe Supreme Dark Temptation 2x200ml","p":6.97,"pp":4.88,"u":"12,20 €/L","img":"https://fd6-photos.leclercdrive.fr/image.ashx?id=3006205&use=l&cat=p&typeid=i","cat":284618},{"id":287563,"n":"Déodorant Axe Supreme  Ice Cool 2x200ml","p":6.97,"pp":4.88,"u":"12,20 €/L","img":"https://fd6-photos.leclercdrive.fr/image.ashx?id=3006208&use=l&cat=p&typeid=i","cat":284618},{"id":287564,"n":"Déodorant Axe Supreme Provocation 2x200ml","p":6.97,"pp":4.88,"u":"12,20 €/L","img":"https://fd6-photos.leclercdrive.fr/image.ashx?id=3006211&use=l&cat=p&typeid=i","cat":284618},{"id":287566,"n":"Déodorant Axe Supreme  Apollo 2x200ml","p":6.97,"pp":4.88,"u":"12,20 €/L","img":"https://fd6-photos.leclercdrive.fr/image.ashx?id=3006214&use=l&cat=p&typeid=i","cat":284618},{"id":288382,"n":"Boule de Noël Chupa Chups Sucettes et bubble gum 56g","p":3.85,"u":"68,75 €/KG","img":"https://fd6-photos.leclercdrive.fr/image.ashx?id=2993621&use=l&cat=p&typeid=i","cat":304250},{"id":288384,"n":"Boule de Noël Chupa Chups Sapin - 56g","p":3.85,"u":"68,75 €/KG","img":"https://fd6-photos.leclercdrive.fr/image.ashx?id=3007837&use=l&cat=p&typeid=i","cat":327595}]}