{"id":"172201-172201","dt":"2025-12-15","p":[{"id":2,"n":"Haricots verts Notre Jardin Extra fins - 345g","p":2.39,"u":"6,93 €/KG","img":"https://fd14-photos.leclercdrive.fr/image.ashx?id=2368650&use=l&cat=p&typeid=i","cat":312606},{"id":3,"n":"Haricots verts Notre Jardin Très fins - 220g","p":0.86,"u":"3,91 €/KG","img":"https://fd14-photos.leclercdrive.fr/image.ashx?id=2987991&use=l&cat=p&typeid=i","cat":312606},{"id":4,"n":"Haricots verts Notre Jardin Très fins - 440g","p":1.15,"u":"2,61 €/KG","img":"https://fd14-photos.leclercdrive.fr/image.ashx?id=2468822&use=l&cat=p&typeid=i","cat":312606},{"id":5,"n":"Haricots verts Notre Jardin Extra fins - 440g","p":1.2,"u":"2,73 €/KG","img":"https://fd14-photos.leclercdrive.fr/image.ashx?id=2291393&use=l&cat=p&typeid=i","cat":312606},{"id":7,"n":"Haricots beurre Notre Jardin Très fins - 220g","p":1.11,"u":"5,05 €/KG","img":"https://fd14-photos.leclercdrive.fr/image.ashx?id=2988027&use=l&cat=p&typeid=i","cat":312606},{"id":8,"n":"Haricots beurre Notre Jardin Très fins - 440g","p":1.55,"u":"3,52 €/KG","img":"https://fd14-photos.leclercdrive.fr/image.ashx?id=2988030&use=l&cat=p&typeid=i","cat":312606},{"id":9,"n":"Petits pois Notre Jardin A l'étuvée - Extra fins - 280g","p":0.9,"u":"3,21 €/KG","img":"https://fd14-photos.leclercdrive.fr/image.ashx?id=2375947&use=l&cat=p&typeid=i","cat":312607},{"id":10,"n":"Petits pois Notre Jardin A l'étuvée - Très fins - 280g","p":0.89,"u":"3,18 €/KG","img":"https://fd14-photos.leclercdrive.fr/image.ashx?id=2987958&use=l&cat=p&typeid=i","cat":312607},{"id":11,"n":"Petits pois carottes  Notre Jardin -Extra fins - 530g","p":1.22,"u":"2,30 €/KG","img":"https://fd14-photos.leclercdrive.fr/image.ashx?id=2987961&use=l&cat=p&typeid=i","cat":312607},{"id":12,"n":"Petits pois carottes extra-fins Notre Jardin à l'étuvée 260g","p":0.99,"u":"3,74 €/KG","img":"https://fd14-photos.leclercdrive.fr/image.ashx?id=2987964&use=l&cat=p&typeid=i","cat":312607},{"id":13,"n":"Petits pois carottes Très fins Notre Jardin -A l'étuvée -530g","p":1.33,"u":"2,51 €/KG","img":"https://fd14-photos.leclercdrive.fr/image.ashx?id=2698156&use=l&cat=p&typeid=i","cat":312607},{"id":14,"n":"Carottes Notre Jardin Extra-fines - 265g","p":0.85,"u":"3,21 €/KG","img":"https://fd14-photos.leclercdrive.fr/image.ashx?id=1993149&use=l&cat=p&typeid=i","cat":312607},{"id":15,"n":"Champignons Paris Notre Jardin Entiers - 230g","p":1.47,"u":"6,39 €/KG","img":"https://fd14-photos.leclercdrive.fr/image.ashx?id=2553890&use=l&cat=p&typeid=i","cat":312610},{"id":17,"n":"Champignons Paris Notre Jardin Emincés - 230g","p":1.07,"u":"4,65 €/KG","img":"https://fd14-photos.leclercdrive.fr/image.ashx?id=2551960&use=l&cat=p&typeid=i","cat":312610},{"id":19,"n":"Flageolets verts Notre Jardin Extra fins - 265g","p":0.99,"u":"3,74 €/KG","img":"https://fd14-photos.leclercdrive.fr/image.ashx?id=1993161&use=l&cat=p&typeid=i","cat":312606},{"id":20,"n":"Macédoine légumes Notre Jardin 265g","p":0.71,"u":"2,68 €/KG","img":"https://fd14-photos.leclercdrive.fr/image.ashx?id=2050600&use=l&cat=p&typeid=i","cat":312612},{"id":21,"n":"Macédoine légumes Notre Jardin - 530g","p":1.22,"u":"2,30 €/KG","img":"https://fd14-photos.leclercdrive.fr/image.ashx?id=2526276&use=l&cat=p&typeid=i","cat":312612},{"id":22,"n":"Garniture de 4 légumes  Notre Jardin - 510g","p":1.74,"u":"3,41 €/KG","img":"https://fd14-photos.leclercdrive.fr/image.ashx?id=2526279&use=l&cat=p&typeid=i","cat":312612},{"id":26,"n":"Pois chiches Notre Jardin 265g","p":0.75,"u":"2,83 €/KG","img":"https://fd14-photos.leclercdrive.fr/image.ashx?id=2988009&use=l&cat=p&typeid=i","cat":312609},{"id":27,"n":"Lentilles préparées Notre  Jardin - 265g","p":0.66,"u":"2,49 €/KG","img":"https://fd14-photos.leclercdrive.fr/image.ashx?id=2448968&use=l&cat=p&typeid=i","cat":312609},{"id":29,"n":"Haricots rouges Notre Jardin 250g","p":0.84,"u":"3,36 €/KG","img":"https://fd14-photos.leclercdrive.fr/image.ashx?id=2448977&use=l&cat=p&typeid=i","cat":312606},{"id":30,"n":"Pommes de terre Notre Jardin 530g","p":1.29,"u":"2,43 €/KG","img":"https://fd14-photos.leclercdrive.fr/image.ashx?id=2696250&use=l&cat=p&typeid=i","cat":312612},{"id":36,"n":"Epinards hâchés Notre Jardin 795g","p":1.65,"u":"2,08 €/KG","img":"https://fd14-photos.leclercdrive.fr/image.ashx?id=2468807&use=l&cat=p&typeid=i","cat":312612},{"id":37,"n":"Epinards hâchés Notre Jardin 395g","p":1.09,"u":"2,76 €/KG","img":"https://fd14-photos.leclercdrive.fr/image.ashx?id=2468810&use=l&cat=p&typeid=i","cat":312612},{"id":39,"n":"Epinards branches Notre Jardin 530g","p":1.65,"u":"3,11 €/KG","img":"https://fd14-photos.leclercdrive.fr/image.ashx?id=2698159&use=l&cat=p&typeid=i","cat":312612},{"id":40,"n":"Coeurs de palmiers Notre Jardin Extra tendres - 500g","p":3.85,"u":"7,70 €/KG","img":"https://fd14-photos.leclercdrive.fr/image.ashx?id=2072698&use=l&cat=p&typeid=i","cat":312611},{"id":41,"n":"Choux Bruxelles Notre Jardin 530g","p":1.95,"u":"3,68 €/KG","img":"https://fd14-photos.leclercdrive.fr/image.ashx?id=2468813&use=l&cat=p&typeid=i","cat":312612},{"id":42,"n":"Haricots Mungo Notre Jardin 180g","p":1.0,"u":"5,56 €/KG","img":"https://fd14-photos.leclercdrive.fr/image.ashx?id=2072431&use=l&cat=p&typeid=i","cat":312611},{"id":43,"n":"Asperges blanches miniatures Notre Jardin - 110g","p":1.55,"u":"14,09 €/KG","img":"https://fd14-photos.leclercdrive.fr/image.ashx?id=2049019&use=l&cat=p&typeid=i","cat":312611},{"id":44,"n":"Maïs Notre Jardin Tendre - 285g","p":0.95,"u":"3,33 €/KG","img":"https://fd14-photos.leclercdrive.fr/image.ashx?id=3005658&use=l&cat=p&typeid=i","cat":312611},{"id":50,"n":"Miettes de thon Pêche Océan Huile de tournesol - 160g","p":1.7,"u":"10,63 €/KG","img":"https://fd14-photos.leclercdrive.fr/image.ashx?id=2941369&use=l&cat=p&typeid=i","cat":303867},{"id":52,"n":"Miettes de thon Pêche Océan Tomate - 3x80g","p":1.56,"u":"6,50 €/KG","img":"https://fd14-photos.leclercdrive.fr/image.ashx?id=2941363&use=l&cat=p&typeid=i","cat":303867},{"id":58,"n":"Filets maquereaux Pêche Océan Arômates et Muscadet 176g","p":1.46,"u":"8,30 €/KG","img":"https://fd14-photos.leclercdrive.fr/image.ashx?id=2476948&use=l&cat=p&typeid=i","cat":303868},{"id":59,"n":"Maquereaux Pêche Océan Moutarde de Dijon - 169g","p":1.59,"u":"9,41 €/KG","img":"https://fd14-photos.leclercdrive.fr/image.ashx?id=2488350&use=l&cat=p&typeid=i","cat":303868},{"id":68,"n":"Cassoulet Côté Table Saucisses et saucissons - 420g","p":1.15,"u":"2,74 €/KG","img":"https://fd14-photos.leclercdrive.fr/image.ashx?id=2977099&use=l&cat=p&typeid=i","cat":284440},{"id":74,"n":"Choucroute Côté Table garnie 800g","p":2.79,"u":"3,49 €/KG","img":"https://fd14-photos.leclercdrive.fr/image.ashx?id=1847409&use=l&cat=p&typeid=i","cat":284441},{"id":75,"n":"Choucroute Côté Table garnie 400g","p":1.72,"u":"4,30 €/KG","img":"https://fd14-photos.leclercdrive.fr/image.ashx?id=2977114&use=l&cat=p&typeid=i","cat":284441},{"id":77,"n":"Petit salé Côté Table lentilles A l'Auvergnate 840g","p":2.75,"u":"3,27 €/KG","img":"https://fd14-photos.leclercdrive.fr/image.ashx?id=3014119&use=l&cat=p&typeid=i","cat":284441},{"id":78,"n":"Saucisses lentilles Côté Table 840g","p":1.99,"u":"2,37 €/KG","img":"https://fd14-photos.leclercdrive.fr/image.ashx?id=2977102&use=l&cat=p&typeid=i","cat":284441},{"id":79,"n":"Saucisses lentilles Côté Table 420g","p":1.13,"u":"2,69 €/KG","img":"https://fd14-photos.leclercdrive.fr/image.ashx?id=2977105&use=l&cat=p&typeid=i","cat":284441},{"id":92,"n":"Chips Pom'lisse Nature - 6x30g","p":1.36,"u":"7,56 €/KG","img":"https://fd14-photos.leclercdrive.fr/image.ashx?id=2498593&use=l&cat=p&typeid=i","cat":284447},{"id":97,"n":"Pétales salées Tokapi Soufflés - 75g","p":0.69,"u":"9,20 €/KG","img":"https://fd14-photos.leclercdrive.fr/image.ashx?id=2751874&use=l&cat=p&typeid=i","cat":284449},{"id":104,"n":"Mélange Grillé et salé Tokapi Cacahuètes et noisettes - 120g","p":1.42,"u":"11,83 €/KG","img":"https://fd14-photos.leclercdrive.fr/image.ashx?id=2794100&use=l&cat=p&typeid=i","cat":284448},{"id":105,"n":"Cacahuètes grillées Tokapi Salées - 250g","p":0.85,"u":"3,40 €/KG","img":"https://fd14-photos.leclercdrive.fr/image.ashx?id=2795529&use=l&cat=p&typeid=i","cat":284448},{"id":108,"n":"Noix de cajou grillées Tokapi Salées - 400g","p":4.78,"u":"11,95 €/KG","img":"https://fd14-photos.leclercdrive.fr/image.ashx?id=2793985&use=l&cat=p&typeid=i","cat":284448},{"id":117,"n":"Huile Isio 4 Lesieur 1L","p":3.41,"u":"3,41 €/L","img":"https://fd14-photos.leclercdrive.fr/image.ashx?id=2916018&use=l&cat=p&typeid=i","cat":284453},{"id":122,"n":"Huile de friture Rustica Sans odeur - 2L","p":4.45,"u":"2,23 €/L","img":"https://fd14-photos.leclercdrive.fr/image.ashx?id=2916662&use=l&cat=p&typeid=i","cat":284453},{"id":123,"n":"Huile végétale  Rustica Mélange 4 huiles  - 1L","p":2.65,"u":"2,65 €/L","img":"https://fd14-photos.leclercdrive.fr/image.ashx?id=2538134&use=l&cat=p&typeid=i","cat":284453},{"id":124,"n":"Huile d'olive Rustica Vierge extra - 1L","p":8.99,"u":"8,99 €/L","img":"https://fd14-photos.leclercdrive.fr/image.ashx?id=2898011&use=l&cat=p&typeid=i","cat":284453},{"id":125,"n":"Huile de tournesol Rustica  1L","p":1.99,"u":"1,99 €/L","img":"https://fd14-photos.leclercdrive.fr/image.ashx?id=2900319&use=l&cat=p&typeid=i","cat":284453},{"id":126,"n":"Huile de tournesol Rustica 3L","p":5.89,"u":"1,96 €/L","img":"https://fd14-photos.leclercdrive.fr/image.ashx?id=1944562&use=l&cat=p&typeid=i","cat":284453},{"id":127,"n":"Huile de colza Rustica  1L","p":1.75,"u":"1,75 €/L","img":"https://fd14-photos.leclercdrive.fr/image.ashx?id=2500797&use=l&cat=p&typeid=i","cat":284453},{"id":128,"n":"Vinaigre de vin Rustica 75cl","p":0.99,"u":"1,32 €/L","img":"https://fd14-photos.leclercdrive.fr/image.ashx?id=1061150&use=l&cat=p&typeid=i","cat":298543},{"id":129,"n":"Vinaigre de cidre Rustica  75cl","p":0.87,"u":"1,16 €/L","img":"https://fd14-photos.leclercdrive.fr/image.ashx?id=2657190&use=l&cat=p&typeid=i","cat":298543},{"id":130,"n":"Vinaigrette Rustica  Moutarde - 50cl","p":0.89,"u":"1,78 €/L","img":"https://fd14-photos.leclercdrive.fr/image.ashx?id=1950144&use=l&cat=p&typeid=i","cat":284456},{"id":131,"n":"Jus de citron Rustica Sicile - 2x125ml - 250ml","p":1.08,"u":"4,32 €/L","img":"https://fd14-photos.leclercdrive.fr/image.ashx?id=2123190&use=l&cat=p&typeid=i","cat":288383},{"id":137,"n":"Gros sel de Camargue NRT Sachet -1kg","p":1.12,"u":"1,12 €/KG","img":"https://fd14-photos.leclercdrive.fr/image.ashx?id=2644903&use=l&cat=p&typeid=i","cat":284457},{"id":147,"n":"Olives vertes Rustica  Dénoyautées - 160g","p":0.92,"u":"5,75 €/KG","img":"https://fd14-photos.leclercdrive.fr/image.ashx?id=2499070&use=l&cat=p&typeid=i","cat":284458},{"id":157,"n":"Moutarde de Dijon AMORA Fine & Forte - 265g","p":1.69,"u":"6,38 €/KG","img":"https://fd14-photos.leclercdrive.fr/image.ashx?id=3004870&use=l&cat=p&typeid=i","cat":288850},{"id":160,"n":"Mayonnaise Lesieur Huile de colza - 175g","p":0.77,"u":"4,40 €/KG","img":"https://fd14-photos.leclercdrive.fr/image.ashx?id=2917702&use=l&cat=p&typeid=i","cat":298295},{"id":169,"n":"Sauce Pesto Panzani Basilic - 200g","p":1.77,"u":"8,85 €/KG","img":"https://fd14-photos.leclercdrive.fr/image.ashx?id=2989093&use=l&cat=p&typeid=i","cat":287599},{"id":173,"n":"Pulpe de tomate Notre Jardin En dés - 3x383g","p":2.06,"u":"1,81 €/KG","img":"https://fd14-photos.leclercdrive.fr/image.ashx?id=2826918&use=l&cat=p&typeid=i","cat":288384},{"id":175,"n":"Sauce bolognaise Turini 420g","p":1.45,"u":"3,45 €/KG","img":"https://fd14-photos.leclercdrive.fr/image.ashx?id=2634860&use=l&cat=p&typeid=i","cat":287599},{"id":178,"n":"Sauce Napolitaine Turini 420g","p":0.88,"u":"2,10 €/KG","img":"https://fd14-photos.leclercdrive.fr/image.ashx?id=2441893&use=l&cat=p&typeid=i","cat":287599},{"id":185,"n":"Pâtes Barilla Pipe Rigate - 500g","p":0.99,"u":"1,98 €/KG","img":"https://fd14-photos.leclercdrive.fr/image.ashx?id=2392209&use=l&cat=p&typeid=i","cat":284427},{"id":186,"n":"Pâtes Barilla Penne rigate - 500g","p":0.98,"u":"1,96 €/KG","img":"https://fd14-photos.leclercdrive.fr/image.ashx?id=2392203&use=l&cat=p&typeid=i","cat":284427},{"id":187,"n":"Pâtes Barilla Fusilli - 500g","p":1.0,"u":"2,00 €/KG","img":"https://fd14-photos.leclercdrive.fr/image.ashx?id=2392212&use=l&cat=p&typeid=i","cat":284427},{"id":190,"n":"Pâtes Barilla piccolini Mini penne rigate - 500g","p":1.09,"u":"2,18 €/KG","img":"https://fd14-photos.leclercdrive.fr/image.ashx?id=2737588&use=l&cat=p&typeid=i","cat":284427},{"id":191,"n":"Pâtes Collezione Barilla Lasagne aux œufs - 500g","p":1.97,"u":"3,94 €/KG","img":"https://fd14-photos.leclercdrive.fr/image.ashx?id=2990997&use=l&cat=p&typeid=i","cat":284427},{"id":192,"n":"Pâtes Barilla Penne rigate - 1kg","p":1.9,"u":"1,90 €/KG","img":"https://fd14-photos.leclercdrive.fr/image.ashx?id=2392191&use=l&cat=p&typeid=i","cat":284427},{"id":194,"n":"Pâtes Coquillettes Panzani 500g","p":0.9,"u":"1,80 €/KG","img":"https://fd14-photos.leclercdrive.fr/image.ashx?id=2870200&use=l&cat=p&typeid=i","cat":284427},{"id":195,"n":"Pâtes macaroni Panzani 500g","p":0.92,"u":"1,84 €/KG","img":"https://fd14-photos.leclercdrive.fr/image.ashx?id=2884297&use=l&cat=p&typeid=i","cat":284427},{"id":196,"n":"Pâtes nouilles fines Panzani 500g","p":1.05,"u":"2,10 €/KG","img":"https://fd14-photos.leclercdrive.fr/image.ashx?id=2876005&use=l&cat=p&typeid=i","cat":284427},{"id":198,"n":"Pâtes Spaghetti Panzani 500g","p":0.87,"u":"1,74 €/KG","img":"https://fd14-photos.leclercdrive.fr/image.ashx?id=2876023&use=l&cat=p&typeid=i","cat":284427},{"id":199,"n":"Pâtes Tagliatelle Panzani Créatives - 500G","p":1.5,"u":"3,00 €/KG","img":"https://fd14-photos.leclercdrive.fr/image.ashx?id=2902936&use=l&cat=p&typeid=i","cat":284427},{"id":203,"n":"Pâtes Torsades Turini 500g","p":0.65,"u":"1,30 €/KG","img":"https://fd14-photos.leclercdrive.fr/image.ashx?id=2607371&use=l&cat=p&typeid=i","cat":284427},{"id":204,"n":"Pâtes Coquillettes Turini 500g","p":0.75,"u":"1,50 €/KG","img":"https://fd14-photos.leclercdrive.fr/image.ashx?id=2980402&use=l&cat=p&typeid=i","cat":284427},{"id":205,"n":"Pâtes Macaroni Turini 500g","p":0.75,"u":"1,50 €/KG","img":"https://fd14-photos.leclercdrive.fr/image.ashx?id=3013271&use=l&cat=p&typeid=i","cat":284427},{"id":206,"n":"Spaghetti Turini 500g","p":0.63,"u":"1,26 €/KG","img":"https://fd14-photos.leclercdrive.fr/image.ashx?id=2664328&use=l&cat=p&typeid=i","cat":284427},{"id":208,"n":"Pâtes gansettes Turini 500g","p":0.98,"u":"1,96 €/KG","img":"https://fd14-photos.leclercdrive.fr/image.ashx?id=2607422&use=l&cat=p&typeid=i","cat":284427},{"id":210,"n":"Pâtes cheveux d'anges Turini 500g","p":0.85,"u":"1,70 €/KG","img":"https://fd14-photos.leclercdrive.fr/image.ashx?id=2523694&use=l&cat=p&typeid=i","cat":284427},{"id":211,"n":"Pâtes Tagliatelles Turini 500g","p":1.29,"u":"2,58 €/KG","img":"https://fd14-photos.leclercdrive.fr/image.ashx?id=2669693&use=l&cat=p&typeid=i","cat":284427},{"id":219,"n":"Riz long Comptoir du Grain Sachet cuisson rapide x5 - 1kg","p":1.74,"u":"1,74 €/KG","img":"https://fd14-photos.leclercdrive.fr/image.ashx?id=1759876&use=l&cat=p&typeid=i","cat":284428},{"id":220,"n":"Couscous moyen Regia 1kg","p":2.15,"u":"2,15 €/KG","img":"https://fd14-photos.leclercdrive.fr/image.ashx?id=2874856&use=l&cat=p&typeid=i","cat":284429},{"id":224,"n":"Purée pomme de terre Pom'lisse Nature - 4x125g - 500g","p":1.85,"u":"3,70 €/KG","img":"https://fd14-photos.leclercdrive.fr/image.ashx?id=2929861&use=l&cat=p&typeid=i","cat":284431},{"id":225,"n":"Couscous Comptoir du Grain Grain moyen - 1kg","p":1.44,"u":"1,44 €/KG","img":"https://fd14-photos.leclercdrive.fr/image.ashx?id=3012794&use=l&cat=p&typeid=i","cat":284429},{"id":230,"n":"Pois cassés Notre Jardin 500g","p":1.05,"u":"2,10 €/KG","img":"https://fd14-photos.leclercdrive.fr/image.ashx?id=2141079&use=l&cat=p&typeid=i","cat":284430},{"id":231,"n":"Lentilles vertes Notre Jardin 500g","p":1.63,"u":"3,26 €/KG","img":"https://fd14-photos.leclercdrive.fr/image.ashx?id=2049010&use=l&cat=p&typeid=i","cat":284430},{"id":239,"n":"Soupe Velouté Régal Soupe 10 légumes - 1L","p":1.19,"u":"1,19 €/L","img":"https://fd14-photos.leclercdrive.fr/image.ashx?id=2607350&use=l&cat=p&typeid=i","cat":284462},{"id":240,"n":"Soupe Régal Soupe Poireaux Pommes de terre - 1L","p":1.19,"u":"1,19 €/L","img":"https://fd14-photos.leclercdrive.fr/image.ashx?id=2607356&use=l&cat=p&typeid=i","cat":284462},{"id":241,"n":"Soupe Mouliné Régal Soupe 10 légumes variés - 1L","p":1.08,"u":"1,08 €/L","img":"https://fd14-photos.leclercdrive.fr/image.ashx?id=2210780&use=l&cat=p&typeid=i","cat":284462},{"id":242,"n":"Soupe Velouté Régal Soupe Potiron - 1L","p":1.35,"u":"1,35 €/L","img":"https://fd14-photos.leclercdrive.fr/image.ashx?id=2983787&use=l&cat=p&typeid=i","cat":284462},{"id":255,"n":"Arôme Saveur Maggi 250g","p":1.83,"u":"7,32 €/KG","img":"https://fd14-photos.leclercdrive.fr/image.ashx?id=2671960&use=l&cat=p&typeid=i","cat":288379},{"id":259,"n":"Assaisonnement Liquide KNORR Viandox - 160ml","p":1.46,"pp":1.02,"u":"6,38 €/L","img":"https://fd14-photos.leclercdrive.fr/image.ashx?id=2705215&use=l&cat=p&typeid=i","cat":288383},{"id":283,"n":"Biscuit Petit beurre P'tit Déli Chocolat au lait pocket - 250g","p":2.25,"u":"9,00 €/KG","img":"https://fd14-photos.leclercdrive.fr/image.ashx?id=750519&use=l&cat=p&typeid=i","cat":284488},{"id":284,"n":"Biscuits P'tit Déli ronds Chocolat lait 200g","p":1.22,"u":"6,10 €/KG","img":"https://fd14-photos.leclercdrive.fr/image.ashx?id=2304821&use=l&cat=p&typeid=i","cat":284488},{"id":286,"n":"Biscuits barquette P'tit Déli Chocolat et noisette x18 - 120g","p":0.89,"u":"7,42 €/KG","img":"https://fd14-photos.leclercdrive.fr/image.ashx?id=2705065&use=l&cat=p&typeid=i","cat":284488},{"id":288,"n":"Gaufrettes P'tit Déli  Enrobées chocolat 150g","p":1.59,"u":"10,60 €/KG","img":"https://fd14-photos.leclercdrive.fr/image.ashx?id=2660553&use=l&cat=p&typeid=i","cat":284488},{"id":289,"n":"Mini goûters P'tit Déli Chocolat 168g","p":1.13,"u":"6,73 €/KG","img":"https://fd14-photos.leclercdrive.fr/image.ashx?id=2321941&use=l&cat=p&typeid=i","cat":284488},{"id":290,"n":"Biscuits P'tit Déli Bâtonnets Chocolat 150g","p":1.19,"u":"7,93 €/KG","img":"https://fd14-photos.leclercdrive.fr/image.ashx?id=2470189&use=l&cat=p&typeid=i","cat":284488},{"id":292,"n":"Biscuits fourrés P'tit Déli Coeur fondant chocolat - 225g","p":1.21,"u":"5,38 €/KG","img":"https://fd14-photos.leclercdrive.fr/image.ashx?id=2637634&use=l&cat=p&typeid=i","cat":284488},{"id":304,"n":"Génoises fourrées P'tit Déli - 150g","p":1.38,"u":"9,20 €/KG","img":"https://fd14-photos.leclercdrive.fr/image.ashx?id=2470192&use=l&cat=p&typeid=i","cat":284489},{"id":310,"n":"Biscuits boudoirs P'tit Déli Aux oeufs - 175g","p":1.38,"u":"7,89 €/KG","img":"https://fd14-photos.leclercdrive.fr/image.ashx?id=1947342&use=l&cat=p&typeid=i","cat":284487},{"id":314,"n":"Biscuits langue chat P'tit Déli 200g","p":1.28,"u":"6,40 €/KG","img":"https://fd14-photos.leclercdrive.fr/image.ashx?id=1875827&use=l&cat=p&typeid=i","cat":284487},{"id":315,"n":"Biscuits cigarettes P'tit Déli Fines 180g","p":0.94,"u":"5,22 €/KG","img":"https://fd14-photos.leclercdrive.fr/image.ashx?id=2907039&use=l&cat=p&typeid=i","cat":284487},{"id":316,"n":"Palets bretons P'tit Déli 125g","p":0.97,"u":"7,76 €/KG","img":"https://fd14-photos.leclercdrive.fr/image.ashx?id=2363280&use=l&cat=p&typeid=i","cat":284487},{"id":325,"n":"Galettes Bretonnes P'tit Déli Pur beurre - 125g","p":0.73,"u":"5,84 €/KG","img":"https://fd14-photos.leclercdrive.fr/image.ashx?id=2691012&use=l&cat=p&typeid=i","cat":284487},{"id":327,"n":"Biscuits P'tit Déli Cookies Chocolat nougatine 200g","p":1.35,"u":"6,75 €/KG","img":"https://fd14-photos.leclercdrive.fr/image.ashx?id=2042798&use=l&cat=p&typeid=i","cat":325066},{"id":345,"n":"Pain de mie Harrys - Nature Longue conservation - 250g","p":0.79,"u":"3,16 €/KG","img":"https://fd14-photos.leclercdrive.fr/image.ashx?id=2507976&use=l&cat=p&typeid=i","cat":284477},{"id":349,"n":"Pain de mie nature Epi d'Or Classique - 500g","p":1.19,"u":"2,38 €/KG","img":"https://fd14-photos.leclercdrive.fr/image.ashx?id=2615582&use=l&cat=p&typeid=i","cat":284477},{"id":352,"n":"Pain de mie nature Epi d'Or  Extra-moelleux - 500g","p":0.95,"u":"1,90 €/KG","img":"https://fd14-photos.leclercdrive.fr/image.ashx?id=2860697&use=l&cat=p&typeid=i","cat":284477},{"id":360,"n":"Pains au lait Epi d'Or Pépites chocolat - 350g","p":2.29,"u":"6,54 €/KG","img":"https://fd14-photos.leclercdrive.fr/image.ashx?id=2867895&use=l&cat=p&typeid=i","cat":293505},{"id":361,"n":"Brioche tranchée Epi d'Or Nature - 500g","p":1.65,"u":"3,30 €/KG","img":"https://fd14-photos.leclercdrive.fr/image.ashx?id=2860694&use=l&cat=p&typeid=i","cat":284478},{"id":362,"n":"Briochettes Epi d'Or Nature x12 - 480g","p":1.49,"u":"3,10 €/KG","img":"https://fd14-photos.leclercdrive.fr/image.ashx?id=2860709&use=l&cat=p&typeid=i","cat":284478},{"id":363,"n":"Pains au lait Epi d'Or x10 - 350g","p":1.19,"u":"3,40 €/KG","img":"https://fd14-photos.leclercdrive.fr/image.ashx?id=2860688&use=l&cat=p&typeid=i","cat":293505},{"id":364,"n":"Pains au chocolat Epi d'Or x8 - 360g","p":1.89,"u":"5,25 €/KG","img":"https://fd14-photos.leclercdrive.fr/image.ashx?id=2860691&use=l&cat=p&typeid=i","cat":296366},{"id":369,"n":"Marbré P'tit Déli 300g","p":2.22,"u":"7,40 €/KG","img":"https://fd14-photos.leclercdrive.fr/image.ashx?id=2562698&use=l&cat=p&typeid=i","cat":294776},{"id":375,"n":"Biscottes fourrées Cracotte LU  Framboise - 200g","p":1.6,"u":"8,00 €/KG","img":"https://fd14-photos.leclercdrive.fr/image.ashx?id=2873844&use=l&cat=p&typeid=i","cat":284479},{"id":376,"n":"Biscottes Cracotte LU  Froment - 250g","p":1.48,"u":"5,92 €/KG","img":"https://fd14-photos.leclercdrive.fr/image.ashx?id=3002006&use=l&cat=p&typeid=i","cat":284479},{"id":377,"n":"Biscottes Cracotte LU Gourmande - 250g","p":1.55,"u":"6,20 €/KG","img":"https://fd14-photos.leclercdrive.fr/image.ashx?id=3002009&use=l&cat=p&typeid=i","cat":284479},{"id":378,"n":"Biscottes Cracotte LU  Céréales complètes - 250g","p":1.65,"u":"6,60 €/KG","img":"https://fd14-photos.leclercdrive.fr/image.ashx?id=3002012&use=l&cat=p&typeid=i","cat":284479},{"id":382,"n":"Biscottes Epi d'Or 6 céréales x36 - 300g","p":1.22,"u":"4,07 €/KG","img":"https://fd14-photos.leclercdrive.fr/image.ashx?id=2532832&use=l&cat=p&typeid=i","cat":284479},{"id":384,"n":"Biscottes Epi d'Or froment x36 - 300g","p":1.37,"u":"4,57 €/KG","img":"https://fd14-photos.leclercdrive.fr/image.ashx?id=2634854&use=l&cat=p&typeid=i","cat":284479},{"id":388,"n":"Tartines craquantes Epi d'Or  Froment - 250g","p":1.05,"u":"4,20 €/KG","img":"https://fd14-photos.leclercdrive.fr/image.ashx?id=2530296&use=l&cat=p&typeid=i","cat":284479},{"id":399,"n":"Café moulu Plantation Intense et aromatique - 2x250g","p":6.8,"u":"13,60 €/KG","img":"https://fd14-photos.leclercdrive.fr/image.ashx?id=2607398&use=l&cat=p&typeid=i","cat":284750},{"id":401,"n":"Café moulu Plantation  Brésil - 2x250g","p":7.19,"u":"14,38 €/KG","img":"https://fd14-photos.leclercdrive.fr/image.ashx?id=1910592&use=l&cat=p&typeid=i","cat":284750},{"id":405,"n":"Café Soluble Nescafé Spécial Filtre Original - 200g","p":7.86,"u":"39,30 €/KG","img":"https://fd14-photos.leclercdrive.fr/image.ashx?id=2837154&use=l&cat=p&typeid=i","cat":284843},{"id":406,"n":"Café soluble Nescafé Capuccino - x10 - 140g","p":2.83,"u":"20,21 €/KG","img":"https://fd14-photos.leclercdrive.fr/image.ashx?id=2729929&use=l&cat=p&typeid=i","cat":284843},{"id":407,"n":"Café et Chicorée Soluble Ricoré Lait - 400g","p":6.1,"u":"15,25 €/KG","img":"https://fd14-photos.leclercdrive.fr/image.ashx?id=2979617&use=l&cat=p&typeid=i","cat":284843},{"id":435,"n":"Infusion Tiséa Tilleul Menthe - x25","p":1.05,"u":"26,25 €/KG","img":"https://fd14-photos.leclercdrive.fr/image.ashx?id=2481748&use=l&cat=p&typeid=i","cat":293234},{"id":451,"n":"Confiture Bonne Maman Abricots - 370g","p":1.63,"u":"4,41 €/KG","img":"https://fd14-photos.leclercdrive.fr/image.ashx?id=3001275&use=l&cat=p&typeid=i","cat":284480},{"id":453,"n":"Confiture extra figues NRT De Provence - 315g","p":2.67,"u":"8,48 €/KG","img":"https://fd14-photos.leclercdrive.fr/image.ashx?id=2699801&use=l&cat=p&typeid=i","cat":284480},{"id":456,"n":"Céréales Golden Grahams Nestlé 375g","p":2.5,"u":"6,67 €/KG","img":"https://fd14-photos.leclercdrive.fr/image.ashx?id=2979830&use=l&cat=p&typeid=i","cat":309513},{"id":473,"n":"Céréales Lion Nestlé Caramel et Chocolat - 400g","p":2.55,"u":"6,38 €/KG","img":"https://fd14-photos.leclercdrive.fr/image.ashx?id=2927453&use=l&cat=p&typeid=i","cat":309513},{"id":474,"n":"Céréales Cookie Crisp Nestlé 375g","p":2.3,"u":"6,13 €/KG","img":"https://fd14-photos.leclercdrive.fr/image.ashx?id=2926443&use=l&cat=p&typeid=i","cat":309513},{"id":475,"n":"Céréales Chokella Nestlé Choco Noisette - 350g","p":2.19,"u":"6,26 €/KG","img":"https://fd14-photos.leclercdrive.fr/image.ashx?id=2844766&use=l&cat=p&typeid=i","cat":309513},{"id":491,"n":"Levure boulangère Francine 30g","p":1.05,"u":"35,00 €/KG","img":"https://fd14-photos.leclercdrive.fr/image.ashx?id=2210083&use=l&cat=p&typeid=i","cat":294686},{"id":492,"n":"Farine fluide Tablier Blanc Sans grumeaux - 1kg","p":0.85,"u":"0,85 €/KG","img":"https://fd14-photos.leclercdrive.fr/image.ashx?id=2832631&use=l&cat=p&typeid=i","cat":284503},{"id":494,"n":"Levure boulangère Alsa Briochin - x5 - 27.5g","p":0.84,"u":"30,00 €/KG","img":"https://fd14-photos.leclercdrive.fr/image.ashx?id=3007906&use=l&cat=p&typeid=i","cat":294686},{"id":495,"n":"Sucre vanilliné Tablier Blanc x10 - 75g","p":0.73,"u":"9,73 €/KG","img":"https://fd14-photos.leclercdrive.fr/image.ashx?id=2487434&use=l&cat=p&typeid=i","cat":284504},{"id":496,"n":"Sucre Vanillé des Isles Alsa x7 - 52.5g","p":2.26,"u":"43,46 €/KG","img":"https://fd14-photos.leclercdrive.fr/image.ashx?id=2965867&use=l&cat=p&typeid=i","cat":294686},{"id":497,"n":"Sucre Vanillé Alsa x12 - 90g","p":1.99,"u":"22,11 €/KG","img":"https://fd14-photos.leclercdrive.fr/image.ashx?id=3004459&use=l&cat=p&typeid=i","cat":294686},{"id":528,"n":"Bonbons Copains Copines Cola acide - 275 g","p":1.53,"u":"5,56 €/KG","img":"https://fd14-photos.leclercdrive.fr/image.ashx?id=2557866&use=l&cat=p&typeid=i","cat":304250},{"id":529,"n":"Bonbons Copains Copines Chocours 200g","p":1.25,"u":"6,25 €/KG","img":"https://fd14-photos.leclercdrive.fr/image.ashx?id=2934649&use=l&cat=p&typeid=i","cat":304250},{"id":546,"n":"Eau minérale naturelle Des Alpes - 6x50cl","p":1.98,"u":"0,66 €/L","img":"https://fd14-photos.leclercdrive.fr/image.ashx?id=2423499&use=l&cat=p&typeid=i","cat":284535},{"id":547,"n":"Eau de source de Montagne 5L","p":0.87,"u":"0,17 €/L","img":"https://fd14-photos.leclercdrive.fr/image.ashx?id=2699420&use=l&cat=p&typeid=i","cat":284535},{"id":567,"n":"Eau gazeuse San Pellegrino Minérale naturelle - 6x50cl","p":2.75,"u":"0,92 €/L","img":"https://fd14-photos.leclercdrive.fr/image.ashx?id=2145871&use=l&cat=p&typeid=i","cat":284536},{"id":591,"n":"Sirop Frucci Citron - 75cl","p":1.69,"u":"2,25 €/L","img":"https://fd14-photos.leclercdrive.fr/image.ashx?id=2842211&use=l&cat=p&typeid=i","cat":295020},{"id":592,"n":"Sirop Frucci Grenadine - 75cl","p":1.99,"u":"2,65 €/L","img":"https://fd14-photos.leclercdrive.fr/image.ashx?id=2842217&use=l&cat=p&typeid=i","cat":295020},{"id":593,"n":"Sirop Frucci Pêche - 75cl","p":2.39,"u":"3,19 €/L","img":"https://fd14-photos.leclercdrive.fr/image.ashx?id=2842223&use=l&cat=p&typeid=i","cat":295020},{"id":594,"n":"Sirop Frucci Framboise - 75cl","p":3.52,"u":"4,69 €/L","img":"https://fd14-photos.leclercdrive.fr/image.ashx?id=2558766&use=l&cat=p&typeid=i","cat":295020},{"id":595,"n":"Sirop Frucci Fraise - 75cl","p":2.69,"u":"3,59 €/L","img":"https://fd14-photos.leclercdrive.fr/image.ashx?id=2842229&use=l&cat=p&typeid=i","cat":295020},{"id":596,"n":"Sirop Frucci Cassis - 75cl","p":2.93,"u":"3,91 €/L","img":"https://fd14-photos.leclercdrive.fr/image.ashx?id=2842235&use=l&cat=p&typeid=i","cat":295020},{"id":598,"n":"100% Pur jus de tomate Jafaden bouteille plastique -1L","p":2.05,"u":"2,05 €/L","img":"https://fd14-photos.leclercdrive.fr/image.ashx?id=1981354&use=l&cat=p&typeid=i","cat":284523},{"id":612,"n":"100% Pur jus d'orange Jafaden Sans pulpe - 1L","p":2.25,"u":"2,25 €/L","img":"https://fd14-photos.leclercdrive.fr/image.ashx?id=2955617&use=l&cat=p&typeid=i","cat":284521},{"id":613,"n":"Jus d'orange Jafaden A base de concentré - 6x20cl","p":1.99,"u":"1,66 €/L","img":"https://fd14-photos.leclercdrive.fr/image.ashx?id=2751871&use=l&cat=p&typeid=i","cat":284524},{"id":617,"n":"100% Pur jus d'orange Jafaden  Sans pulpe - 1,5L","p":2.65,"u":"1,77 €/L","img":"https://fd14-photos.leclercdrive.fr/image.ashx?id=2842468&use=l&cat=p&typeid=i","cat":284521},{"id":618,"n":"Nectar d'orange Jafaden Avec pulpe - 1L","p":1.69,"u":"1,69 €/L","img":"https://fd14-photos.leclercdrive.fr/image.ashx?id=2955635&use=l&cat=p&typeid=i","cat":284521},{"id":619,"n":"Nectar orange Jafaden 2L","p":2.52,"u":"1,26 €/L","img":"https://fd14-photos.leclercdrive.fr/image.ashx?id=2955641&use=l&cat=p&typeid=i","cat":284521},{"id":621,"n":"100% Pur jus d'orange Jafaden  Sans pulpe - 2L","p":3.49,"u":"1,75 €/L","img":"https://fd14-photos.leclercdrive.fr/image.ashx?id=2842456&use=l&cat=p&typeid=i","cat":284521},{"id":624,"n":"Pur Jus de pommes NRT De Bretagne - 1L","p":2.56,"u":"2,56 €/L","img":"https://fd14-photos.leclercdrive.fr/image.ashx?id=2590463&use=l&cat=p&typeid=i","cat":284522},{"id":625,"n":"Pur jus raisin Jafaden 1L","p":1.55,"u":"1,55 €/L","img":"https://fd14-photos.leclercdrive.fr/image.ashx?id=2955626&use=l&cat=p&typeid=i","cat":284915},{"id":627,"n":"Jus pamplemousse rose Jafaden A base de concentré - 1L","p":1.55,"u":"1,55 €/L","img":"https://fd14-photos.leclercdrive.fr/image.ashx?id=2520005&use=l&cat=p&typeid=i","cat":284914},{"id":632,"n":"Jus ananas Jafaden A base de concentré 1L","p":1.75,"u":"1,75 €/L","img":"https://fd14-photos.leclercdrive.fr/image.ashx?id=2478456&use=l&cat=p&typeid=i","cat":284916},{"id":633,"n":"Jus d'ananas Jafaden Briquettes - 6x20cl","p":2.7,"u":"2,25 €/L","img":"https://fd14-photos.leclercdrive.fr/image.ashx?id=2492249&use=l&cat=p&typeid=i","cat":284524},{"id":655,"n":"Soda Jean's Cola Bouteille - 1,5L","p":0.65,"u":"0,43 €/L","img":"https://fd14-photos.leclercdrive.fr/image.ashx?id=3007025&use=l&cat=p&typeid=i","cat":284530},{"id":656,"n":"Soda Jean's Cola Canette - 6x33cl","p":2.26,"u":"1,14 €/L","img":"https://fd14-photos.leclercdrive.fr/image.ashx?id=2327488&use=l&cat=p&typeid=i","cat":284530},{"id":673,"n":"Soda Gini Citron - 1,5L","p":1.85,"u":"1,23 €/L","img":"https://fd14-photos.leclercdrive.fr/image.ashx?id=2654677&use=l&cat=p&typeid=i","cat":284532},{"id":682,"n":"Soda Pulp'Orange Bouteille - 1,5L","p":1.47,"u":"0,98 €/L","img":"https://fd14-photos.leclercdrive.fr/image.ashx?id=2922382&use=l&cat=p&typeid=i","cat":284532},{"id":683,"n":"Soda Pulp'Orange rouge Bouteille - 1,5L","p":1.59,"u":"1,06 €/L","img":"https://fd14-photos.leclercdrive.fr/image.ashx?id=2922394&use=l&cat=p&typeid=i","cat":284532},{"id":689,"n":"Thé glacé Fresh Tea Pêche - Canette -  6x33cl","p":2.49,"u":"1,26 €/L","img":"https://fd14-photos.leclercdrive.fr/image.ashx?id=2344011&use=l&cat=p&typeid=i","cat":295019},{"id":700,"n":"Bière blonde 1664 5,5° - 4x50cl canettes","p":4.75,"u":"2,38 €/L","img":"https://fd14-photos.leclercdrive.fr/image.ashx?id=2793536&use=l&cat=p&typeid=i","cat":334853},{"id":720,"n":"Bière brune Guinness Canette - 50cl","p":1.7,"u":"3,40 €/L","img":"https://fd14-photos.leclercdrive.fr/image.ashx?id=2579080&use=l&cat=p&typeid=i","cat":334853},{"id":726,"n":"Bière blonde Amsterdam  Maximator 11.6% vol. - 50cl","p":1.75,"u":"3,50 €/L","img":"https://fd14-photos.leclercdrive.fr/image.ashx?id=2190897&use=l&cat=p&typeid=i","cat":334853},{"id":737,"n":"Rhum blanc Lagoa 40%vol - 70cl","p":9.99,"u":"14,27 €/L","img":"https://fd14-photos.leclercdrive.fr/image.ashx?id=2966466&use=l&cat=p&typeid=i","cat":284550},{"id":742,"n":"AOP Cabernet d'Anjou vin rosé Les Caractères - BIB 3L - 11%","p":11.21,"u":"3,74 €/L","img":"https://fd14-photos.leclercdrive.fr/image.ashx?id=2422165&use=l&cat=p&typeid=i","cat":289560},{"id":744,"n":"Cidre bouché Les Goelleries Breton brut 5%vol. - 75cl","p":1.99,"u":"2,65 €/L","img":"https://fd14-photos.leclercdrive.fr/image.ashx?id=2842181&use=l&cat=p&typeid=i","cat":334880},{"id":746,"n":"Fromage allégé Bridelight 5% mg - 350g","p":3.5,"u":"10,00 €/KG","img":"https://fd14-photos.leclercdrive.fr/image.ashx?id=2019486&use=l&cat=p&typeid=i","cat":314033},{"id":749,"n":"Camembert Les Croisés 20%MG - 250g","p":1.53,"u":"6,12 €/KG","img":"https://fd14-photos.leclercdrive.fr/image.ashx?id=2974759&use=l&cat=p&typeid=i","cat":314033},{"id":750,"n":"Camembert de Pays Les Croisés 21% mg - 250 gr","p":1.75,"u":"7,00 €/KG","img":"https://fd14-photos.leclercdrive.fr/image.ashx?id=2974795&use=l&cat=p&typeid=i","cat":314033},{"id":751,"n":"Coulommiers Les Croisés Tendre/Onctueux - 24%mg - 350g","p":2.15,"u":"6,14 €/KG","img":"https://fd14-photos.leclercdrive.fr/image.ashx?id=2974768&use=l&cat=p&typeid=i","cat":314033},{"id":752,"n":"Petit Brie Les Croisés 32% matière grasse - 500g","p":4.31,"u":"8,62 €/KG","img":"https://fd14-photos.leclercdrive.fr/image.ashx?id=2974792&use=l&cat=p&typeid=i","cat":314033},{"id":753,"n":"Pointe de Brie Les Croisés 32% mg - 200g","p":1.45,"u":"7,25 €/KG","img":"https://fd14-photos.leclercdrive.fr/image.ashx?id=2974771&use=l&cat=p&typeid=i","cat":314033},{"id":754,"n":"Fromage Les Croisés Coeur Crème Lait pasteurisé 33%mg - 300g","p":2.29,"u":"7,63 €/KG","img":"https://fd14-photos.leclercdrive.fr/image.ashx?id=2625068&use=l&cat=p&typeid=i","cat":314033},{"id":757,"n":"Fromage Comté Entremont 32 %mg - 350g","p":5.21,"u":"14,89 €/KG","img":"https://fd14-photos.leclercdrive.fr/image.ashx?id=2983147&use=l&cat=p&typeid=i","cat":314034},{"id":758,"n":"Bloc de fromage Leerdammer L'Original - 350g","p":4.4,"u":"12,57 €/KG","img":"https://fd14-photos.leclercdrive.fr/image.ashx?id=2507587&use=l&cat=p&typeid=i","cat":314034},{"id":760,"n":"Emmental fromage bloc Les Croisés - 250g","p":2.24,"u":"8,96 €/KG","img":"https://fd14-photos.leclercdrive.fr/image.ashx?id=2897757&use=l&cat=p&typeid=i","cat":314034},{"id":764,"n":"Fromage Bleu Les Croisés Lait pasteurisé 31% mg - 250g","p":2.29,"u":"9,16 €/KG","img":"https://fd14-photos.leclercdrive.fr/image.ashx?id=2642100&use=l&cat=p&typeid=i","cat":314032},{"id":765,"n":"Société Crème  Crème de fromage brebis - 100g","p":2.05,"u":"20,50 €/KG","img":"https://fd14-photos.leclercdrive.fr/image.ashx?id=2729317&use=l&cat=p&typeid=i","cat":314029},{"id":768,"n":"Fromage de chèvre Les Croisés Lait pasteurisé 22%mg - 180g","p":2.29,"u":"12,72 €/KG","img":"https://fd14-photos.leclercdrive.fr/image.ashx?id=2048615&use=l&cat=p&typeid=i","cat":314031},{"id":769,"n":"Fromage de Brebis Les Croisés -Tranche - 200g","p":2.21,"u":"11,05 €/KG","img":"https://fd14-photos.leclercdrive.fr/image.ashx?id=2237499&use=l&cat=p&typeid=i","cat":314031},{"id":785,"n":"Rondelé ail et fines herbes 125g","p":1.65,"u":"13,20 €/KG","img":"https://fd14-photos.leclercdrive.fr/image.ashx?id=2967756&use=l&cat=p&typeid=i","cat":314029},{"id":786,"n":"Chaussée aux Moines 450g","p":4.0,"u":"8,89 €/KG","img":"https://fd14-photos.leclercdrive.fr/image.ashx?id=2771166&use=l&cat=p&typeid=i","cat":329184},{"id":787,"n":"Fromage L'Ortolan  Fromagerie Milleret - 250g","p":2.5,"u":"10,00 €/KG","img":"https://fd14-photos.leclercdrive.fr/image.ashx?id=2450913&use=l&cat=p&typeid=i","cat":314033},{"id":794,"n":"Rocamadour NRT AOP  Fromage de chèvre - 3x35g","p":2.75,"u":"26,19 €/KG","img":"https://fd14-photos.leclercdrive.fr/image.ashx?id=2954142&use=l&cat=p&typeid=i","cat":314031},{"id":795,"n":"Fromage Brique Les Croisés Lait pasteurisé 60%mg - 200g","p":1.74,"u":"8,70 €/KG","img":"https://fd14-photos.leclercdrive.fr/image.ashx?id=2615804&use=l&cat=p&typeid=i","cat":314033},{"id":796,"n":"Fromage raclette Les Croisés Tranchette lait pasteurisé 400g","p":3.89,"u":"9,73 €/KG","img":"https://fd14-photos.leclercdrive.fr/image.ashx?id=2791704&use=l&cat=p&typeid=i","cat":314037},{"id":800,"n":"Mozzarella Les Croisés - 125g","p":0.93,"u":"7,44 €/KG","img":"https://fd14-photos.leclercdrive.fr/image.ashx?id=2129990&use=l&cat=p&typeid=i","cat":314026},{"id":806,"n":"Emmental fromage rapé Les Croisés - 500g","p":3.99,"u":"7,98 €/KG","img":"https://fd14-photos.leclercdrive.fr/image.ashx?id=2832903&use=l&cat=p&typeid=i","cat":314035},{"id":807,"n":"Emmental fromage rapé Les Croisés - 200g","p":1.65,"u":"8,25 €/KG","img":"https://fd14-photos.leclercdrive.fr/image.ashx?id=2949409&use=l&cat=p&typeid=i","cat":314035},{"id":809,"n":"Râpé Parmigiano Reggiano AOP Les Croisés - 60g","p":1.1,"u":"18,33 €/KG","img":"https://fd14-photos.leclercdrive.fr/image.ashx?id=2903944&use=l&cat=p&typeid=i","cat":314035},{"id":810,"n":"Râpé Grana Padano AOP Les Croisés - 100g","p":1.5,"u":"15,00 €/KG","img":"https://fd14-photos.leclercdrive.fr/image.ashx?id=2903935&use=l&cat=p&typeid=i","cat":314035},{"id":816,"n":"Yaourts Délisse Nature - 16x125g","p":2.25,"u":"1,13 €/KG","img":"https://fd14-photos.leclercdrive.fr/image.ashx?id=2974756&use=l&cat=p&typeid=i","cat":284409},{"id":817,"n":"Yaourts Délisse Nature - 12x125g","p":1.85,"u":"1,23 €/KG","img":"https://fd14-photos.leclercdrive.fr/image.ashx?id=2971867&use=l&cat=p&typeid=i","cat":284409},{"id":818,"n":"Yaourts brassés Délisse  Nature - 8x125g","p":1.65,"u":"1,65 €/KG","img":"https://fd14-photos.leclercdrive.fr/image.ashx?id=2742611&use=l&cat=p&typeid=i","cat":284409},{"id":819,"n":"Yaourts brassés Délisse Nature - 16x125g","p":2.99,"u":"1,50 €/KG","img":"https://fd14-photos.leclercdrive.fr/image.ashx?id=3003049&use=l&cat=p&typeid=i","cat":284409},{"id":822,"n":"Yaourts à la Grecque Délisse Nature - 4x150g","p":1.29,"u":"2,15 €/KG","img":"https://fd14-photos.leclercdrive.fr/image.ashx?id=2699405&use=l&cat=p&typeid=i","cat":314999},{"id":834,"n":"Yaourts La Laitière Fruits pâtissiers - 12x125g","p":4.4,"u":"2,93 €/KG","img":"https://fd14-photos.leclercdrive.fr/image.ashx?id=2578684&use=l&cat=p&typeid=i","cat":314999},{"id":839,"n":"Yaourts crémeux Délisse Panaché de fruits - 16x125g","p":4.21,"u":"2,11 €/KG","img":"https://fd14-photos.leclercdrive.fr/image.ashx?id=2799236&use=l&cat=p&typeid=i","cat":284410},{"id":841,"n":"Yaourts brassés Délisse Panaché de fruits - 16x125g","p":3.26,"u":"1,63 €/KG","img":"https://fd14-photos.leclercdrive.fr/image.ashx?id=2494211&use=l&cat=p&typeid=i","cat":284410},{"id":842,"n":"Yaourts aux fruits Délisse Panaché de fruits - 16x125g","p":3.78,"u":"1,89 €/KG","img":"https://fd14-photos.leclercdrive.fr/image.ashx?id=2609544&use=l&cat=p&typeid=i","cat":284410},{"id":843,"n":"Yaourts Crème Délisse Stracciatella - 4x125g","p":2.04,"u":"4,08 €/KG","img":"https://fd14-photos.leclercdrive.fr/image.ashx?id=2117120&use=l&cat=p&typeid=i","cat":314999},{"id":854,"n":"Yaourts allégés Sveltesse   Vanille - 8x125g","p":2.3,"u":"2,30 €/KG","img":"https://fd14-photos.leclercdrive.fr/image.ashx?id=2456681&use=l&cat=p&typeid=i","cat":315000},{"id":872,"n":"Actifidus Delisse Nature - 12x125g","p":2.23,"u":"1,49 €/KG","img":"https://fd14-photos.leclercdrive.fr/image.ashx?id=2452666&use=l&cat=p&typeid=i","cat":315000},{"id":879,"n":"Fromage blanc sous mousse  Gervita nature - 4x100g","p":1.87,"u":"4,68 €/KG","img":"https://fd14-photos.leclercdrive.fr/image.ashx?id=2746157&use=l&cat=p&typeid=i","cat":284409},{"id":887,"n":"Fromage frais Délisse Fruits panachés 22%mg - 12x50g","p":1.45,"u":"2,42 €/KG","img":"https://fd14-photos.leclercdrive.fr/image.ashx?id=2922491&use=l&cat=p&typeid=i","cat":284414},{"id":890,"n":"Fromage frais Délisse Nature 3,8% MG - 12x60g","p":1.64,"u":"2,28 €/KG","img":"https://fd14-photos.leclercdrive.fr/image.ashx?id=1951840&use=l&cat=p&typeid=i","cat":284409},{"id":894,"n":"Fromage blanc Délisse Nature 0% MG - 8x100g","p":1.79,"u":"2,24 €/KG","img":"https://fd14-photos.leclercdrive.fr/image.ashx?id=2898817&use=l&cat=p&typeid=i","cat":315000},{"id":895,"n":"Fromage blanc Délisse Nature - 3,1% MG - 8x100g","p":1.79,"u":"2,24 €/KG","img":"https://fd14-photos.leclercdrive.fr/image.ashx?id=3012791&use=l&cat=p&typeid=i","cat":284409},{"id":897,"n":"Fromage blanc Délisse Nature 3.1% MG - 1kg","p":1.97,"u":"1,97 €/KG","img":"https://fd14-photos.leclercdrive.fr/image.ashx?id=3012788&use=l&cat=p&typeid=i","cat":284409},{"id":899,"n":"Dessert Enfant Petits Filous Chocolat - 6x100g","p":2.15,"u":"3,58 €/KG","img":"https://fd14-photos.leclercdrive.fr/image.ashx?id=2878828&use=l&cat=p&typeid=i","cat":284414},{"id":909,"n":"Crème dessert Danette Chocolat et lait - 6x70g","p":1.55,"u":"3,69 €/KG","img":"https://fd14-photos.leclercdrive.fr/image.ashx?id=1984855&use=l&cat=p&typeid=i","cat":285041},{"id":918,"n":"Crème dessert Délisse Café - 4x125g","p":0.95,"u":"1,90 €/KG","img":"https://fd14-photos.leclercdrive.fr/image.ashx?id=2441048&use=l&cat=p&typeid=i","cat":285041},{"id":919,"n":"Crème dessert Délisse Caramel - 4x125g","p":0.91,"u":"1,82 €/KG","img":"https://fd14-photos.leclercdrive.fr/image.ashx?id=2854204&use=l&cat=p&typeid=i","cat":285041},{"id":920,"n":"Crème dessert Délisse Chocolat - 4x125g","p":0.95,"u":"1,90 €/KG","img":"https://fd14-photos.leclercdrive.fr/image.ashx?id=2854207&use=l&cat=p&typeid=i","cat":285041},{"id":921,"n":"Crème dessert Délisse Vanille - 4x125g","p":0.89,"u":"1,78 €/KG","img":"https://fd14-photos.leclercdrive.fr/image.ashx?id=2854210&use=l&cat=p&typeid=i","cat":285041},{"id":922,"n":"Crème dessert Délisse Praliné - 4x125g","p":0.95,"u":"1,90 €/KG","img":"https://fd14-photos.leclercdrive.fr/image.ashx?id=2441066&use=l&cat=p&typeid=i","cat":285041},{"id":923,"n":"Crème dessert Délisse Panaché - 12x125g","p":2.83,"u":"1,89 €/KG","img":"https://fd14-photos.leclercdrive.fr/image.ashx?id=3009502&use=l&cat=p&typeid=i","cat":285041},{"id":924,"n":"Petit pot de crème Délisse Chocolat - 4x100g","p":1.88,"u":"4,70 €/KG","img":"https://fd14-photos.leclercdrive.fr/image.ashx?id=2544967&use=l&cat=p&typeid=i","cat":285041},{"id":925,"n":"Petit pot de crème Délisse Vanille - 4x100g","p":1.74,"u":"4,35 €/KG","img":"https://fd14-photos.leclercdrive.fr/image.ashx?id=2556508&use=l&cat=p&typeid=i","cat":285041},{"id":926,"n":"Petit pot de crème Délisse Noix de coco - 4x100g","p":2.1,"u":"5,25 €/KG","img":"https://fd14-photos.leclercdrive.fr/image.ashx?id=2722387&use=l&cat=p&typeid=i","cat":285041},{"id":927,"n":"Petit pot de crème Délisse Caramel - 4x100g","p":1.85,"u":"4,63 €/KG","img":"https://fd14-photos.leclercdrive.fr/image.ashx?id=2556511&use=l&cat=p&typeid=i","cat":285041},{"id":931,"n":"Dessert Liégeois Délisse Café - 4x100g","p":0.99,"u":"2,48 €/KG","img":"https://fd14-photos.leclercdrive.fr/image.ashx?id=2630881&use=l&cat=p&typeid=i","cat":285042},{"id":932,"n":"Dessert Liégeois Délisse Chocolat - 4x100g","p":1.1,"u":"2,75 €/KG","img":"https://fd14-photos.leclercdrive.fr/image.ashx?id=2636233&use=l&cat=p&typeid=i","cat":285042},{"id":933,"n":"Dessert Liégeois Délisse Chocolat Café - 8x100g","p":2.19,"u":"2,74 €/KG","img":"https://fd14-photos.leclercdrive.fr/image.ashx?id=2630884&use=l&cat=p&typeid=i","cat":285042},{"id":934,"n":"Dessert Liégeois Délisse Chocolat - 12x100g","p":3.14,"u":"2,62 €/KG","img":"https://fd14-photos.leclercdrive.fr/image.ashx?id=2630878&use=l&cat=p&typeid=i","cat":285042},{"id":935,"n":"Dessert Liégeois Délisse Vanille Caramel - 8x100g","p":1.98,"u":"2,48 €/KG","img":"https://fd14-photos.leclercdrive.fr/image.ashx?id=2636236&use=l&cat=p&typeid=i","cat":285042},{"id":936,"n":"Riz au lait Délisse  Vanille - 4x115g","p":1.35,"u":"2,93 €/KG","img":"https://fd14-photos.leclercdrive.fr/image.ashx?id=2489107&use=l&cat=p&typeid=i","cat":284418},{"id":940,"n":"Gâteaux de riz Délisse 4x100g","p":1.49,"u":"3,73 €/KG","img":"https://fd14-photos.leclercdrive.fr/image.ashx?id=2898820&use=l&cat=p&typeid=i","cat":284418},{"id":941,"n":"Mousse liégeoise Viennois  Chocolat - 8x90g","p":2.95,"u":"4,10 €/KG","img":"https://fd14-photos.leclercdrive.fr/image.ashx?id=2855043&use=l&cat=p&typeid=i","cat":284417},{"id":942,"n":"Mousse à la liégeoise Délisse Vanille - 8x80g","p":2.62,"u":"4,09 €/KG","img":"https://fd14-photos.leclercdrive.fr/image.ashx?id=3009487&use=l&cat=p&typeid=i","cat":284417},{"id":943,"n":"Mousse Délisse Chocolat noir - 4x60g","p":1.15,"u":"4,79 €/KG","img":"https://fd14-photos.leclercdrive.fr/image.ashx?id=3009493&use=l&cat=p&typeid=i","cat":284417},{"id":944,"n":"Mousse au chocolat Délisse Chocolat au lait - 4x60g","p":1.15,"u":"4,79 €/KG","img":"https://fd14-photos.leclercdrive.fr/image.ashx?id=3009496&use=l&cat=p&typeid=i","cat":284417},{"id":945,"n":"Mousse chocolat Délisse Noir et lait coulis - 8x60g","p":2.25,"u":"4,69 €/KG","img":"https://fd14-photos.leclercdrive.fr/image.ashx?id=3009499&use=l&cat=p&typeid=i","cat":284417},{"id":954,"n":"Flan aux oeufs Délisse 4x100g","p":2.96,"u":"7,40 €/KG","img":"https://fd14-photos.leclercdrive.fr/image.ashx?id=2460479&use=l&cat=p&typeid=i","cat":284419},{"id":955,"n":"Ile flottante Délisse Crème anglaise - 4x100g","p":1.89,"u":"4,73 €/KG","img":"https://fd14-photos.leclercdrive.fr/image.ashx?id=2860706&use=l&cat=p&typeid=i","cat":284419},{"id":956,"n":"Baba au rhum Délisse 2x150g","p":1.49,"u":"4,97 €/KG","img":"https://fd14-photos.leclercdrive.fr/image.ashx?id=1871461&use=l&cat=p&typeid=i","cat":284419},{"id":959,"n":"Flan Délisse Vanille Caramel - 4x100g","p":0.79,"u":"1,98 €/KG","img":"https://fd14-photos.leclercdrive.fr/image.ashx?id=2851640&use=l&cat=p&typeid=i","cat":284420},{"id":960,"n":"Flan Délisse Vanille Caramel - 16x100g","p":2.52,"u":"1,58 €/KG","img":"https://fd14-photos.leclercdrive.fr/image.ashx?id=2858977&use=l&cat=p&typeid=i","cat":284420},{"id":967,"n":"Lait écrémé Délisse UHT - Bouteille : 1L","p":0.99,"u":"0,99 €/L","img":"https://fd14-photos.leclercdrive.fr/image.ashx?id=2617189&use=l&cat=p&typeid=i","cat":284949},{"id":970,"n":"Boisson lactée au cacao Cacolac Bouteilles - 8x20cl","p":5.4,"u":"3,38 €/L","img":"https://fd14-photos.leclercdrive.fr/image.ashx?id=2762085&use=l&cat=p&typeid=i","cat":295246},{"id":973,"n":"Lait chèvre demi-écrémé Lactel UHT Bouteille - 1L","p":2.3,"u":"2,30 €/L","img":"https://fd14-photos.leclercdrive.fr/image.ashx?id=3005035&use=l&cat=p&typeid=i","cat":295251},{"id":985,"n":"Beurre de Bretagne Les Croisés Doux - 82% MG - 500g","p":4.89,"u":"9,78 €/KG","img":"https://fd14-photos.leclercdrive.fr/image.ashx?id=2943605&use=l&cat=p&typeid=i","cat":284379},{"id":988,"n":"Beurre Les Croisés 80% MG  Demi-sel Extra fin - 250g","p":2.39,"u":"9,56 €/KG","img":"https://fd14-photos.leclercdrive.fr/image.ashx?id=2777949&use=l&cat=p&typeid=i","cat":284379},{"id":989,"n":"Beurre Tendre Les Croisés Demi-sel - 80% MG - 250g","p":2.65,"u":"10,60 €/KG","img":"https://fd14-photos.leclercdrive.fr/image.ashx?id=2778006&use=l&cat=p&typeid=i","cat":284379},{"id":990,"n":"Beurre Tendre Les Croisés Doux - 82% MG - 250g","p":2.29,"u":"9,16 €/KG","img":"https://fd14-photos.leclercdrive.fr/image.ashx?id=2839890&use=l&cat=p&typeid=i","cat":284379},{"id":991,"n":"Beurre de Bretagne Les Croisés Demi-sel - 80% MG - 500g","p":4.89,"u":"9,78 €/KG","img":"https://fd14-photos.leclercdrive.fr/image.ashx?id=2943602&use=l&cat=p&typeid=i","cat":284379},{"id":1003,"n":"Crème UHT Elle & Vire Fluide Entière - 30% MG - 1L","p":5.2,"u":"5,20 €/L","img":"https://fd14-photos.leclercdrive.fr/image.ashx?id=3008554&use=l&cat=p&typeid=i","cat":284381},{"id":1005,"n":"Crème Chantilly sucrée Délisse Entière sous pression - 250g","p":1.95,"u":"7,80 €/KG","img":"https://fd14-photos.leclercdrive.fr/image.ashx?id=3002512&use=l&cat=p&typeid=i","cat":284382},{"id":1006,"n":"Crème Chantilly sucrée Délisse Allégée sous pression - 250g","p":1.85,"u":"7,40 €/KG","img":"https://fd14-photos.leclercdrive.fr/image.ashx?id=3002515&use=l&cat=p&typeid=i","cat":284382},{"id":1008,"n":"Crème entière fluide Délisse 30%mg - 3x20cl","p":2.65,"u":"4,42 €/L","img":"https://fd14-photos.leclercdrive.fr/image.ashx?id=2509977&use=l&cat=p&typeid=i","cat":284381},{"id":1009,"n":"Crème légère semi-épaisse   Délisse 18%mg - 3x20cl","p":2.11,"u":"3,52 €/L","img":"https://fd14-photos.leclercdrive.fr/image.ashx?id=3002554&use=l&cat=p&typeid=i","cat":284381},{"id":1010,"n":"Crème entière d'Isigny AOP NRT 40cl","p":2.99,"u":"7,48 €/L","img":"https://fd14-photos.leclercdrive.fr/image.ashx?id=2771022&use=l&cat=p&typeid=i","cat":284381},{"id":1011,"n":"Crème fraîche légère Délisse Epaisse - 15% MG - 20cl","p":0.7,"u":"3,50 €/L","img":"https://fd14-photos.leclercdrive.fr/image.ashx?id=1974248&use=l&cat=p&typeid=i","cat":284381},{"id":1012,"n":"Crème fraîche légère Délisse Epaisse - 15% MG  - 50cl","p":1.55,"u":"3,10 €/L","img":"https://fd14-photos.leclercdrive.fr/image.ashx?id=3002539&use=l&cat=p&typeid=i","cat":284381},{"id":1013,"n":"Crème fraîche entière Délisse Epaisse - 30% MG - 20cl","p":0.84,"u":"4,20 €/L","img":"https://fd14-photos.leclercdrive.fr/image.ashx?id=2013155&use=l&cat=p&typeid=i","cat":284381},{"id":1014,"n":"Crème fraîche entière Délisse Epaisse - 30% MG- 50cl","p":1.95,"u":"3,90 €/L","img":"https://fd14-photos.leclercdrive.fr/image.ashx?id=3002524&use=l&cat=p&typeid=i","cat":284381},{"id":1019,"n":"Jambon Italien Saint Azay x6 - 100g","p":1.75,"u":"17,50 €/KG","img":"https://fd14-photos.leclercdrive.fr/image.ashx?id=2466871&use=l&cat=p&typeid=i","cat":316007},{"id":1021,"n":"Rosette de lyon Saint Azay 10 tranches - 100g","p":2.99,"u":"29,90 €/KG","img":"https://fd14-photos.leclercdrive.fr/image.ashx?id=2114415&use=l&cat=p&typeid=i","cat":316007},{"id":1022,"n":"Bacon Saint Azay x15 - 150g","p":1.81,"u":"12,07 €/KG","img":"https://fd14-photos.leclercdrive.fr/image.ashx?id=2974957&use=l&cat=p&typeid=i","cat":316007},{"id":1027,"n":"Plateau charcuteries Alsace NRT 200g","p":2.04,"u":"10,20 €/KG","img":"https://fd14-photos.leclercdrive.fr/image.ashx?id=2991479&use=l&cat=p&typeid=i","cat":316012},{"id":1029,"n":"Mini saucissons secs Saint Azay Nature - 75g","p":1.29,"u":"17,20 €/KG","img":"https://fd14-photos.leclercdrive.fr/image.ashx?id=2943617&use=l&cat=p&typeid=i","cat":316006},{"id":1030,"n":"Mini Saucissons secs Saint Azay Aux noix - 75g","p":1.27,"u":"16,93 €/KG","img":"https://fd14-photos.leclercdrive.fr/image.ashx?id=2943620&use=l&cat=p&typeid=i","cat":316006},{"id":1032,"n":"Saucisse sèche Saint Azay Qualité supérieure - 300g","p":3.46,"u":"11,53 €/KG","img":"https://fd14-photos.leclercdrive.fr/image.ashx?id=2859152&use=l&cat=p&typeid=i","cat":316006},{"id":1033,"n":"Chorizo Doux Saint Azay 225g","p":1.89,"u":"8,40 €/KG","img":"https://fd14-photos.leclercdrive.fr/image.ashx?id=2293375&use=l&cat=p&typeid=i","cat":316006},{"id":1035,"n":"Chorizo Extra Fort Saint Azay 225g","p":1.89,"u":"8,40 €/KG","img":"https://fd14-photos.leclercdrive.fr/image.ashx?id=2753466&use=l&cat=p&typeid=i","cat":316006},{"id":1058,"n":"Jambon serrano IGP Saint Azay 6 tranches - 100g","p":1.69,"u":"16,90 €/KG","img":"https://fd14-photos.leclercdrive.fr/image.ashx?id=2850422&use=l&cat=p&typeid=i","cat":316007},{"id":1069,"n":"Saucisses de Montbéliard IGP NRT - 250g","p":3.21,"u":"12,84 €/KG","img":"https://fd14-photos.leclercdrive.fr/image.ashx?id=2991470&use=l&cat=p&typeid=i","cat":316012},{"id":1070,"n":"Saucisse de Morteau NRT IGP - 350g","p":5.3,"u":"15,14 €/KG","img":"https://fd14-photos.leclercdrive.fr/image.ashx?id=2991464&use=l&cat=p&typeid=i","cat":316012},{"id":1071,"n":"Coppa italienne Saint Azay 10 tranches 100 g","p":1.98,"u":"19,80 €/KG","img":"https://fd14-photos.leclercdrive.fr/image.ashx?id=2665844&use=l&cat=p&typeid=i","cat":316007},{"id":1081,"n":"Véritables Knacks d'Alsace NRT X4 - 260g","p":2.79,"u":"10,73 €/KG","img":"https://fd14-photos.leclercdrive.fr/image.ashx?id=2991488&use=l&cat=p&typeid=i","cat":316012},{"id":1087,"n":"Pâté en croûte St Azay 450g","p":2.65,"u":"5,89 €/KG","img":"https://fd14-photos.leclercdrive.fr/image.ashx?id=2932396&use=l&cat=p&typeid=i","cat":316003},{"id":1103,"n":"Foie gras de canard entier Pierre de Chaumeyrac - 180g","p":16.9,"u":"93,89 €/KG","img":"https://fd14-photos.leclercdrive.fr/image.ashx?id=2623956&use=l&cat=p&typeid=i","cat":316008},{"id":1104,"n":"Foie gras canard IGP Périgord Entier NRT - 300g","p":23.9,"u":"79,67 €/KG","img":"https://fd14-photos.leclercdrive.fr/image.ashx?id=2995661&use=l&cat=p&typeid=i","cat":316008},{"id":1105,"n":"Carottes râpées Menu Fraîcheur  Assaisonnées - 500g","p":0.99,"u":"1,98 €/KG","img":"https://fd14-photos.leclercdrive.fr/image.ashx?id=2850811&use=l&cat=p&typeid=i","cat":333657},{"id":1106,"n":"Céleri Menu Fraîcheur  Rémoulade - 300g","p":0.99,"u":"3,30 €/KG","img":"https://fd14-photos.leclercdrive.fr/image.ashx?id=2819929&use=l&cat=p&typeid=i","cat":333657},{"id":1107,"n":"Taboulé Menu Fraîcheur A l'orientale - 300g","p":0.99,"u":"3,30 €/KG","img":"https://fd14-photos.leclercdrive.fr/image.ashx?id=2816546&use=l&cat=p&typeid=i","cat":333657},{"id":1108,"n":"Taboulé Menu Fraîcheur A l'orientale - 500g","p":1.39,"u":"2,78 €/KG","img":"https://fd14-photos.leclercdrive.fr/image.ashx?id=2816549&use=l&cat=p&typeid=i","cat":333657},{"id":1109,"n":"Taboule Menu Fraîcheur Au poulet - 300g","p":1.39,"u":"4,63 €/KG","img":"https://fd14-photos.leclercdrive.fr/image.ashx?id=2901431&use=l&cat=p&typeid=i","cat":333657},{"id":1110,"n":"Riz cantonais Tables du Monde 400g","p":3.06,"u":"7,65 €/KG","img":"https://fd14-photos.leclercdrive.fr/image.ashx?id=2613267&use=l&cat=p&typeid=i","cat":333665},{"id":1117,"n":"Manchons de poulet Côté Croc 250g","p":2.49,"u":"9,96 €/KG","img":"https://fd14-photos.leclercdrive.fr/image.ashx?id=2560467&use=l&cat=p&typeid=i","cat":333685},{"id":1118,"n":"Manchons de poulet Côté Croc Méxicaine - 250g","p":2.49,"u":"9,96 €/KG","img":"https://fd14-photos.leclercdrive.fr/image.ashx?id=2570031&use=l&cat=p&typeid=i","cat":333685},{"id":1119,"n":"Sandwich Côté Snack Rosette - 125g","p":0.99,"u":"7,92 €/KG","img":"https://fd14-photos.leclercdrive.fr/image.ashx?id=2794829&use=l&cat=p&typeid=i","cat":333658},{"id":1120,"n":"Sandwich Côté Snack Jambon beurre - 125g","p":0.99,"u":"7,92 €/KG","img":"https://fd14-photos.leclercdrive.fr/image.ashx?id=2619707&use=l&cat=p&typeid=i","cat":333658},{"id":1121,"n":"Sandwich Côté Snack Jambon emmental - 145g","p":1.19,"u":"8,21 €/KG","img":"https://fd14-photos.leclercdrive.fr/image.ashx?id=2609547&use=l&cat=p&typeid=i","cat":333658},{"id":1122,"n":"Sandwich Côté Snack Jambon fumé oeuf mimosa - 145g","p":1.69,"u":"13,52 €/KG","img":"https://fd14-photos.leclercdrive.fr/image.ashx?id=2609550&use=l&cat=p&typeid=i","cat":333658},{"id":1123,"n":"Sandwich Côté Snack Thon crudités - 145g","p":1.19,"u":"8,21 €/KG","img":"https://fd14-photos.leclercdrive.fr/image.ashx?id=2604969&use=l&cat=p&typeid=i","cat":333658},{"id":1124,"n":"Sandwich Côté Snack Poulet crudités - 145g","p":1.19,"u":"8,21 €/KG","img":"https://fd14-photos.leclercdrive.fr/image.ashx?id=2898239&use=l&cat=p&typeid=i","cat":333658},{"id":1125,"n":"Cordons bleus Côté Croc Dinde - 200g","p":1.95,"u":"9,75 €/KG","img":"https://fd14-photos.leclercdrive.fr/image.ashx?id=2915113&use=l&cat=p&typeid=i","cat":333683},{"id":1127,"n":"Croque Fromage Père Dodu  x2 - 200g","p":1.85,"u":"9,25 €/KG","img":"https://fd14-photos.leclercdrive.fr/image.ashx?id=2956981&use=l&cat=p&typeid=i","cat":333683},{"id":1131,"n":"Escalope Bolognaise Père Dodu  Poulet x2 - 200g","p":2.35,"u":"11,75 €/KG","img":"https://fd14-photos.leclercdrive.fr/image.ashx?id=2956978&use=l&cat=p&typeid=i","cat":333683},{"id":1133,"n":"Nuggets de Poulet Père Dodu  x10 - 200g","p":2.05,"u":"10,25 €/KG","img":"https://fd14-photos.leclercdrive.fr/image.ashx?id=2956972&use=l&cat=p&typeid=i","cat":333684},{"id":1135,"n":"Pizza fraîche Turini Jambon fromage - 450g","p":2.39,"u":"5,31 €/KG","img":"https://fd14-photos.leclercdrive.fr/image.ashx?id=2709719&use=l&cat=p&typeid=i","cat":333679},{"id":1137,"n":"Pizza Turini Chèvre lardons - 450g","p":2.58,"u":"5,73 €/KG","img":"https://fd14-photos.leclercdrive.fr/image.ashx?id=2727611&use=l&cat=p&typeid=i","cat":333679},{"id":1142,"n":"Ravioli Lustucru Selection  Boeuf - 300g","p":1.8,"u":"6,00 €/KG","img":"https://fd14-photos.leclercdrive.fr/image.ashx?id=2938659&use=l&cat=p&typeid=i","cat":333682},{"id":1144,"n":"Ravioli jambon Turini 300g","p":2.06,"u":"6,87 €/KG","img":"https://fd14-photos.leclercdrive.fr/image.ashx?id=2777997&use=l&cat=p&typeid=i","cat":333682},{"id":1145,"n":"Ravioli 4 fromages Turini 300g","p":1.49,"u":"4,97 €/KG","img":"https://fd14-photos.leclercdrive.fr/image.ashx?id=2989643&use=l&cat=p&typeid=i","cat":333682},{"id":1147,"n":"Kit Pâte à pizza Croustipate 600g","p":2.7,"u":"4,50 €/KG","img":"https://fd14-photos.leclercdrive.fr/image.ashx?id=2161651&use=l&cat=p&typeid=i","cat":333681},{"id":1149,"n":"Pâte à pizza Tablier Blanc 260g","p":1.12,"u":"4,31 €/KG","img":"https://fd14-photos.leclercdrive.fr/image.ashx?id=2041773&use=l&cat=p&typeid=i","cat":333681},{"id":1150,"n":"Pâte sablée Tablier Blanc 230g","p":1.09,"u":"4,74 €/KG","img":"https://fd14-photos.leclercdrive.fr/image.ashx?id=2635898&use=l&cat=p&typeid=i","cat":333681},{"id":1151,"n":"Pâte feuilletée Tablier Blanc Au beurre - 230g","p":1.14,"u":"4,96 €/KG","img":"https://fd14-photos.leclercdrive.fr/image.ashx?id=2635895&use=l&cat=p&typeid=i","cat":333681},{"id":1152,"n":"Pâte feuilletée Tablier Blanc Prête à dérouler - 230g","p":0.74,"u":"3,22 €/KG","img":"https://fd14-photos.leclercdrive.fr/image.ashx?id=2635889&use=l&cat=p&typeid=i","cat":333681},{"id":1154,"n":"Lardons de saumon fumé Ronde des Mers - 90g","p":3.6,"u":"40,00 €/KG","img":"https://fd14-photos.leclercdrive.fr/image.ashx?id=3004597&use=l&cat=p&typeid=i","cat":285188},{"id":1163,"n":"Mini blinis Ronde des Mers x16 - 135g","p":0.99,"u":"7,33 €/KG","img":"https://fd14-photos.leclercdrive.fr/image.ashx?id=2079526&use=l&cat=p&typeid=i","cat":285191},{"id":1164,"n":"Bâtonnets surimi Pêche Océan MSC - 400g","p":2.19,"u":"5,48 €/KG","img":"https://fd14-photos.leclercdrive.fr/image.ashx?id=2981840&use=l&cat=p&typeid=i","cat":285189},{"id":1165,"n":"Bâtonnets Surimi Pêche Océan MSC - x30 - 500g","p":2.74,"u":"5,48 €/KG","img":"https://fd14-photos.leclercdrive.fr/image.ashx?id=2953227&use=l&cat=p&typeid=i","cat":285189},{"id":1166,"n":"Miettes de surimi Pêche Océan MSC - 180g","p":1.64,"u":"9,11 €/KG","img":"https://fd14-photos.leclercdrive.fr/image.ashx?id=2981861&use=l&cat=p&typeid=i","cat":285189},{"id":1167,"n":"Oeufs de lompe Ronde des mers Noir - MSC - 100g","p":2.6,"u":"26,00 €/KG","img":"https://fd14-photos.leclercdrive.fr/image.ashx?id=2981843&use=l&cat=p&typeid=i","cat":285191},{"id":1168,"n":"Filets de hareng Pêche Océan MSC - Doux - 200g","p":1.75,"u":"8,75 €/KG","img":"https://fd14-photos.leclercdrive.fr/image.ashx?id=2992489&use=l&cat=p&typeid=i","cat":285190},{"id":1175,"n":"Pizza Cuite sur pierre Turini Saumon crevettes - 400g","p":2.25,"u":"5,63 €/KG","img":"https://fd14-photos.leclercdrive.fr/image.ashx?id=2815217&use=l&cat=p&typeid=i","cat":284256},{"id":1178,"n":"Pizza Cuite sur pierre Volpone  Bolognaise - 400g","p":1.97,"u":"4,93 €/KG","img":"https://fd14-photos.leclercdrive.fr/image.ashx?id=2815208&use=l&cat=p&typeid=i","cat":284256},{"id":1179,"n":"Pizza Royale Turini Cuite au feu de bois - 440g","p":2.15,"u":"4,89 €/KG","img":"https://fd14-photos.leclercdrive.fr/image.ashx?id=2815199&use=l&cat=p&typeid=i","cat":284256},{"id":1181,"n":"Tarte aux poireaux Côté Table - 400g","p":2.45,"u":"6,13 €/KG","img":"https://fd14-photos.leclercdrive.fr/image.ashx?id=2791710&use=l&cat=p&typeid=i","cat":284257},{"id":1182,"n":"Crêpes Côté Table Jambon fromage x6 - 300g","p":1.99,"u":"6,63 €/KG","img":"https://fd14-photos.leclercdrive.fr/image.ashx?id=2932402&use=l&cat=p&typeid=i","cat":319776},{"id":1183,"n":"Crêpes Côté Table Jambon fromage x20 1kg","p":3.85,"u":"3,85 €/KG","img":"https://fd14-photos.leclercdrive.fr/image.ashx?id=2932405&use=l&cat=p&typeid=i","cat":319776},{"id":1185,"n":"Steaks hachés Charal Pur Bœuf 15% MG 10x100g - 1kg","p":13.95,"u":"13,95 €/KG","img":"https://fd14-photos.leclercdrive.fr/image.ashx?id=2659300&use=l&cat=p&typeid=i","cat":319778},{"id":1186,"n":"Haché Extra Moelleux Charal 10x100g - 1kg","p":11.61,"u":"11,61 €/KG","img":"https://fd14-photos.leclercdrive.fr/image.ashx?id=2731735&use=l&cat=p&typeid=i","cat":319778},{"id":1191,"n":"Poisson Bordelaise Pêche Océan MSC - 400g","p":2.99,"u":"7,48 €/KG","img":"https://fd14-photos.leclercdrive.fr/image.ashx?id=2930081&use=l&cat=p&typeid=i","cat":319788},{"id":1192,"n":"Colin d'Alaska MSC Pêche Océan À l'oseille x2 - 400g","p":3.09,"u":"7,73 €/KG","img":"https://fd14-photos.leclercdrive.fr/image.ashx?id=2930099&use=l&cat=p&typeid=i","cat":319786},{"id":1193,"n":"Pané colin d'Alaska Pêche Océan x15 bâtonnets - MSC - 450g","p":2.27,"u":"5,04 €/KG","img":"https://fd14-photos.leclercdrive.fr/image.ashx?id=2558368&use=l&cat=p&typeid=i","cat":319788},{"id":1194,"n":"Calamars Pêche Océan A la romaine 40/60 - 500g","p":4.19,"u":"8,38 €/KG","img":"https://fd14-photos.leclercdrive.fr/image.ashx?id=2216298&use=l&cat=p&typeid=i","cat":319788},{"id":1197,"n":"Paëlla royale Côté Table Fruits de mer poulet 1kg","p":4.19,"u":"4,19 €/KG","img":"https://fd14-photos.leclercdrive.fr/image.ashx?id=2663353&use=l&cat=p&typeid=i","cat":284254},{"id":1202,"n":"Pâtes Carbonara Côté Table 900g","p":4.67,"u":"5,19 €/KG","img":"https://fd14-photos.leclercdrive.fr/image.ashx?id=2900064&use=l&cat=p&typeid=i","cat":284254},{"id":1211,"n":"Choux fleurs Notre Jardin Fleurettes 1kg","p":1.67,"u":"1,67 €/KG","img":"https://fd14-photos.leclercdrive.fr/image.ashx?id=2900019&use=l&cat=p&typeid=i","cat":319805},{"id":1212,"n":"Choux de Bruxelles Notre Jardin 1kg","p":1.79,"u":"1,79 €/KG","img":"https://fd14-photos.leclercdrive.fr/image.ashx?id=2873015&use=l&cat=p&typeid=i","cat":319805},{"id":1214,"n":"Haricots verts Notre jardin Très fins 1kg","p":1.95,"u":"1,95 €/KG","img":"https://fd14-photos.leclercdrive.fr/image.ashx?id=2900040&use=l&cat=p&typeid=i","cat":319805},{"id":1216,"n":"Courgettes Notre Jardin Rondelles 1kg","p":1.29,"u":"1,29 €/KG","img":"https://fd14-photos.leclercdrive.fr/image.ashx?id=2873099&use=l&cat=p&typeid=i","cat":319805},{"id":1217,"n":"Epinards Notre Jardin Branches - 1kg","p":1.3,"u":"1,30 €/KG","img":"https://fd14-photos.leclercdrive.fr/image.ashx?id=2873069&use=l&cat=p&typeid=i","cat":319805},{"id":1218,"n":"Epinards Notre Jardin Hâchés - 1kg","p":1.35,"u":"1,35 €/KG","img":"https://fd14-photos.leclercdrive.fr/image.ashx?id=2900034&use=l&cat=p&typeid=i","cat":319805},{"id":1219,"n":"Epinards Notre Jardin Hachés A la crème fraîche - 1kg","p":1.68,"u":"1,68 €/KG","img":"https://fd14-photos.leclercdrive.fr/image.ashx?id=2916656&use=l&cat=p&typeid=i","cat":319805},{"id":1223,"n":"Champignons Paris Notre jardin Emincés 1kg","p":1.95,"u":"1,95 €/KG","img":"https://fd14-photos.leclercdrive.fr/image.ashx?id=2873027&use=l&cat=p&typeid=i","cat":319805},{"id":1226,"n":"Légumes potage Notre Jardin 1kg","p":1.28,"u":"1,28 €/KG","img":"https://fd14-photos.leclercdrive.fr/image.ashx?id=2916647&use=l&cat=p&typeid=i","cat":319805},{"id":1227,"n":"Poêlée de légumes Notre Jardin Méridionale - 1kg","p":2.95,"u":"2,95 €/KG","img":"https://fd14-photos.leclercdrive.fr/image.ashx?id=2803948&use=l&cat=p&typeid=i","cat":319823},{"id":1228,"n":"Poêlée de légumes Notre jardin Champêtre - 1kg","p":2.99,"u":"2,99 €/KG","img":"https://fd14-photos.leclercdrive.fr/image.ashx?id=2832867&use=l&cat=p&typeid=i","cat":319823},{"id":1229,"n":"Poêlée de légumes Notre Jardin Bretonne - 1kg","p":2.9,"u":"2,90 €/KG","img":"https://fd14-photos.leclercdrive.fr/image.ashx?id=2803951&use=l&cat=p&typeid=i","cat":319823},{"id":1238,"n":"Pommes rissolées Pom'lisse 1kg","p":1.55,"u":"1,55 €/KG","img":"https://fd14-photos.leclercdrive.fr/image.ashx?id=2704597&use=l&cat=p&typeid=i","cat":319792},{"id":1240,"n":"Frites Pom'lisse 2.5 kg","p":4.54,"u":"1,82 €/KG","img":"https://fd14-photos.leclercdrive.fr/image.ashx?id=2699387&use=l&cat=p&typeid=i","cat":319791},{"id":1243,"n":"Frites Pom'lisse Au four - 600g","p":1.18,"u":"1,97 €/KG","img":"https://fd14-photos.leclercdrive.fr/image.ashx?id=2770678&use=l&cat=p&typeid=i","cat":319791},{"id":1244,"n":"Potatoes Pom'lisse Finement épicées - 600g","p":1.2,"u":"2,00 €/KG","img":"https://fd14-photos.leclercdrive.fr/image.ashx?id=2699663&use=l&cat=p&typeid=i","cat":319791},{"id":1245,"n":"Pommes noisettes Pom'lisse 1kg","p":1.88,"u":"1,88 €/KG","img":"https://fd14-photos.leclercdrive.fr/image.ashx?id=2958314&use=l&cat=p&typeid=i","cat":319792},{"id":1246,"n":"Pommes dauphine Pom'lisse 500g","p":1.49,"u":"2,98 €/KG","img":"https://fd14-photos.leclercdrive.fr/image.ashx?id=2851571&use=l&cat=p&typeid=i","cat":319792},{"id":1248,"n":"Frites Pom'lisse 1kg","p":1.98,"u":"1,98 €/KG","img":"https://fd14-photos.leclercdrive.fr/image.ashx?id=2699648&use=l&cat=p&typeid=i","cat":319791},{"id":1251,"n":"Crème glacée Eskiss Vanille de Madagascar - 494g","p":1.65,"u":"3,34 €/KG","img":"https://fd14-photos.leclercdrive.fr/image.ashx?id=2982592&use=l&cat=p&typeid=i","cat":284263},{"id":1252,"n":"Glace Smicy Vanille fraise chocolat - 345g","p":2.39,"u":"6,93 €/KG","img":"https://fd14-photos.leclercdrive.fr/image.ashx?id=2951113&use=l&cat=p&typeid=i","cat":285250},{"id":1309,"n":"Lessive Epsil gel main express Tube 250ml","p":1.55,"u":"6,20 €/L","img":"https://fd14-photos.leclercdrive.fr/image.ashx?id=2602724&use=l&cat=p&typeid=i","cat":284643},{"id":1335,"n":"Liquide vaisselle Visior Citron - 750ml","p":1.2,"u":"1,60 €/L","img":"https://fd14-photos.leclercdrive.fr/image.ashx?id=2930849&use=l&cat=p&typeid=i","cat":284655},{"id":1336,"n":"Liquide vaisselle Visior Ultra Peaux sensibles 500ml","p":0.64,"u":"1,28 €/L","img":"https://fd14-photos.leclercdrive.fr/image.ashx?id=2951116&use=l&cat=p&typeid=i","cat":284655},{"id":1344,"n":"Gants jetables Mamison latex T6 x10","p":1.33,"img":"https://fd14-photos.leclercdrive.fr/image.ashx?id=554721&use=l&cat=p&typeid=i","cat":284668},{"id":1345,"n":"Gants jetables Mamison latex T8 x10","p":1.33,"img":"https://fd14-photos.leclercdrive.fr/image.ashx?id=2742691&use=l&cat=p&typeid=i","cat":284668},{"id":1346,"n":"Eponges Mamison végétales Super absorbantes x3","p":1.17,"u":"0,39 €/P","img":"https://fd14-photos.leclercdrive.fr/image.ashx?id=2458052&use=l&cat=p&typeid=i","cat":284667},{"id":1358,"n":"Nettoyant Gel avec javel Clair 1L","p":1.09,"u":"1,09 €/L","img":"https://fd14-photos.leclercdrive.fr/image.ashx?id=2705062&use=l&cat=p&typeid=i","cat":284907},{"id":1360,"n":"Eau de Javel Clair Parfum Eucalyptus - 2L","p":0.72,"u":"0,36 €/L","img":"https://fd14-photos.leclercdrive.fr/image.ashx?id=2949173&use=l&cat=p&typeid=i","cat":284661},{"id":1376,"n":"Lingettes nettoyantes Clair Sols muguet larges x15","p":1.14,"img":"https://fd14-photos.leclercdrive.fr/image.ashx?id=2593815&use=l&cat=p&typeid=i","cat":325364},{"id":1386,"n":"Nettoyant four Clair 500ml","p":1.53,"u":"3,06 €/L","img":"https://fd14-photos.leclercdrive.fr/image.ashx?id=2858824&use=l&cat=p&typeid=i","cat":325363},{"id":1400,"n":"Papier aluminium Elembal 20m","p":2.62,"img":"https://fd14-photos.leclercdrive.fr/image.ashx?id=2756846&use=l&cat=p&typeid=i","cat":334134},{"id":1401,"n":"Barquettes aluminium Elembal x10 0.5L","p":2.56,"img":"https://fd14-photos.leclercdrive.fr/image.ashx?id=2455093&use=l&cat=p&typeid=i","cat":334134},{"id":1403,"n":"Barquettes aluminium Elembal Profondes x10 1L","p":4.3,"img":"https://fd14-photos.leclercdrive.fr/image.ashx?id=2455102&use=l&cat=p&typeid=i","cat":334134},{"id":1407,"n":"Film étirable Elembal 30m","p":1.2,"img":"https://fd14-photos.leclercdrive.fr/image.ashx?id=2431191&use=l&cat=p&typeid=i","cat":334134},{"id":1412,"n":"Sacs congélation Elembal Grand modèle x25","p":1.08,"img":"https://fd14-photos.leclercdrive.fr/image.ashx?id=2169147&use=l&cat=p&typeid=i","cat":334134},{"id":1413,"n":"Sacs congélation Elembal Petit modèle x50","p":1.1,"img":"https://fd14-photos.leclercdrive.fr/image.ashx?id=2158155&use=l&cat=p&typeid=i","cat":334134},{"id":1414,"n":"Sacs poubelle 30L Elembal à liens classiques - x25","p":1.26,"u":"0,05 €/P","img":"https://fd14-photos.leclercdrive.fr/image.ashx?id=2958699&use=l&cat=p&typeid=i","cat":285168},{"id":1415,"n":"Sacs poubelle 130L Elembal à liens classiques - x10","p":4.65,"u":"0,47 €/P","img":"https://fd14-photos.leclercdrive.fr/image.ashx?id=2791743&use=l&cat=p&typeid=i","cat":285168},{"id":1416,"n":"Sacs poubelle 100L Elembal Poignées coulissantes - x10","p":1.62,"u":"0,16 €/P","img":"https://fd14-photos.leclercdrive.fr/image.ashx?id=1959148&use=l&cat=p&typeid=i","cat":285168},{"id":1417,"n":"Sacs poubelle 100L Elembal à liens classiques - x10","p":1.54,"u":"0,15 €/P","img":"https://fd14-photos.leclercdrive.fr/image.ashx?id=1959151&use=l&cat=p&typeid=i","cat":285168},{"id":1418,"n":"Sacs poubelle 50L Elembal à liens classiques - x15","p":2.19,"u":"0,15 €/P","img":"https://fd14-photos.leclercdrive.fr/image.ashx?id=2958693&use=l&cat=p&typeid=i","cat":285168},{"id":1419,"n":"Sacs poubelle Elembal 20L x20","p":1.2,"u":"0,06 €/P","img":"https://fd14-photos.leclercdrive.fr/image.ashx?id=2791728&use=l&cat=p&typeid=i","cat":285168},{"id":1421,"n":"Sacs poubelle Elembal 30L A poignées - x20","p":2.49,"u":"0,12 €/P","img":"https://fd14-photos.leclercdrive.fr/image.ashx?id=2791677&use=l&cat=p&typeid=i","cat":285168},{"id":1423,"n":"Sacs poubelle 50L Elembal Poignées coulissantes - x15","p":2.3,"u":"0,15 €/P","img":"https://fd14-photos.leclercdrive.fr/image.ashx?id=2958696&use=l&cat=p&typeid=i","cat":285168},{"id":1427,"n":"Gel douche Manava Pétales d'Orient - 250ml","p":1.15,"u":"4,60 €/L","img":"https://fd14-photos.leclercdrive.fr/image.ashx?id=2494214&use=l&cat=p&typeid=i","cat":284594},{"id":1428,"n":"Lait de douche Manava Coeur de vanille - 250ml","p":0.93,"u":"3,72 €/L","img":"https://fd14-photos.leclercdrive.fr/image.ashx?id=2456141&use=l&cat=p&typeid=i","cat":284594},{"id":1429,"n":"Gel douche Manava Boisé - 250ml","p":1.15,"u":"4,60 €/L","img":"https://fd14-photos.leclercdrive.fr/image.ashx?id=2809653&use=l&cat=p&typeid=i","cat":284594},{"id":1433,"n":"Recharge savon mains Manava Crème perles d'oranger - 250ml","p":0.51,"u":"2,04 €/L","img":"https://fd14-photos.leclercdrive.fr/image.ashx?id=2935483&use=l&cat=p&typeid=i","cat":284597},{"id":1435,"n":"Recharge savon mains Manava Crème Amande - 250ml","p":0.49,"u":"1,96 €/L","img":"https://fd14-photos.leclercdrive.fr/image.ashx?id=2935474&use=l&cat=p&typeid=i","cat":284597},{"id":1436,"n":"Lait de douche Manava Amande douce - 250ml","p":0.91,"u":"3,64 €/L","img":"https://fd14-photos.leclercdrive.fr/image.ashx?id=2771346&use=l&cat=p&typeid=i","cat":284594},{"id":1437,"n":"Lait de douche Manava Lait de coco - 250ml","p":0.93,"u":"3,72 €/L","img":"https://fd14-photos.leclercdrive.fr/image.ashx?id=2443176&use=l&cat=p&typeid=i","cat":284594},{"id":1449,"n":"Déodorant Manava fraîcheur Vanille glacée spray 200ml","p":1.26,"u":"6,30 €/L","img":"https://fd14-photos.leclercdrive.fr/image.ashx?id=2656445&use=l&cat=p&typeid=i","cat":284595},{"id":1464,"n":"Rasoirs jetables Bic 1 Sensitive - x10","p":0.93,"u":"0,09 €/P","img":"https://fd14-photos.leclercdrive.fr/image.ashx?id=2218035&use=l&cat=p&typeid=i","cat":284616},{"id":1465,"n":"Rasoirs jetables Comfort 2 Bic x10","p":2.75,"u":"0,28 €/P","img":"https://fd14-photos.leclercdrive.fr/image.ashx?id=2984862&use=l&cat=p&typeid=i","cat":284616},{"id":1466,"n":"Rasoirs jetables Bic 3 lames - x8","p":3.1,"u":"0,39 €/P","img":"https://fd14-photos.leclercdrive.fr/image.ashx?id=2789014&use=l&cat=p&typeid=i","cat":284616},{"id":1473,"n":"Gel à raser Carré Homme Hydratant 200ml","p":1.69,"u":"8,45 €/L","img":"https://fd14-photos.leclercdrive.fr/image.ashx?id=2771582&use=l&cat=p&typeid=i","cat":284617},{"id":1474,"n":"Rasoirs jetables Carré Homme 2 lames - x10","p":1.69,"u":"0,17 €/P","img":"https://fd14-photos.leclercdrive.fr/image.ashx?id=2873543&use=l&cat=p&typeid=i","cat":284616},{"id":1481,"n":"Dentifrice Dentamyl Protection caries - 75ml","p":0.73,"u":"9,73 €/L","img":"https://fd14-photos.leclercdrive.fr/image.ashx?id=2699129&use=l&cat=p&typeid=i","cat":284612},{"id":1482,"n":"Dentifrice enfant Dentamyl Fraise - 3-6 ans - 50ml","p":0.65,"u":"13,00 €/L","img":"https://fd14-photos.leclercdrive.fr/image.ashx?id=2075188&use=l&cat=p&typeid=i","cat":288898},{"id":1484,"n":"Brosse à dents junior Dentamyl 1 pièce","p":0.49,"img":"https://fd14-photos.leclercdrive.fr/image.ashx?id=2790901&use=l&cat=p&typeid=i","cat":288897},{"id":1486,"n":"Brosse à dents enfant Dentamyl 2-6 ans x1","p":0.51,"img":"https://fd14-photos.leclercdrive.fr/image.ashx?id=1980485&use=l&cat=p&typeid=i","cat":288897},{"id":1487,"n":"Pansements Primoplast Multi-usages x40","p":1.29,"img":"https://fd14-photos.leclercdrive.fr/image.ashx?id=2891773&use=l&cat=p&typeid=i","cat":284630},{"id":1488,"n":"Mouchoirs blancs 4 plis Caresse Mouchoirs papier Lotion x12","p":2.28,"u":"0,19 €/P","img":"https://fd14-photos.leclercdrive.fr/image.ashx?id=2572993&use=l&cat=p&typeid=i","cat":284638},{"id":1620,"n":"Gel lavant bébé Mots d'Enfants Corps et cheveux - 250ml","p":1.49,"u":"5,96 €/L","img":"https://fd14-photos.leclercdrive.fr/image.ashx?id=3014149&use=l&cat=p&typeid=i","cat":284740},{"id":1627,"n":"Lingettes bébé Mots d'Enfants Ultra-douces - x72","p":1.75,"u":"0,02 €/P","img":"https://fd14-photos.leclercdrive.fr/image.ashx?id=2856447&use=l&cat=p&typeid=i","cat":284738},{"id":1629,"n":"Lingettes bébé Mots d'Enfants Sensitive - x63","p":1.3,"u":"0,02 €/P","img":"https://fd14-photos.leclercdrive.fr/image.ashx?id=2856462&use=l&cat=p&typeid=i","cat":284738},{"id":1637,"n":"Change + 2 slips maille Chorys Anatomiques - Homme/Femme - x20","p":15.94,"u":"0,80 €/P","img":"https://fd14-photos.leclercdrive.fr/image.ashx?id=2623660&use=l&cat=p&typeid=i","cat":284628},{"id":1640,"n":"Protection incontinence Chorys Rectangulaire - x24","p":4.62,"u":"0,19 €/P","img":"https://fd14-photos.leclercdrive.fr/image.ashx?id=2761980&use=l&cat=p&typeid=i","cat":284628},{"id":1656,"n":"Pochettes kraft Esquisse Adhésives 22.9x32.4cm x25","p":2.15,"img":"https://fd14-photos.leclercdrive.fr/image.ashx?id=1699690&use=l&cat=p&typeid=i","cat":284697},{"id":1657,"n":"Pochettes kraft Esquisse Adhésives 16.2x22.9cm x25","p":1.45,"img":"https://fd14-photos.leclercdrive.fr/image.ashx?id=1698655&use=l&cat=p&typeid=i","cat":284697},{"id":1683,"n":"Piles alcalines Foxter AAA/LR3 1,5V - x4","p":0.99,"img":"https://fd14-photos.leclercdrive.fr/image.ashx?id=2162150&use=l&cat=p&typeid=i","cat":300572},{"id":1684,"n":"Piles Foxter C/LR14 1.5V - x2","p":1.69,"img":"https://fd14-photos.leclercdrive.fr/image.ashx?id=2162168&use=l&cat=p&typeid=i","cat":300572},{"id":1685,"n":"Piles alcalines Foxter D/LR20 - x2","p":1.99,"img":"https://fd14-photos.leclercdrive.fr/image.ashx?id=2162171&use=l&cat=p&typeid=i","cat":300572},{"id":1686,"n":"Pile Foxter 9V/6LR61 - x1","p":1.89,"img":"https://fd14-photos.leclercdrive.fr/image.ashx?id=2162159&use=l&cat=p&typeid=i","cat":300572},{"id":1687,"n":"Pile alcaline Foxter 3LR12 4,5V - x1","p":1.99,"img":"https://fd14-photos.leclercdrive.fr/image.ashx?id=2162177&use=l&cat=p&typeid=i","cat":300572},{"id":1735,"n":"Croquettes chiens Tous Mes Amis Spécial Forme - 10kg","p":12.25,"u":"1,23 €/KG","img":"https://fd14-photos.leclercdrive.fr/image.ashx?id=1972608&use=l&cat=p&typeid=i","cat":284672},{"id":1751,"n":"Croquettes chat Purina One Adulte - Saumon/Céréales - 450g","p":2.4,"u":"5,33 €/KG","img":"https://fd14-photos.leclercdrive.fr/image.ashx?id=2683220&use=l&cat=p&typeid=i","cat":284680},{"id":1753,"n":"Croquettes chat Purina One Adulte - Saumon/Céréales -1.5kg","p":6.3,"u":"4,20 €/KG","img":"https://fd14-photos.leclercdrive.fr/image.ashx?id=2902268&use=l&cat=p&typeid=i","cat":284680},{"id":1756,"n":"Emincés en sauce Tous mes amis pour chats -  800g","p":1.72,"u":"2,15 €/KG","img":"https://fd14-photos.leclercdrive.fr/image.ashx?id=2606798&use=l&cat=p&typeid=i","cat":285601},{"id":1762,"n":"Croquettes chat Tous mes amis Poulet légumes - 4kg","p":5.76,"u":"1,44 €/KG","img":"https://fd14-photos.leclercdrive.fr/image.ashx?id=2301406&use=l&cat=p&typeid=i","cat":284680},{"id":1763,"n":"Croquettes chat Tous mes amis Boeuf Poulet Légumes - 2kg","p":2.79,"u":"1,40 €/KG","img":"https://fd14-photos.leclercdrive.fr/image.ashx?id=2739724&use=l&cat=p&typeid=i","cat":284680},{"id":1764,"n":"Croquettes chat Tous mes amis Poulet dinde canard olive - 2kg","p":3.62,"u":"1,81 €/KG","img":"https://fd14-photos.leclercdrive.fr/image.ashx?id=2301400&use=l&cat=p&typeid=i","cat":284680},{"id":1765,"n":"Croquettes chat Tous mes amis Saumon & Légumes - 2kg","p":2.79,"u":"1,40 €/KG","img":"https://fd14-photos.leclercdrive.fr/image.ashx?id=2319043&use=l&cat=p&typeid=i","cat":284680},{"id":1771,"n":"Terrines chats Tous mes amis Délices Multi-viandes - 3x400g","p":3.22,"u":"2,68 €/KG","img":"https://fd14-photos.leclercdrive.fr/image.ashx?id=2860703&use=l&cat=p&typeid=i","cat":285601},{"id":1772,"n":"Sachet repas chat Tous mes amis Poissons en gelée - 12x100g","p":3.65,"u":"3,04 €/KG","img":"https://fd14-photos.leclercdrive.fr/image.ashx?id=2027592&use=l&cat=p&typeid=i","cat":285286},{"id":1775,"n":"Litière minérale Catsan Hygiène plus pour chat - 10L","p":5.15,"u":"0,52 €/L","img":"https://fd14-photos.leclercdrive.fr/image.ashx?id=2692677&use=l&cat=p&typeid=i","cat":284683},{"id":1777,"n":"Litière chats Eco+ Parfumée - 7L","p":1.75,"u":"0,25 €/L","img":"https://fd14-photos.leclercdrive.fr/image.ashx?id=2162108&use=l&cat=p&typeid=i","cat":284683},{"id":1786,"n":"Blocs WC Syphon Activ' effect Fraîcheur marine x3","p":1.22,"u":"0,41 €/P","img":"https://fd14-photos.leclercdrive.fr/image.ashx?id=2317294&use=l&cat=p&typeid=i","cat":284662},{"id":1795,"n":"Lingettes nettoyantes Clair Multi-surfaces citron x50","p":1.38,"u":"0,03 €/P","img":"https://fd14-photos.leclercdrive.fr/image.ashx?id=2835193&use=l&cat=p&typeid=i","cat":325358},{"id":1798,"n":"Eponges Multi-usages Mamison grattantes - x3","p":0.89,"u":"0,30 €/P","img":"https://fd14-photos.leclercdrive.fr/image.ashx?id=2202341&use=l&cat=p&typeid=i","cat":284667},{"id":1799,"n":"Haricots verts Notre Jardin Très fins - 3x110g","p":1.83,"u":"5,55 €/KG","img":"https://fd14-photos.leclercdrive.fr/image.ashx?id=2537355&use=l&cat=p&typeid=i","cat":312606},{"id":1800,"n":"Lingettes nettoyantes Clair Muguet x50","p":1.72,"u":"0,03 €/P","img":"https://fd14-photos.leclercdrive.fr/image.ashx?id=2835196&use=l&cat=p&typeid=i","cat":325358},{"id":1801,"n":"Boules inox Mamison x2","p":0.44,"img":"https://fd14-photos.leclercdrive.fr/image.ashx?id=555602&use=l&cat=p&typeid=i","cat":284667},{"id":1802,"n":"Insecticide Insectivor cafards Fourmis araignées 400ml","p":2.49,"u":"6,23 €/L","img":"https://fd14-photos.leclercdrive.fr/image.ashx?id=2843039&use=l&cat=p&typeid=i","cat":298368},{"id":1803,"n":"Spray désodorisant Texil Textile 500ml","p":2.61,"u":"5,22 €/L","img":"https://fd14-photos.leclercdrive.fr/image.ashx?id=2958690&use=l&cat=p&typeid=i","cat":290451},{"id":1804,"n":"Asperges vertes miniatures  Notre Jardin - 100g","p":1.49,"u":"14,90 €/KG","img":"https://fd14-photos.leclercdrive.fr/image.ashx?id=2591515&use=l&cat=p&typeid=i","cat":312611},{"id":1806,"n":"Insecticide Insectivor guêpes Mouches moustiques - 400ml","p":2.22,"u":"5,55 €/L","img":"https://fd14-photos.leclercdrive.fr/image.ashx?id=2835008&use=l&cat=p&typeid=i","cat":298368},{"id":1810,"n":"Gel nettoyant wc Syphon 750ml","p":1.03,"u":"1,37 €/L","img":"https://fd14-photos.leclercdrive.fr/image.ashx?id=2558775&use=l&cat=p&typeid=i","cat":284662},{"id":1812,"n":"Gel nettoyant wc Syphon 750ml","p":0.66,"u":"0,88 €/L","img":"https://fd14-photos.leclercdrive.fr/image.ashx?id=2067935&use=l&cat=p&typeid=i","cat":284662},{"id":1816,"n":"Déboucheur canalisations Syphon Gel 1L","p":1.39,"u":"1,39 €/L","img":"https://fd14-photos.leclercdrive.fr/image.ashx?id=2202347&use=l&cat=p&typeid=i","cat":284908},{"id":1822,"n":"Confiture Bonne Maman Myrtilles - 370g","p":2.76,"u":"7,46 €/KG","img":"https://fd14-photos.leclercdrive.fr/image.ashx?id=2132361&use=l&cat=p&typeid=i","cat":284480},{"id":1825,"n":"Confiture Bonne Maman Cerises griottes - 370g","p":2.25,"u":"6,08 €/KG","img":"https://fd14-photos.leclercdrive.fr/image.ashx?id=2474981&use=l&cat=p&typeid=i","cat":284480},{"id":1826,"n":"Confiture Douceur du Verger Abricots - Allégée - 340g","p":1.14,"u":"3,35 €/KG","img":"https://fd14-photos.leclercdrive.fr/image.ashx?id=2965437&use=l&cat=p&typeid=i","cat":284480},{"id":1828,"n":"Confiture Bonne Maman Framboises - 370g","p":2.3,"u":"6,22 €/KG","img":"https://fd14-photos.leclercdrive.fr/image.ashx?id=2544807&use=l&cat=p&typeid=i","cat":284480},{"id":1833,"n":"Confiture Douceur du Verger Fraises - 340g","p":1.05,"u":"3,09 €/KG","img":"https://fd14-photos.leclercdrive.fr/image.ashx?id=2965428&use=l&cat=p&typeid=i","cat":284480},{"id":1835,"n":"Confiture Douceur du Verger Orange 340g","p":0.99,"u":"2,83 €/KG","img":"https://fd14-photos.leclercdrive.fr/image.ashx?id=1974257&use=l&cat=p&typeid=i","cat":284480},{"id":1845,"n":"Barres de céréales Frosties Kellogg's - 6x25g","p":1.96,"u":"13,07 €/KG","img":"https://fd14-photos.leclercdrive.fr/image.ashx?id=2300062&use=l&cat=p&typeid=i","cat":285869},{"id":1846,"n":"Compote Douceur du Verger Gourdes Pomme Fraise - 4x90g","p":1.39,"u":"3,86 €/KG","img":"https://fd14-photos.leclercdrive.fr/image.ashx?id=2837024&use=l&cat=p&typeid=i","cat":284508},{"id":1861,"n":"Levure chimique Tablier Blanc x6 sachets","p":0.26,"u":"3,94 €/KG","img":"https://fd14-photos.leclercdrive.fr/image.ashx?id=2487437&use=l&cat=p&typeid=i","cat":294686},{"id":1863,"n":"Soja cuisine fluide Bio Bjorg - 25cl","p":0.95,"u":"3,80 €/L","img":"https://fd14-photos.leclercdrive.fr/image.ashx?id=2970921&use=l&cat=p&typeid=i","cat":316069},{"id":1867,"n":"Chocolat au lait Tablette d'Or Noisettes entières - 200g","p":2.31,"u":"11,55 €/KG","img":"https://fd14-photos.leclercdrive.fr/image.ashx?id=2580889&use=l&cat=p&typeid=i","cat":284497},{"id":1868,"n":"Chocolat blanc Tablette d'Or Noisettes entières - 200g","p":2.45,"u":"12,25 €/KG","img":"https://fd14-photos.leclercdrive.fr/image.ashx?id=1961658&use=l&cat=p&typeid=i","cat":284957},{"id":1871,"n":"Céréales mini-pack Kellogg's Multi-variétés - 215g","p":2.75,"u":"12,79 €/KG","img":"https://fd14-photos.leclercdrive.fr/image.ashx?id=3014467&use=l&cat=p&typeid=i","cat":309513},{"id":1873,"n":"Petits pains grillés Epi d'Or Complet - 225g","p":0.89,"u":"3,96 €/KG","img":"https://fd14-photos.leclercdrive.fr/image.ashx?id=2448861&use=l&cat=p&typeid=i","cat":284479},{"id":1874,"n":"Chocolat Tablette d'Or Noir noisettes entières 200g","p":2.05,"u":"10,25 €/KG","img":"https://fd14-photos.leclercdrive.fr/image.ashx?id=2582516&use=l&cat=p&typeid=i","cat":284956},{"id":1878,"n":"Compote Douceur du Verger Coupelle pomme pêche - 4x100g","p":1.19,"u":"2,98 €/KG","img":"https://fd14-photos.leclercdrive.fr/image.ashx?id=2663464&use=l&cat=p&typeid=i","cat":284508},{"id":1883,"n":"Compote Douceur du Verger Gourdes Pomme Banane - 4x90g","p":1.59,"u":"4,42 €/KG","img":"https://fd14-photos.leclercdrive.fr/image.ashx?id=2354665&use=l&cat=p&typeid=i","cat":284508},{"id":1884,"n":"Compote Douceur du Verger Gourdes Pomme - 4x90g","p":0.99,"u":"2,75 €/KG","img":"https://fd14-photos.leclercdrive.fr/image.ashx?id=1950159&use=l&cat=p&typeid=i","cat":284508},{"id":1885,"n":"Haricots verts Notre Jardin Extra fins - 440g","p":2.58,"u":"5,86 €/KG","img":"https://fd14-photos.leclercdrive.fr/image.ashx?id=2050618&use=l&cat=p&typeid=i","cat":312606},{"id":1886,"n":"Petits pois Notre Jardin A l'étuvée - Extra fins - 560g","p":1.29,"u":"2,30 €/KG","img":"https://fd14-photos.leclercdrive.fr/image.ashx?id=2526267&use=l&cat=p&typeid=i","cat":312607},{"id":1887,"n":"Champignons Paris Notre Jardin Pieds et morceaux - 3x115g","p":1.99,"u":"5,77 €/KG","img":"https://fd14-photos.leclercdrive.fr/image.ashx?id=2724693&use=l&cat=p&typeid=i","cat":312610},{"id":1889,"n":"Macédoine légumes Notre Jardin 3x130g","p":1.75,"u":"4,49 €/KG","img":"https://fd14-photos.leclercdrive.fr/image.ashx?id=2537349&use=l&cat=p&typeid=i","cat":312612},{"id":1890,"n":"Choux Bruxelles Notre Jardin 265g","p":1.29,"u":"4,87 €/KG","img":"https://fd14-photos.leclercdrive.fr/image.ashx?id=2050609&use=l&cat=p&typeid=i","cat":312612},{"id":1898,"n":"Cassoulet Côté Table 840g","p":2.19,"u":"2,61 €/KG","img":"https://fd14-photos.leclercdrive.fr/image.ashx?id=2977096&use=l&cat=p&typeid=i","cat":284440},{"id":1901,"n":"Taboulé Côté Table Etui 730g","p":1.87,"u":"2,56 €/KG","img":"https://fd14-photos.leclercdrive.fr/image.ashx?id=2977093&use=l&cat=p&typeid=i","cat":325094},{"id":1902,"n":"Chips à l'ancienne Pom'Lisse Nature - 150g","p":1.04,"u":"6,93 €/KG","img":"https://fd14-photos.leclercdrive.fr/image.ashx?id=2724829&use=l&cat=p&typeid=i","cat":284447},{"id":1903,"n":"Saucisses cocktail Tokapi  240g","p":1.95,"u":"8,13 €/KG","img":"https://fd14-photos.leclercdrive.fr/image.ashx?id=2943614&use=l&cat=p&typeid=i","cat":284450},{"id":1907,"n":"Vinaigre de Xérès AOP Maille 50cl","p":2.75,"u":"5,50 €/L","img":"https://fd14-photos.leclercdrive.fr/image.ashx?id=2769624&use=l&cat=p&typeid=i","cat":298543},{"id":1909,"n":"Olives vertes Rustica Entières - 200g","p":1.24,"u":"6,20 €/KG","img":"https://fd14-photos.leclercdrive.fr/image.ashx?id=2499073&use=l&cat=p&typeid=i","cat":284458},{"id":1913,"n":"Pâtes Barilla Coquillettes - 500g","p":0.94,"u":"1,88 €/KG","img":"https://fd14-photos.leclercdrive.fr/image.ashx?id=2392218&use=l&cat=p&typeid=i","cat":284427},{"id":1925,"n":"Petits beurre P'tit Déli x24 - 200g","p":0.95,"u":"4,75 €/KG","img":"https://fd14-photos.leclercdrive.fr/image.ashx?id=1898886&use=l&cat=p&typeid=i","cat":284487},{"id":1935,"n":"Café Soluble Nescafé Sélection - 200g","p":6.05,"u":"30,25 €/KG","img":"https://fd14-photos.leclercdrive.fr/image.ashx?id=2968847&use=l&cat=p&typeid=i","cat":284843},{"id":1939,"n":"Infusion Tiséa verveine menthe x25","p":0.92,"u":"23,00 €/KG","img":"https://fd14-photos.leclercdrive.fr/image.ashx?id=2441102&use=l&cat=p&typeid=i","cat":293234},{"id":1943,"n":"Confiture Bonne Maman Fraises - 750g","p":3.45,"u":"4,60 €/KG","img":"https://fd14-photos.leclercdrive.fr/image.ashx?id=2906073&use=l&cat=p&typeid=i","cat":284480},{"id":1953,"n":"Sucre n°4 Saint Louis Morceaux - 1kg","p":1.46,"u":"1,46 €/KG","img":"https://fd14-photos.leclercdrive.fr/image.ashx?id=2624236&use=l&cat=p&typeid=i","cat":284502},{"id":1955,"n":"Farine de blé T45 Tablier Blanc 1kg","p":0.69,"u":"0,69 €/KG","img":"https://fd14-photos.leclercdrive.fr/image.ashx?id=2832625&use=l&cat=p&typeid=i","cat":284503},{"id":1956,"n":"Compote Douceur du Verger Coupelle pomme banane - 4x100g","p":1.24,"u":"3,10 €/KG","img":"https://fd14-photos.leclercdrive.fr/image.ashx?id=2663461&use=l&cat=p&typeid=i","cat":284508},{"id":1972,"n":"Eau minérale gazeuse Perrier  Bouteilles en verre 8x20cl","p":3.15,"u":"1,97 €/L","img":"https://fd14-photos.leclercdrive.fr/image.ashx?id=2587551&use=l&cat=p&typeid=i","cat":284536},{"id":1975,"n":"Sirop Frucci Menthe - 75cl","p":1.85,"u":"2,47 €/L","img":"https://fd14-photos.leclercdrive.fr/image.ashx?id=2842205&use=l&cat=p&typeid=i","cat":295020},{"id":1980,"n":"Pur Jus d'ananas Jafaden Brique élopack 1L","p":2.07,"u":"2,07 €/L","img":"https://fd14-photos.leclercdrive.fr/image.ashx?id=2955683&use=l&cat=p&typeid=i","cat":284916},{"id":1984,"n":"Thé glacé Fresh Tea Pêche - 2L","p":1.69,"u":"0,85 €/L","img":"https://fd14-photos.leclercdrive.fr/image.ashx?id=2715281&use=l&cat=p&typeid=i","cat":295019},{"id":1990,"n":"Scotch Whisky Label 5 40%vol - 70cl","p":12.85,"u":"18,36 €/L","img":"https://fd14-photos.leclercdrive.fr/image.ashx?id=2639468&use=l&cat=p&typeid=i","cat":284547},{"id":1995,"n":"Whisky Ballantine's Finest Blended Scotch 40% vol - 70cl","p":15.4,"pp":14.4,"u":"20,57 €/L","img":"https://fd14-photos.leclercdrive.fr/image.ashx?id=2981298&use=l&cat=p&typeid=i","cat":284547},{"id":2000,"n":"Pastis Duval 45%vol - 1L","p":16.85,"u":"16,85 €/L","img":"https://fd14-photos.leclercdrive.fr/image.ashx?id=2659656&use=l&cat=p&typeid=i","cat":284548},{"id":2001,"n":"Pastis Ricard Anisé 45% vol - 1L","p":19.89,"pp":18.89,"u":"18,89 €/L","img":"https://fd14-photos.leclercdrive.fr/image.ashx?id=2947820&use=l&cat=p&typeid=i","cat":284548},{"id":2002,"n":"Pastis de Marseille Vivalis 45%vol - 1L","p":17.02,"u":"17,02 €/L","img":"https://fd14-photos.leclercdrive.fr/image.ashx?id=2590400&use=l&cat=p&typeid=i","cat":284548},{"id":2010,"n":"Rhum blanc Old Nick  40%vol - 70cl","p":10.3,"pp":9.27,"u":"13,24 €/L","img":"https://fd14-photos.leclercdrive.fr/image.ashx?id=2483747&use=l&cat=p&typeid=i","cat":284550},{"id":2012,"n":"Rhum ambré Negrita 40%vol - 1L","p":13.85,"u":"13,85 €/L","img":"https://fd14-photos.leclercdrive.fr/image.ashx?id=2519633&use=l&cat=p&typeid=i","cat":284550},{"id":2019,"n":"Sucre de canne Lagoa 70cl","p":1.65,"u":"2,36 €/L","img":"https://fd14-photos.leclercdrive.fr/image.ashx?id=2966472&use=l&cat=p&typeid=i","cat":284551},{"id":2025,"n":"Muscat de Rivesaltes G. d'Arria 15.5%vol - 75cl","p":4.99,"u":"6,65 €/L","img":"https://fd14-photos.leclercdrive.fr/image.ashx?id=2974741&use=l&cat=p&typeid=i","cat":284913},{"id":2028,"n":"AOP Bordeaux rouge Baron de Lestac - 75cl","p":3.9,"u":"5,20 €/L","img":"https://fd14-photos.leclercdrive.fr/image.ashx?id=2471148&use=l&cat=p&typeid=i","cat":289556},{"id":2044,"n":"IGP Pays d'Oc Merlot vin rouge Vieux Carion 13% vol -75 cl","p":2.25,"u":"3,00 €/L","img":"https://fd14-photos.leclercdrive.fr/image.ashx?id=2463413&use=l&cat=p&typeid=i","cat":289556},{"id":2045,"n":"IGP Pays d'Oc vin rouge Vieux Carion 12.5% vol -75 cl","p":2.25,"u":"3,00 €/L","img":"https://fd14-photos.leclercdrive.fr/image.ashx?id=2691156&use=l&cat=p&typeid=i","cat":289556},{"id":2049,"n":"IGP Pays d'Oc Gris vin rosé Rives & Terrasses - 75cl -12,5%","p":2.89,"u":"3,85 €/L","img":"https://fd14-photos.leclercdrive.fr/image.ashx?id=2671396&use=l&cat=p&typeid=i","cat":289558},{"id":2058,"n":"IGP Pays d'Oc Sauvignon Blanc Vieux Carion 12% vol -75 cl","p":2.25,"u":"3,00 €/L","img":"https://fd14-photos.leclercdrive.fr/image.ashx?id=2440709&use=l&cat=p&typeid=i","cat":289557},{"id":2078,"n":"Pétillant Gibus pomme Sans alcool 75cl","p":2.32,"u":"3,09 €/L","img":"https://fd14-photos.leclercdrive.fr/image.ashx?id=812027&use=l&cat=p&typeid=i","cat":289460},{"id":2079,"n":"Cidre bouché Les Goelleries Breton doux 2%vol. - 75cl","p":2.12,"u":"2,83 €/L","img":"https://fd14-photos.leclercdrive.fr/image.ashx?id=2842187&use=l&cat=p&typeid=i","cat":334880},{"id":2086,"n":"Mister Cocktail sans alcool Pêche - 75cl","p":3.2,"u":"4,27 €/L","img":"https://fd14-photos.leclercdrive.fr/image.ashx?id=3014464&use=l&cat=p&typeid=i","cat":284549},{"id":2087,"n":"Jus de pomme pétillant Champomy L'Original Pomme - 75cl","p":2.7,"u":"3,60 €/L","img":"https://fd14-photos.leclercdrive.fr/image.ashx?id=2688683&use=l&cat=p&typeid=i","cat":289460},{"id":2090,"n":"Emmental fromage bloc Les Croisés - 500g","p":4.19,"u":"8,38 €/KG","img":"https://fd14-photos.leclercdrive.fr/image.ashx?id=2897775&use=l&cat=p&typeid=i","cat":314034},{"id":2092,"n":"Bûche de chèvre Saint-Maure LEs Croisés 25% MG - 200g","p":2.06,"u":"10,30 €/KG","img":"https://fd14-photos.leclercdrive.fr/image.ashx?id=2894719&use=l&cat=p&typeid=i","cat":314031},{"id":2104,"n":"Mousse à la liégeoise Délisse Chocolat - 8x80g","p":2.35,"u":"3,67 €/KG","img":"https://fd14-photos.leclercdrive.fr/image.ashx?id=3009490&use=l&cat=p&typeid=i","cat":284417},{"id":2111,"n":"Beurre Extra fin Les Croisés Doux - 82% MG - 250g","p":2.35,"u":"9,40 €/KG","img":"https://fd14-photos.leclercdrive.fr/image.ashx?id=2791224&use=l&cat=p&typeid=i","cat":284379},{"id":2112,"n":"Sauce Béchamel Bridélice 3x20cl","p":2.85,"u":"4,75 €/L","img":"https://fd14-photos.leclercdrive.fr/image.ashx?id=2888458&use=l&cat=p&typeid=i","cat":284382},{"id":2121,"n":"Carottes râpées Menu Fraîcheur  Assaisonnées - 300g","p":0.69,"u":"2,30 €/KG","img":"https://fd14-photos.leclercdrive.fr/image.ashx?id=2816552&use=l&cat=p&typeid=i","cat":333657},{"id":2126,"n":"Pâte brisée Tablier Blanc Prête à dérouler - 230g","p":0.65,"u":"2,83 €/KG","img":"https://fd14-photos.leclercdrive.fr/image.ashx?id=2635886&use=l&cat=p&typeid=i","cat":333681},{"id":2128,"n":"Bâtonnets Surimi Pêche Océan MSC - x12 - 200g","p":1.38,"u":"6,90 €/KG","img":"https://fd14-photos.leclercdrive.fr/image.ashx?id=2981837&use=l&cat=p&typeid=i","cat":285189},{"id":2129,"n":"Tarama Ronde des mers  Aux oeufs de cabillaud - 100g","p":0.99,"u":"9,90 €/KG","img":"https://fd14-photos.leclercdrive.fr/image.ashx?id=2824600&use=l&cat=p&typeid=i","cat":315999},{"id":2139,"n":"Gants jetables Mamison latex T7 x10","p":1.33,"img":"https://fd14-photos.leclercdrive.fr/image.ashx?id=2742688&use=l&cat=p&typeid=i","cat":284668},{"id":2141,"n":"Crème nettoyante Clair 3en1 - 750ml","p":1.15,"u":"1,53 €/L","img":"https://fd14-photos.leclercdrive.fr/image.ashx?id=2868310&use=l&cat=p&typeid=i","cat":325357},{"id":2175,"n":"Sucre cristal Saint Louis Sachet 1 kg","p":2.05,"u":"2,05 €/KG","img":"https://fd14-photos.leclercdrive.fr/image.ashx?id=2624245&use=l&cat=p&typeid=i","cat":284502},{"id":2179,"n":"Barres céréales Special K  Kellogg's Chocolat - 6x21,5g","p":2.15,"u":"16,67 €/KG","img":"https://fd14-photos.leclercdrive.fr/image.ashx?id=3011113&use=l&cat=p&typeid=i","cat":285869},{"id":2187,"n":"Mascarpone Les Croisés - 250g","p":1.78,"u":"7,12 €/KG","img":"https://fd14-photos.leclercdrive.fr/image.ashx?id=2123620&use=l&cat=p&typeid=i","cat":314026},{"id":2192,"n":"Papier aluminium Elembal 50m","p":4.35,"img":"https://fd14-photos.leclercdrive.fr/image.ashx?id=2940899&use=l&cat=p&typeid=i","cat":334134},{"id":2193,"n":"Film étirable Elembal 2en1 20m","p":1.25,"img":"https://fd14-photos.leclercdrive.fr/image.ashx?id=2059962&use=l&cat=p&typeid=i","cat":334134},{"id":2194,"n":"Sacs congélation Elembal Moyen modèle x50","p":1.08,"img":"https://fd14-photos.leclercdrive.fr/image.ashx?id=2257205&use=l&cat=p&typeid=i","cat":334134},{"id":2195,"n":"Sacs poubelle 30L Elembal Poignées coulissantes - x20","p":2.11,"u":"0,11 €/P","img":"https://fd14-photos.leclercdrive.fr/image.ashx?id=1959157&use=l&cat=p&typeid=i","cat":285168},{"id":2200,"n":"Muffins nature Epi d'Or x4 - 250g","p":1.58,"u":"6,32 €/KG","img":"https://fd14-photos.leclercdrive.fr/image.ashx?id=1944096&use=l&cat=p&typeid=i","cat":284985},{"id":2201,"n":"Pastis 51 Anisé 45% vol - 1L","p":18.85,"u":"18,85 €/L","img":"https://fd14-photos.leclercdrive.fr/image.ashx?id=2998916&use=l&cat=p&typeid=i","cat":284548},{"id":2217,"n":"Soin dents Polident Anti-bactérien comprimés x108","p":4.25,"u":"0,04 €/P","img":"https://fd14-photos.leclercdrive.fr/image.ashx?id=2557242&use=l&cat=p&typeid=i","cat":285158},{"id":2224,"n":"Boisson lactée Candy'UP Chocolat - 6x20cl","p":2.7,"u":"2,25 €/L","img":"https://fd14-photos.leclercdrive.fr/image.ashx?id=2485635&use=l&cat=p&typeid=i","cat":295246},{"id":2226,"n":"Lait vitaminé Viva Candia  1%MG Brique - 1L","p":1.05,"u":"1,05 €/L","img":"https://fd14-photos.leclercdrive.fr/image.ashx?id=2891505&use=l&cat=p&typeid=i","cat":317169},{"id":2228,"n":"Eau de toilette Scorpio rouge Flacon - 75ml","p":7.99,"pp":5.27,"u":"70,27 €/L","img":"https://fd14-photos.leclercdrive.fr/image.ashx?id=2329777&use=l&cat=p&typeid=i","cat":287740},{"id":2244,"n":"Démaquillant Diadermine Yeux douceur 125 ml","p":2.1,"u":"17,50 €/L","img":"https://fd14-photos.leclercdrive.fr/image.ashx?id=2334935&use=l&cat=p&typeid=i","cat":284603},{"id":2257,"n":"Crème Hydratante Soft Nivea Visage Corps Mains - 75ml","p":1.61,"u":"23,00 €/L","img":"https://fd14-photos.leclercdrive.fr/image.ashx?id=3005215&use=l&cat=p&typeid=i","cat":325350},{"id":2259,"n":"Crème Hydratante Soft Nivea Visage Corps Mains - 200ml","p":2.89,"u":"14,45 €/L","img":"https://fd14-photos.leclercdrive.fr/image.ashx?id=3014608&use=l&cat=p&typeid=i","cat":325350},{"id":2276,"n":"Antiseptique Mercurochrome Incolore spray - 100ml","p":2.7,"u":"27,00 €/L","img":"https://fd14-photos.leclercdrive.fr/image.ashx?id=2662268&use=l&cat=p&typeid=i","cat":284630},{"id":2277,"n":"Gel lubrifiant Intimy Classic - 70ml","p":3.99,"u":"57,00 €/L","img":"https://fd14-photos.leclercdrive.fr/image.ashx?id=2927330&use=l&cat=p&typeid=i","cat":285160},{"id":2280,"n":"Compresses stériles Mercurochrome - x60","p":5.85,"u":"0,10 €/P","img":"https://fd14-photos.leclercdrive.fr/image.ashx?id=2731483&use=l&cat=p&typeid=i","cat":284630},{"id":2281,"n":"Pansements Mercurochrome Famille x50","p":3.35,"u":"0,07 €/P","img":"https://fd14-photos.leclercdrive.fr/image.ashx?id=2731471&use=l&cat=p&typeid=i","cat":284630},{"id":2282,"n":"Bandes à découper Mercurochrome 6cm x10","p":2.7,"img":"https://fd14-photos.leclercdrive.fr/image.ashx?id=2719027&use=l&cat=p&typeid=i","cat":284630},{"id":2317,"n":"Mousse Coiffante Franck Provost Cheveux Bouclés - 200ml","p":4.16,"u":"20,80 €/L","img":"https://fd14-photos.leclercdrive.fr/image.ashx?id=2575606&use=l&cat=p&typeid=i","cat":284609},{"id":2322,"n":"Mousse Coiffante Dop Vivelle Extra boucle - 150ml","p":2.95,"u":"19,67 €/L","img":"https://fd14-photos.leclercdrive.fr/image.ashx?id=2574823&use=l&cat=p&typeid=i","cat":284609},{"id":2324,"n":"Eau Micellaire vitaminée Mixa Peaux Sensibles - 200ml","p":2.76,"u":"13,80 €/L","img":"https://fd14-photos.leclercdrive.fr/image.ashx?id=2445334&use=l&cat=p&typeid=i","cat":284603},{"id":2336,"n":"Baume soin Après-Rasage Mennen Peaux Sensibles - 100ml","p":3.65,"u":"36,50 €/L","img":"https://fd14-photos.leclercdrive.fr/image.ashx?id=2517905&use=l&cat=p&typeid=i","cat":288147},{"id":2338,"n":"Lotion Après-Rasage Mennen Apaisante - 125ml","p":3.6,"u":"28,80 €/L","img":"https://fd14-photos.leclercdrive.fr/image.ashx?id=2469620&use=l&cat=p&typeid=i","cat":288147},{"id":2373,"n":"Activateur biologique Eparcyl  Liquide fosse septique - 500 ml","p":6.35,"u":"12,70 €/L","img":"https://fd14-photos.leclercdrive.fr/image.ashx?id=2144059&use=l&cat=p&typeid=i","cat":284908},{"id":2411,"n":"Gel nettoyant Garnier Pure Tube 150ml","p":3.35,"u":"22,33 €/L","img":"https://fd14-photos.leclercdrive.fr/image.ashx?id=2751651&use=l&cat=p&typeid=i","cat":284603},{"id":2438,"n":"Eponges Spontex grattantes Stop-graisse x2","p":1.25,"u":"0,63 €/P","img":"https://fd14-photos.leclercdrive.fr/image.ashx?id=2973078&use=l&cat=p&typeid=i","cat":284667},{"id":2441,"n":"Préservatifs Durex Love Faciles et rapides à poser x6","p":2.6,"u":"0,43 €/P","img":"https://fd14-photos.leclercdrive.fr/image.ashx?id=2963895&use=l&cat=p&typeid=i","cat":284631},{"id":2479,"n":"Après-rasage Brut original 100ml","p":3.1,"u":"31,00 €/L","img":"https://fd14-photos.leclercdrive.fr/image.ashx?id=2061777&use=l&cat=p&typeid=i","cat":288147},{"id":2484,"n":"Dentifrice Signal Haleine Pure 75ml","p":1.34,"u":"17,87 €/L","img":"https://fd14-photos.leclercdrive.fr/image.ashx?id=1984459&use=l&cat=p&typeid=i","cat":284612},{"id":2503,"n":"Biscuit vanille citron Gerlinéa  encas minceur - 156g","p":1.67,"u":"11,13 €/KG","img":"https://fd14-photos.leclercdrive.fr/image.ashx?id=2654779&use=l&cat=p&typeid=i","cat":318651},{"id":2505,"n":"Crème au chocolat GERLINEA   Repas minceur - 3x210g","p":4.4,"u":"6,98 €/KG","img":"https://fd14-photos.leclercdrive.fr/image.ashx?id=2653450&use=l&cat=p&typeid=i","cat":318652},{"id":2506,"n":"Coupelle crème Gerlinea Vanille caramel -  3x210g","p":4.25,"u":"6,75 €/KG","img":"https://fd14-photos.leclercdrive.fr/image.ashx?id=2653453&use=l&cat=p&typeid=i","cat":318652},{"id":2511,"n":"Biscuits diététiques Gerblé Soja Orange - 280g","p":1.4,"u":"5,00 €/KG","img":"https://fd14-photos.leclercdrive.fr/image.ashx?id=2623166&use=l&cat=p&typeid=i","cat":318651},{"id":2519,"n":"Figues Maître Prunille 500g","p":7.29,"u":"14,58 €/KG","img":"https://fd14-photos.leclercdrive.fr/image.ashx?id=1745051&use=l&cat=p&typeid=i","cat":284357},{"id":2523,"n":"Amandes effilées Couleurs Vives 125g","p":1.99,"u":"15,92 €/KG","img":"https://fd14-photos.leclercdrive.fr/image.ashx?id=2211194&use=l&cat=p&typeid=i","cat":284504},{"id":2524,"n":"Amandes Couleurs Vives En poudre - 125g","p":1.97,"u":"15,76 €/KG","img":"https://fd14-photos.leclercdrive.fr/image.ashx?id=2211191&use=l&cat=p&typeid=i","cat":284504},{"id":2525,"n":"Cerneaux noix Couleurs Vives 125g","p":1.78,"u":"14,83 €/KG","img":"https://fd14-photos.leclercdrive.fr/image.ashx?id=2886436&use=l&cat=p&typeid=i","cat":284357},{"id":2529,"n":"Salade composée Notre Jardin 400g","p":1.24,"u":"3,10 €/KG","img":"https://fd14-photos.leclercdrive.fr/image.ashx?id=2663269&use=l&cat=p&typeid=i","cat":284353},{"id":2530,"n":"Salade Notre Jardin Mâche - 125g","p":0.95,"u":"7,60 €/KG","img":"https://fd14-photos.leclercdrive.fr/image.ashx?id=2739514&use=l&cat=p&typeid=i","cat":284353},{"id":2532,"n":"Laitue Iceberg Notre Jardin 300g","p":0.89,"u":"2,97 €/KG","img":"https://fd14-photos.leclercdrive.fr/image.ashx?id=2720151&use=l&cat=p&typeid=i","cat":284353},{"id":2542,"n":"Savon mains en gel Palmolive Antibactériens - 300ml","p":1.33,"u":"4,43 €/L","img":"https://fd14-photos.leclercdrive.fr/image.ashx?id=2831068&use=l&cat=p&typeid=i","cat":284597},{"id":2568,"n":"Laque Cheveux L'Oréal Paris Fixation forte - 150ml","p":3.99,"u":"26,60 €/L","img":"https://fd14-photos.leclercdrive.fr/image.ashx?id=2576157&use=l&cat=p&typeid=i","cat":284609},{"id":2570,"n":"Spray Cheveux L'Oréal Paris Fixation Normale - 150ml","p":4.1,"u":"27,33 €/L","img":"https://fd14-photos.leclercdrive.fr/image.ashx?id=2576160&use=l&cat=p&typeid=i","cat":284609},{"id":2571,"n":"Gel Coiffant L'Oréal Paris Ultra Fixant 24H - 150ml","p":3.54,"u":"23,60 €/L","img":"https://fd14-photos.leclercdrive.fr/image.ashx?id=2576163&use=l&cat=p&typeid=i","cat":284609},{"id":2574,"n":"Gel Coiffant L'Oréal Paris Gel Ultra Fixant 24h - 150ml","p":3.95,"u":"26,33 €/L","img":"https://fd14-photos.leclercdrive.fr/image.ashx?id=2833240&use=l&cat=p&typeid=i","cat":284609},{"id":2576,"n":"Soin anti-âge L'Oréal Paris Age Perfect - 50ml","p":7.87,"u":"157,40 €/L","img":"https://fd14-photos.leclercdrive.fr/image.ashx?id=2867356&use=l&cat=p&typeid=i","cat":325345},{"id":2580,"n":"Tonique Age Perfect L'Oréal Défatigant - 200ml","p":4.55,"u":"22,75 €/L","img":"https://fd14-photos.leclercdrive.fr/image.ashx?id=2503830&use=l&cat=p&typeid=i","cat":325345},{"id":2588,"n":"Eau minérale Thonon 6x1.5L","p":2.5,"u":"0,28 €/L","img":"https://fd14-photos.leclercdrive.fr/image.ashx?id=2915557&use=l&cat=p&typeid=i","cat":284535},{"id":2593,"n":"Eau minérale naturelle Contrex 6x50cl","p":1.95,"u":"0,65 €/L","img":"https://fd14-photos.leclercdrive.fr/image.ashx?id=2731714&use=l&cat=p&typeid=i","cat":284535},{"id":2618,"n":"Lait chèvre demi-écrémé Lactel UHT Bouteille - 6x1L","p":13.8,"u":"2,30 €/L","img":"https://fd14-photos.leclercdrive.fr/image.ashx?id=2873961&use=l&cat=p&typeid=i","cat":295251},{"id":2623,"n":"Joker Pur Jus Engagé  Multifruits - 1L","p":2.2,"u":"2,20 €/L","img":"https://fd14-photos.leclercdrive.fr/image.ashx?id=3001287&use=l&cat=p&typeid=i","cat":284917},{"id":2629,"n":"Lames Gillette GII Plus - x10","p":6.85,"u":"0,69 €/P","img":"https://fd14-photos.leclercdrive.fr/image.ashx?id=2946487&use=l&cat=p&typeid=i","cat":284616},{"id":2638,"n":"Eau minérale Courmayeur 6x1.5L","p":2.55,"u":"0,28 €/L","img":"https://fd14-photos.leclercdrive.fr/image.ashx?id=2964105&use=l&cat=p&typeid=i","cat":284535},{"id":2649,"n":"Eau de source de Montagne 6x1.5L","p":1.68,"u":"0,19 €/L","img":"https://fd14-photos.leclercdrive.fr/image.ashx?id=2727617&use=l&cat=p&typeid=i","cat":284535},{"id":2684,"n":"Fromage Camembert NRT AOP  de Normandie - 250g","p":3.39,"u":"13,56 €/KG","img":"https://fd14-photos.leclercdrive.fr/image.ashx?id=2188712&use=l&cat=p&typeid=i","cat":314033},{"id":2722,"n":"Yaourts aromatisés Délisse Vanille - 8x125g","p":2.58,"u":"2,58 €/KG","img":"https://fd14-photos.leclercdrive.fr/image.ashx?id=2758707&use=l&cat=p&typeid=i","cat":286006},{"id":2729,"n":"Pistaches grillées à sec Tokapi 300g","p":3.86,"u":"12,87 €/KG","img":"https://fd14-photos.leclercdrive.fr/image.ashx?id=2795541&use=l&cat=p&typeid=i","cat":284448},{"id":2733,"n":"Viande bovine rumsteck*** 2x pavé à griller - 280g","p":6.13,"u":"21,89 €/KG","img":"https://fd14-photos.leclercdrive.fr/image.ashx?id=1495722&use=l&cat=p&typeid=i","cat":284328},{"id":2737,"n":"Eau minérale Des Alpes  6x1.5L","p":2.1,"u":"0,23 €/L","img":"https://fd14-photos.leclercdrive.fr/image.ashx?id=2768667&use=l&cat=p&typeid=i","cat":284535},{"id":2742,"n":"Eau gazeuse San Pellegrino Minérale naturelle - 6x1L","p":3.75,"u":"0,63 €/L","img":"https://fd14-photos.leclercdrive.fr/image.ashx?id=2740316&use=l&cat=p&typeid=i","cat":284536},{"id":2743,"n":"Eau gazeuse  Badoit verte finement pétillante - 6x50cl","p":2.85,"u":"0,95 €/L","img":"https://fd14-photos.leclercdrive.fr/image.ashx?id=2983081&use=l&cat=p&typeid=i","cat":284536},{"id":2746,"n":"Lait demi-écrémé Grandlait Candia Bouteille  - 4x1,5L","p":6.8,"u":"1,13 €/L","img":"https://fd14-photos.leclercdrive.fr/image.ashx?id=2915871&use=l&cat=p&typeid=i","cat":284377},{"id":2750,"n":"Lait écrémé Délisse UHT - Bouteille : 6x1L","p":5.94,"u":"0,99 €/L","img":"https://fd14-photos.leclercdrive.fr/image.ashx?id=2970578&use=l&cat=p&typeid=i","cat":284949},{"id":2755,"n":"Lait demi-écrémé Lactel Vitamine D Bouteille - 6x1l","p":7.4,"u":"1,23 €/L","img":"https://fd14-photos.leclercdrive.fr/image.ashx?id=2889424&use=l&cat=p&typeid=i","cat":284377},{"id":2758,"n":"Lait Matin Léger de Lactel Sans lactose 1.2% mg - 6x50cl","p":6.3,"u":"2,10 €/L","img":"https://fd14-photos.leclercdrive.fr/image.ashx?id=2883564&use=l&cat=p&typeid=i","cat":317169},{"id":2759,"n":"Lait Matin Léger de Lactel Sans lactose 1.2% mg - 6x1L","p":10.2,"u":"1,70 €/L","img":"https://fd14-photos.leclercdrive.fr/image.ashx?id=2883125&use=l&cat=p&typeid=i","cat":317169},{"id":2760,"n":"Lait vitaminé Viva Candia  1%MG Brique - 6x1L","p":6.3,"u":"1,05 €/L","img":"https://fd14-photos.leclercdrive.fr/image.ashx?id=2891511&use=l&cat=p&typeid=i","cat":317169},{"id":2776,"n":"Crème Mains Réparatrice Mixa Mains abîmées - 100ml","p":2.28,"u":"22,80 €/L","img":"https://fd14-photos.leclercdrive.fr/image.ashx?id=2276024&use=l&cat=p&typeid=i","cat":325354},{"id":2777,"n":"Crème mains protectrice Mixa Anti-dessèchement - 100ml","p":2.28,"u":"22,80 €/L","img":"https://fd14-photos.leclercdrive.fr/image.ashx?id=2299873&use=l&cat=p&typeid=i","cat":325354},{"id":2799,"n":"Fromage frais Délisse Fruits panachés - 24x50g","p":2.88,"u":"2,40 €/KG","img":"https://fd14-photos.leclercdrive.fr/image.ashx?id=2922494&use=l&cat=p&typeid=i","cat":284414},{"id":2802,"n":"Flûte pain  400g","p":0.9,"u":"2,25 €/KG","img":"https://fd14-photos.leclercdrive.fr/image.ashx?id=557801&use=l&cat=p&typeid=i","cat":284359},{"id":2803,"n":"Baguette de pain 250g","p":0.28,"u":"1,12 €/KG","img":"https://fd14-photos.leclercdrive.fr/image.ashx?id=2062873&use=l&cat=p&typeid=i","cat":284359},{"id":2813,"n":"Pizza Chèvre Turini Cuite au feu de bois - 420g","p":2.22,"u":"5,29 €/KG","img":"https://fd14-photos.leclercdrive.fr/image.ashx?id=2815214&use=l&cat=p&typeid=i","cat":284256},{"id":2814,"n":"Pizza 4 fromages Turini Cuite au feu de bois - 420g","p":2.24,"u":"5,33 €/KG","img":"https://fd14-photos.leclercdrive.fr/image.ashx?id=2815211&use=l&cat=p&typeid=i","cat":284256},{"id":2845,"n":"Glace Cône Nestlé Extrême Rhum raisins x6 - 426g","p":3.4,"u":"7,98 €/KG","img":"https://fd14-photos.leclercdrive.fr/image.ashx?id=2729848&use=l&cat=p&typeid=i","cat":284264},{"id":2873,"n":"Mélange de poivrons doux  500g","p":2.49,"u":"4,98 €/KG","img":"https://fd14-photos.leclercdrive.fr/image.ashx?id=1633178&use=l&cat=p&typeid=i","cat":284352},{"id":2879,"n":"Viande bovine 2x entrecôte *** à griller - 400g","p":9.56,"u":"23,90 €/KG","img":"https://fd14-photos.leclercdrive.fr/image.ashx?id=1495737&use=l&cat=p&typeid=i","cat":284328},{"id":2882,"n":"Tarte aux pommes 6/8 parts 1p","p":4.99,"img":"https://fd14-photos.leclercdrive.fr/image.ashx?id=557985&use=l&cat=p&typeid=i","cat":284360},{"id":2896,"n":"Endive Sachet 1kg","p":2.99,"u":"2,99 €/KG","img":"https://fd14-photos.leclercdrive.fr/image.ashx?id=558004&use=l&cat=p&typeid=i","cat":284352},{"id":2929,"n":"Biscuits raisins GERBLE   - 4x4, 270g","p":1.65,"u":"6,11 €/KG","img":"https://fd14-photos.leclercdrive.fr/image.ashx?id=2662298&use=l&cat=p&typeid=i","cat":318651},{"id":2930,"n":"Biscuits pomme noisette GERBLE   4x4 - 230g","p":1.4,"u":"6,09 €/KG","img":"https://fd14-photos.leclercdrive.fr/image.ashx?id=2967753&use=l&cat=p&typeid=i","cat":318651},{"id":2931,"n":"Biscuit chocolat noir Gerblé  - 150g","p":1.8,"u":"12,00 €/KG","img":"https://fd14-photos.leclercdrive.fr/image.ashx?id=2664001&use=l&cat=p&typeid=i","cat":318651},{"id":2932,"n":"Biscuit miel sésame GERBLE  - 6x3,  162g","p":2.15,"u":"13,27 €/KG","img":"https://fd14-photos.leclercdrive.fr/image.ashx?id=2662277&use=l&cat=p&typeid=i","cat":318651},{"id":2933,"n":"Germe de blé Gerblé 250g","p":1.8,"u":"7,20 €/KG","img":"https://fd14-photos.leclercdrive.fr/image.ashx?id=2575060&use=l&cat=p&typeid=i","cat":288382},{"id":2935,"n":"Biscuits écorce confite GERBLE   - 4x5,  360g","p":1.5,"u":"4,17 €/KG","img":"https://fd14-photos.leclercdrive.fr/image.ashx?id=2662907&use=l&cat=p&typeid=i","cat":318651},{"id":2937,"n":"Biscuits goûter chocolat GERBLE  - 3x4,  250g","p":1.55,"u":"6,20 €/KG","img":"https://fd14-photos.leclercdrive.fr/image.ashx?id=2625181&use=l&cat=p&typeid=i","cat":318651},{"id":2938,"n":"Biscuits germe de blé GERBLE   - 5x5, 210g","p":1.21,"u":"5,76 €/KG","img":"https://fd14-photos.leclercdrive.fr/image.ashx?id=2573540&use=l&cat=p&typeid=i","cat":318651},{"id":2950,"n":"Biscuits lait chocolat GERBLE   - 5x4, 230g","p":1.55,"u":"6,74 €/KG","img":"https://fd14-photos.leclercdrive.fr/image.ashx?id=2575030&use=l&cat=p&typeid=i","cat":318651},{"id":2951,"n":"Biscuit chocolat GERLINEA  Encas minceur - 4x4, 200g","p":2.0,"u":"10,00 €/KG","img":"https://fd14-photos.leclercdrive.fr/image.ashx?id=2654770&use=l&cat=p&typeid=i","cat":318652},{"id":2969,"n":"Sticks et bretzels Tokapi 300g","p":1.2,"u":"4,00 €/KG","img":"https://fd14-photos.leclercdrive.fr/image.ashx?id=2431104&use=l&cat=p&typeid=i","cat":297000},{"id":2971,"n":"Chips ondulées Pom'Lisse  Nature - 150g","p":0.93,"u":"6,20 €/KG","img":"https://fd14-photos.leclercdrive.fr/image.ashx?id=2657196&use=l&cat=p&typeid=i","cat":284447},{"id":2988,"n":"Dessert fruits mixés Sojasun Framboise / Passion - 4x100g","p":1.6,"u":"4,00 €/KG","img":"https://fd14-photos.leclercdrive.fr/image.ashx?id=2355671&use=l&cat=p&typeid=i","cat":316071},{"id":3000,"n":"Oeufs frais plein air Bio Bio Village - x6","p":2.09,"u":"0,35 €/P","img":"https://fd14-photos.leclercdrive.fr/image.ashx?id=1518429&use=l&cat=p&typeid=i","cat":284378},{"id":3001,"n":"Boisson soja Sojasun nature 1l","p":1.4,"u":"1,40 €/L","img":"https://fd14-photos.leclercdrive.fr/image.ashx?id=2472867&use=l&cat=p&typeid=i","cat":316067},{"id":3010,"n":"Sauce Mexicaine Tables du Monde Hot - 315g","p":1.49,"u":"4,73 €/KG","img":"https://fd14-photos.leclercdrive.fr/image.ashx?id=2476960&use=l&cat=p&typeid=i","cat":288993},{"id":3011,"n":"Sauce Mexicaine Tables du Monde Medium - 315g","p":1.49,"u":"4,73 €/KG","img":"https://fd14-photos.leclercdrive.fr/image.ashx?id=2476963&use=l&cat=p&typeid=i","cat":288993},{"id":3012,"n":"Sauce Fajitas Tables du Monde 430g","p":1.97,"u":"4,58 €/KG","img":"https://fd14-photos.leclercdrive.fr/image.ashx?id=2470228&use=l&cat=p&typeid=i","cat":288993},{"id":3013,"n":"Pain de mie 7 céréales Epi d'Or Grandes tranches - 550g","p":1.19,"u":"2,16 €/KG","img":"https://fd14-photos.leclercdrive.fr/image.ashx?id=1959532&use=l&cat=p&typeid=i","cat":284477},{"id":3028,"n":"Brioche tranchée Epi d'Or Pépites de chocolat 500g","p":2.09,"u":"4,18 €/KG","img":"https://fd14-photos.leclercdrive.fr/image.ashx?id=2867901&use=l&cat=p&typeid=i","cat":284478},{"id":3034,"n":"Fromage Parmesan Parmareggio 60g","p":1.45,"u":"24,17 €/KG","img":"https://fd14-photos.leclercdrive.fr/image.ashx?id=2975458&use=l&cat=p&typeid=i","cat":314035},{"id":3040,"n":"Beurre moulé bio Bio Village Doux - 82% MG - 250g","p":2.75,"u":"11,00 €/KG","img":"https://fd14-photos.leclercdrive.fr/image.ashx?id=2437052&use=l&cat=p&typeid=i","cat":284379},{"id":3041,"n":"Beurre moulé bio Bio Village Demi-sel - 80% MG - 250g","p":2.99,"u":"11,96 €/KG","img":"https://fd14-photos.leclercdrive.fr/image.ashx?id=2437055&use=l&cat=p&typeid=i","cat":284379},{"id":3044,"n":"Crème Anglaise Elle&Vire à la Vanille de Bourbon - 33cl","p":1.75,"u":"5,30 €/L","img":"https://fd14-photos.leclercdrive.fr/image.ashx?id=2816895&use=l&cat=p&typeid=i","cat":284382},{"id":3052,"n":"Dentifrice Menthe Fluoryl Gencives Sensibles - 75ml","p":1.98,"u":"26,40 €/L","img":"https://fd14-photos.leclercdrive.fr/image.ashx?id=2473312&use=l&cat=p&typeid=i","cat":284612},{"id":3066,"n":"Tampons Doulys avec applicateur Normal - x24","p":2.46,"u":"0,10 €/P","img":"https://fd14-photos.leclercdrive.fr/image.ashx?id=2965452&use=l&cat=p&typeid=i","cat":284626},{"id":3070,"n":"Serviette hygiénique Doulys Ultra - Normal+  - x14","p":1.29,"u":"0,09 €/P","img":"https://fd14-photos.leclercdrive.fr/image.ashx?id=2838915&use=l&cat=p&typeid=i","cat":284624},{"id":3072,"n":"Serviette hygiénique Doulys Maxi confort - Super - x16","p":1.45,"u":"0,09 €/P","img":"https://fd14-photos.leclercdrive.fr/image.ashx?id=2637844&use=l&cat=p&typeid=i","cat":284624},{"id":3089,"n":"Sauce Béchamel Elle&Vire au Lait Entier - 33cl","p":1.8,"u":"5,45 €/L","img":"https://fd14-photos.leclercdrive.fr/image.ashx?id=2835992&use=l&cat=p&typeid=i","cat":284382},{"id":3093,"n":"Cake fruits P'tit déli Tranché 300g","p":1.66,"u":"5,53 €/KG","img":"https://fd14-photos.leclercdrive.fr/image.ashx?id=2540942&use=l&cat=p&typeid=i","cat":284493},{"id":3101,"n":"Biscuits fourrés Chamonix LU Orange - 250g","p":1.52,"u":"6,08 €/KG","img":"https://fd14-photos.leclercdrive.fr/image.ashx?id=2982982&use=l&cat=p&typeid=i","cat":284489},{"id":3106,"n":"Biscuits Cookies P'tit Déli Noix coco Chocolat - 200g","p":1.39,"u":"6,95 €/KG","img":"https://fd14-photos.leclercdrive.fr/image.ashx?id=2171539&use=l&cat=p&typeid=i","cat":325066},{"id":3123,"n":"Plat bébé Blédina 8 mois  Pomme de terre poulet - 2x200g","p":2.8,"u":"7,00 €/KG","img":"https://fd14-photos.leclercdrive.fr/image.ashx?id=2975056&use=l&cat=p&typeid=i","cat":312236},{"id":3142,"n":"Café et Chicorée Soluble Ricoré  Original - 100g","p":2.75,"u":"27,50 €/KG","img":"https://fd14-photos.leclercdrive.fr/image.ashx?id=2951542&use=l&cat=p&typeid=i","cat":284843},{"id":3144,"n":"Chocolat Tablette d'Or noir Extra 47% cacao 3x100g","p":2.78,"u":"9,27 €/KG","img":"https://fd14-photos.leclercdrive.fr/image.ashx?id=2132292&use=l&cat=p&typeid=i","cat":284956},{"id":3147,"n":"Madeleines P'tit déli coquilles 500g","p":1.7,"u":"3,40 €/KG","img":"https://fd14-photos.leclercdrive.fr/image.ashx?id=2520301&use=l&cat=p&typeid=i","cat":284492},{"id":3152,"n":"Café Plantation  Kenya - 250g","p":3.87,"u":"15,48 €/KG","img":"https://fd14-photos.leclercdrive.fr/image.ashx?id=2607431&use=l&cat=p&typeid=i","cat":284750},{"id":3153,"n":"Café moulu Plantation  Tradition décaféiné - 250g","p":2.95,"u":"11,80 €/KG","img":"https://fd14-photos.leclercdrive.fr/image.ashx?id=2607407&use=l&cat=p&typeid=i","cat":284750},{"id":3158,"n":"Café moulu Plantation  doux - 2x250g","p":6.88,"u":"13,76 €/KG","img":"https://fd14-photos.leclercdrive.fr/image.ashx?id=2607428&use=l&cat=p&typeid=i","cat":284750},{"id":3166,"n":"Dessert fruitier pomme Douceur du Verger 16x100g","p":2.8,"u":"1,75 €/KG","img":"https://fd14-photos.leclercdrive.fr/image.ashx?id=3009776&use=l&cat=p&typeid=i","cat":284416},{"id":3171,"n":"Tortellini Turini Jambon cru - 250g","p":1.96,"u":"7,84 €/KG","img":"https://fd14-photos.leclercdrive.fr/image.ashx?id=2778039&use=l&cat=p&typeid=i","cat":333682},{"id":3186,"n":"Liquide vaisselle Visior citron 1,5L","p":2.15,"u":"1,43 €/L","img":"https://fd14-photos.leclercdrive.fr/image.ashx?id=2930852&use=l&cat=p&typeid=i","cat":284655},{"id":3195,"n":"Coton Primoplast prédécoupé 100g","p":0.7,"u":"7,00 €/KG","img":"https://fd14-photos.leclercdrive.fr/image.ashx?id=2856453&use=l&cat=p&typeid=i","cat":284630},{"id":3200,"n":"Petits pains grillés Epi d'Or  Froment - 225g","p":0.87,"u":"3,87 €/KG","img":"https://fd14-photos.leclercdrive.fr/image.ashx?id=2496410&use=l&cat=p&typeid=i","cat":284479},{"id":3212,"n":"Farine pour pain Francine Multi-céréales - 1,5kg","p":2.46,"u":"1,64 €/KG","img":"https://fd14-photos.leclercdrive.fr/image.ashx?id=2220611&use=l&cat=p&typeid=i","cat":284503},{"id":3220,"n":"Céréales Tipiak - Blé Maïs Soja Prêt en 4 min - 400g","p":1.27,"u":"3,18 €/KG","img":"https://fd14-photos.leclercdrive.fr/image.ashx?id=2989144&use=l&cat=p&typeid=i","cat":284429},{"id":3221,"n":"Purée pomme de terre Pom'lisse Nature - 8x125g - 1kg","p":3.19,"u":"3,19 €/KG","img":"https://fd14-photos.leclercdrive.fr/image.ashx?id=2929864&use=l&cat=p&typeid=i","cat":284431},{"id":3223,"n":"Pâtes capellini Panzani 500g","p":1.0,"u":"2,00 €/KG","img":"https://fd14-photos.leclercdrive.fr/image.ashx?id=2876038&use=l&cat=p&typeid=i","cat":284427},{"id":3224,"n":"Pâtes Barilla Spaghetti n°5 - 1kg","p":1.9,"u":"1,90 €/KG","img":"https://fd14-photos.leclercdrive.fr/image.ashx?id=2481182&use=l&cat=p&typeid=i","cat":284427},{"id":3225,"n":"Pâtes Lasagnes Panzani - 500G","p":1.7,"u":"3,40 €/KG","img":"https://fd14-photos.leclercdrive.fr/image.ashx?id=2896105&use=l&cat=p&typeid=i","cat":284427},{"id":3226,"n":"Pâtes cannelloni Panzani  A farcir - 250g","p":1.15,"u":"4,60 €/KG","img":"https://fd14-photos.leclercdrive.fr/image.ashx?id=2896108&use=l&cat=p&typeid=i","cat":284427},{"id":3233,"n":"Haricots verts Notre Jardin Extra fins - 220g","p":1.89,"u":"8,59 €/KG","img":"https://fd14-photos.leclercdrive.fr/image.ashx?id=1657519&use=l&cat=p&typeid=i","cat":312606},{"id":3239,"n":"Biscuit Petit beurre P'tit Déli Tablette chocolat noir - 150g","p":1.37,"u":"9,13 €/KG","img":"https://fd14-photos.leclercdrive.fr/image.ashx?id=1667209&use=l&cat=p&typeid=i","cat":284488},{"id":3240,"n":"Biscuit Petit beurre P'tit Déli Tablette lait noisette - 150g","p":1.61,"u":"10,73 €/KG","img":"https://fd14-photos.leclercdrive.fr/image.ashx?id=2523673&use=l&cat=p&typeid=i","cat":284488},{"id":3253,"n":"Escargots Maître Coquille De Bourgogne x48 - 355g","p":12.99,"u":"36,59 €/KG","img":"https://fd14-photos.leclercdrive.fr/image.ashx?id=1979671&use=l&cat=p&typeid=i","cat":319775},{"id":3255,"n":"Bûche glacée Eskiss Fruits exotiques - 570g","p":3.89,"u":"6,82 €/KG","img":"https://fd14-photos.leclercdrive.fr/image.ashx?id=2791260&use=l&cat=p&typeid=i","cat":284266},{"id":3256,"n":"Bûche glacée Eskiss Crème brulée - 527g","p":3.89,"u":"7,38 €/KG","img":"https://fd14-photos.leclercdrive.fr/image.ashx?id=2791257&use=l&cat=p&typeid=i","cat":284266},{"id":3257,"n":"Bûche glacée Eskiss 3 chocolats - 536g","p":3.49,"u":"6,51 €/KG","img":"https://fd14-photos.leclercdrive.fr/image.ashx?id=2791254&use=l&cat=p&typeid=i","cat":284266},{"id":3258,"n":"Champignons Paris Notre Jardin Pieds et morceaux - 460g","p":2.29,"u":"4,98 €/KG","img":"https://fd14-photos.leclercdrive.fr/image.ashx?id=2553893&use=l&cat=p&typeid=i","cat":312610},{"id":3260,"n":"Noix de Saint Jacques NRT de la baie de St-Brieuc - 300g","p":14.99,"u":"49,97 €/KG","img":"https://fd14-photos.leclercdrive.fr/image.ashx?id=2801064&use=l&cat=p&typeid=i","cat":319787},{"id":3262,"n":"Carottes Notre Jardin Extra-fines - 530g","p":1.69,"u":"3,19 €/KG","img":"https://fd14-photos.leclercdrive.fr/image.ashx?id=2987976&use=l&cat=p&typeid=i","cat":312607},{"id":3263,"n":"Champignons Paris Notre Jardin Entiers - 460g","p":2.69,"u":"5,85 €/KG","img":"https://fd14-photos.leclercdrive.fr/image.ashx?id=2553887&use=l&cat=p&typeid=i","cat":312610},{"id":3269,"n":"Coeurs de palmiers Notre Jardin Extra tendres - 220g","p":2.27,"u":"10,32 €/KG","img":"https://fd14-photos.leclercdrive.fr/image.ashx?id=836744&use=l&cat=p&typeid=i","cat":312611},{"id":3270,"n":"Coeurs de palmiers Notre Jardin Extra tendres - 250g","p":4.74,"u":"18,96 €/KG","img":"https://fd14-photos.leclercdrive.fr/image.ashx?id=2599137&use=l&cat=p&typeid=i","cat":312611},{"id":3272,"n":"Asperges blanches grosses Notre Jardin - 320g","p":3.49,"u":"10,91 €/KG","img":"https://fd14-photos.leclercdrive.fr/image.ashx?id=2049016&use=l&cat=p&typeid=i","cat":312611},{"id":3277,"n":"Chips à l'ancienne Pom'lisse Nature - 6x30g","p":1.58,"u":"8,78 €/KG","img":"https://fd14-photos.leclercdrive.fr/image.ashx?id=2657193&use=l&cat=p&typeid=i","cat":284447},{"id":3285,"n":"Vinaigre balsamique Rustica 50cl","p":1.57,"u":"3,14 €/L","img":"https://fd14-photos.leclercdrive.fr/image.ashx?id=2765701&use=l&cat=p&typeid=i","cat":298543},{"id":3288,"n":"Chocolats fourrés Mon Chéri  x35 - 368g","p":11.75,"u":"31,93 €/KG","img":"https://fd14-photos.leclercdrive.fr/image.ashx?id=2945002&use=l&cat=p&typeid=i","cat":327601},{"id":3292,"n":"Tomates pelées Notre Jardin Entières - 238g","p":0.85,"u":"3,57 €/KG","img":"https://fd14-photos.leclercdrive.fr/image.ashx?id=2190002&use=l&cat=p&typeid=i","cat":312608},{"id":3308,"n":"Pur jus de carotte Jafaden - 1L","p":2.29,"u":"2,29 €/L","img":"https://fd14-photos.leclercdrive.fr/image.ashx?id=2054948&use=l&cat=p&typeid=i","cat":284523},{"id":3309,"n":"Pur jus de pomme Jafaden 1L","p":1.34,"u":"1,34 €/L","img":"https://fd14-photos.leclercdrive.fr/image.ashx?id=2726697&use=l&cat=p&typeid=i","cat":284522},{"id":3310,"n":"Pur jus de pomme Bio Village Bio - 1L","p":1.49,"u":"1,49 €/L","img":"https://fd14-photos.leclercdrive.fr/image.ashx?id=2147432&use=l&cat=p&typeid=i","cat":284522},{"id":3311,"n":"Thé glacé Fresh Tea Pêche - 1,5L","p":1.25,"u":"0,83 €/L","img":"https://fd14-photos.leclercdrive.fr/image.ashx?id=2622242&use=l&cat=p&typeid=i","cat":295019},{"id":3316,"n":"Sirop Frucci Grenadine - 1L","p":2.76,"u":"2,76 €/L","img":"https://fd14-photos.leclercdrive.fr/image.ashx?id=2955659&use=l&cat=p&typeid=i","cat":295020},{"id":3338,"n":"Protège-slips Doulys Mince - Plié - x30","p":1.24,"u":"0,04 €/P","img":"https://fd14-photos.leclercdrive.fr/image.ashx?id=2824129&use=l&cat=p&typeid=i","cat":284625},{"id":3343,"n":"Vodka Poliakov 37.5%vol - 70cl","p":11.2,"u":"16,00 €/L","img":"https://fd14-photos.leclercdrive.fr/image.ashx?id=2810759&use=l&cat=p&typeid=i","cat":284550},{"id":3344,"n":"Nectar Jafaden Banane - 1L","p":2.09,"u":"2,09 €/L","img":"https://fd14-photos.leclercdrive.fr/image.ashx?id=2955698&use=l&cat=p&typeid=i","cat":284915},{"id":3345,"n":"Nectar Jafaden Poire - 1L","p":2.49,"u":"2,49 €/L","img":"https://fd14-photos.leclercdrive.fr/image.ashx?id=2955692&use=l&cat=p&typeid=i","cat":284915},{"id":3355,"n":"World Mix Haribo Sachet bonbons - 500g","p":2.77,"u":"5,54 €/KG","img":"https://fd14-photos.leclercdrive.fr/image.ashx?id=2805207&use=l&cat=p&typeid=i","cat":304250},{"id":3356,"n":"Banan's Haribo Sachet bonbons - 300g","p":1.4,"u":"4,67 €/KG","img":"https://fd14-photos.leclercdrive.fr/image.ashx?id=1739936&use=l&cat=p&typeid=i","cat":304250},{"id":3359,"n":"Compote Andros Pomme 750g","p":1.4,"u":"1,87 €/KG","img":"https://fd14-photos.leclercdrive.fr/image.ashx?id=2327716&use=l&cat=p&typeid=i","cat":284508},{"id":3361,"n":"Pâtée chats Gourmet gold Mousselines 4x85g","p":1.9,"u":"5,59 €/KG","img":"https://fd14-photos.leclercdrive.fr/image.ashx?id=2711103&use=l&cat=p&typeid=i","cat":285286},{"id":3364,"n":"Huile de douche Manava Bien être oriental 250ml","p":1.12,"u":"4,48 €/L","img":"https://fd14-photos.leclercdrive.fr/image.ashx?id=2809659&use=l&cat=p&typeid=i","cat":284594},{"id":3365,"n":"Gel douche et shampooing Carré Homme Dynamisante - 250ml","p":1.15,"u":"4,60 €/L","img":"https://fd14-photos.leclercdrive.fr/image.ashx?id=2910329&use=l&cat=p&typeid=i","cat":284619},{"id":3371,"n":"Kit Fajitas Tables du Monde 505g","p":2.79,"u":"5,52 €/KG","img":"https://fd14-photos.leclercdrive.fr/image.ashx?id=2679726&use=l&cat=p&typeid=i","cat":288993},{"id":3373,"n":"Tortillas Tables du Monde Galettes de blé x8 320g","p":1.71,"u":"5,34 €/KG","img":"https://fd14-photos.leclercdrive.fr/image.ashx?id=2679729&use=l&cat=p&typeid=i","cat":288993},{"id":3375,"n":"Lingettes bébé Mots d'Enfants Toilettes fruits rouges - x60","p":1.6,"u":"0,03 €/P","img":"https://fd14-photos.leclercdrive.fr/image.ashx?id=2856465&use=l&cat=p&typeid=i","cat":284738},{"id":3376,"n":"Café moulu Bio Village Bio  Pérou - 250g","p":3.68,"u":"14,72 €/KG","img":"https://fd14-photos.leclercdrive.fr/image.ashx?id=2552436&use=l&cat=p&typeid=i","cat":284750},{"id":3387,"n":"Gel à raser Carré Homme Vitaminé protecteur 200ml","p":1.89,"u":"9,45 €/L","img":"https://fd14-photos.leclercdrive.fr/image.ashx?id=2704642&use=l&cat=p&typeid=i","cat":284617},{"id":3393,"n":"Dentifrice Protection Signal Caries 100ml","p":1.15,"u":"11,50 €/L","img":"https://fd14-photos.leclercdrive.fr/image.ashx?id=2961810&use=l&cat=p&typeid=i","cat":284612},{"id":3395,"n":"Dentifrice Dentamyl Aux plantes 75ml","p":0.65,"u":"8,67 €/L","img":"https://fd14-photos.leclercdrive.fr/image.ashx?id=2489104&use=l&cat=p&typeid=i","cat":284612},{"id":3396,"n":"Dentifrice Dentamyl Haleine fraîche 75ml","p":0.78,"u":"10,40 €/L","img":"https://fd14-photos.leclercdrive.fr/image.ashx?id=2489101&use=l&cat=p&typeid=i","cat":284612},{"id":3401,"n":"Serviette hygiénique Doulys Maxi - Spécial nuit - x12","p":0.95,"u":"0,08 €/P","img":"https://fd14-photos.leclercdrive.fr/image.ashx?id=2838927&use=l&cat=p&typeid=i","cat":284624},{"id":3416,"n":"Ratatouille Notre Jardin A la provençale - 750g","p":1.29,"u":"1,72 €/KG","img":"https://fd14-photos.leclercdrive.fr/image.ashx?id=2526291&use=l&cat=p&typeid=i","cat":312612},{"id":3424,"n":"Plat moussaka Côté table 850g","p":4.51,"u":"5,31 €/KG","img":"https://fd14-photos.leclercdrive.fr/image.ashx?id=2045175&use=l&cat=p&typeid=i","cat":284254},{"id":3428,"n":"Feuilletés paniers Côté Table St Jacques Fruits de mer 4x100g","p":4.35,"u":"10,88 €/KG","img":"https://fd14-photos.leclercdrive.fr/image.ashx?id=2549379&use=l&cat=p&typeid=i","cat":319776},{"id":3441,"n":"AOP Freixenet Cava Cordon Negro Brut - 75cl","p":5.7,"u":"7,60 €/L","img":"https://fd14-photos.leclercdrive.fr/image.ashx?id=3011929&use=l&cat=p&typeid=i","cat":289461},{"id":3455,"n":"Saumon et torsades Côté Table  Sauce à l'oseille - 300g","p":2.59,"u":"8,63 €/KG","img":"https://fd14-photos.leclercdrive.fr/image.ashx?id=2499480&use=l&cat=p&typeid=i","cat":284953},{"id":3459,"n":"Petit Pois et Carottes Cassegrain 465g","p":2.6,"u":"5,59 €/KG","img":"https://fd14-photos.leclercdrive.fr/image.ashx?id=2912971&use=l&cat=p&typeid=i","cat":312607},{"id":3517,"n":"Bonbons Haribo Réglisse Carensac - 250g","p":1.6,"u":"6,40 €/KG","img":"https://fd14-photos.leclercdrive.fr/image.ashx?id=2982405&use=l&cat=p&typeid=i","cat":304250},{"id":3520,"n":"Boîtes chiens Lydog Terrines Viande volaille - 4x405g","p":3.48,"u":"2,15 €/KG","img":"https://fd14-photos.leclercdrive.fr/image.ashx?id=2551966&use=l&cat=p&typeid=i","cat":288578},{"id":3528,"n":"Gel arnica Mercurochrome 75ml","p":2.75,"u":"36,67 €/L","img":"https://fd14-photos.leclercdrive.fr/image.ashx?id=2663989&use=l&cat=p&typeid=i","cat":284630},{"id":3550,"n":"AOP Côtes de Provence rosé Billette Bouquet - 75cl","p":5.2,"u":"6,93 €/L","img":"https://fd14-photos.leclercdrive.fr/image.ashx?id=2625433&use=l&cat=p&typeid=i","cat":289558},{"id":3564,"n":"Vin de l'Union Européenne  La Villageoise - 6x25cl","p":4.1,"u":"2,73 €/L","img":"https://fd14-photos.leclercdrive.fr/image.ashx?id=2731651&use=l&cat=p&typeid=i","cat":289557},{"id":3570,"n":"Concentré à diluer Pulco Citron - 70cl","p":2.25,"u":"3,21 €/L","img":"https://fd14-photos.leclercdrive.fr/image.ashx?id=2687845&use=l&cat=p&typeid=i","cat":295020},{"id":3571,"n":"Nectar Jafaden Abricot - 1L","p":2.59,"u":"2,59 €/L","img":"https://fd14-photos.leclercdrive.fr/image.ashx?id=2956026&use=l&cat=p&typeid=i","cat":284915},{"id":3575,"n":"Litière chats Tous mes Amis Végétale - 10L","p":3.96,"u":"0,40 €/L","img":"https://fd14-photos.leclercdrive.fr/image.ashx?id=2055217&use=l&cat=p&typeid=i","cat":284683},{"id":3587,"n":"AOP Bordeaux rouge Blaissac - 75cl","p":3.7,"u":"4,93 €/L","img":"https://fd14-photos.leclercdrive.fr/image.ashx?id=2917429&use=l&cat=p&typeid=i","cat":289556},{"id":3588,"n":"IGP Pays d'Oc rouge Roche Mazet Cabernet Sauvignon 12.5% 75cl","p":3.0,"pp":2.25,"u":"3,00 €/L","img":"https://fd14-photos.leclercdrive.fr/image.ashx?id=2333000&use=l&cat=p&typeid=i","cat":289556},{"id":3589,"n":"IGP Pays d'Oc rouge Roche Mazet Merlot - 75cl","p":2.95,"u":"3,93 €/L","img":"https://fd14-photos.leclercdrive.fr/image.ashx?id=2332997&use=l&cat=p&typeid=i","cat":289556},{"id":3593,"n":"Vin d'Italie rouge pétillant Vilaveroni Lambrusco- 75cl","p":3.8,"u":"5,07 €/L","img":"https://fd14-photos.leclercdrive.fr/image.ashx?id=2333021&use=l&cat=p&typeid=i","cat":289556},{"id":3599,"n":"IGP Pays d'Oc rosé Listel Grain De gris 12.5% vol - 75cl","p":3.5,"u":"4,67 €/L","img":"https://fd14-photos.leclercdrive.fr/image.ashx?id=2556135&use=l&cat=p&typeid=i","cat":289558},{"id":3604,"n":"Allume-feu Silex cubes x28 200g","p":1.11,"u":"5,55 €/KG","img":"https://fd14-photos.leclercdrive.fr/image.ashx?id=2558781&use=l&cat=p&typeid=i","cat":300578},{"id":3609,"n":"Petit Pois Cassegrain Tendres et Fondants 495g","p":2.65,"u":"5,35 €/KG","img":"https://fd14-photos.leclercdrive.fr/image.ashx?id=2912962&use=l&cat=p&typeid=i","cat":312607},{"id":3610,"n":"Petits pois Notre Jardin A l'étuvée -Extra fins - 3x140g","p":1.57,"u":"3,74 €/KG","img":"https://fd14-photos.leclercdrive.fr/image.ashx?id=2537343&use=l&cat=p&typeid=i","cat":312607},{"id":3617,"n":"Galettes de riz bio Bio Village Complet x17 - 130g","p":0.84,"u":"6,46 €/KG","img":"https://fd14-photos.leclercdrive.fr/image.ashx?id=2816151&use=l&cat=p&typeid=i","cat":318651},{"id":3621,"n":"Pansements Mercurochrome Ampoules x10","p":3.99,"img":"https://fd14-photos.leclercdrive.fr/image.ashx?id=2862143&use=l&cat=p&typeid=i","cat":284630},{"id":3622,"n":"Alcool modifié Mercurochrome 90° - 100ml","p":2.4,"u":"24,00 €/L","img":"https://fd14-photos.leclercdrive.fr/image.ashx?id=2663977&use=l&cat=p&typeid=i","cat":284630},{"id":3633,"n":"Colin d'Alaska Pêche Océan x10 tranches - MSC - 1kg","p":8.59,"u":"8,59 €/KG","img":"https://fd14-photos.leclercdrive.fr/image.ashx?id=2930096&use=l&cat=p&typeid=i","cat":319786},{"id":3641,"n":"Fromage Apéritif Apérivrais  Saveurs d'Italie - 100g","p":2.08,"u":"20,80 €/KG","img":"https://fd14-photos.leclercdrive.fr/image.ashx?id=2944705&use=l&cat=p&typeid=i","cat":314027},{"id":3649,"n":"AOP Asti Vilaveroni 75cl","p":5.8,"pp":3.83,"u":"5,11 €/L","img":"https://fd14-photos.leclercdrive.fr/image.ashx?id=2337558&use=l&cat=p&typeid=i","cat":289461},{"id":3665,"n":"Beurrier Président Demi-sel - 80% MG - 250g","p":3.1,"u":"12,40 €/KG","img":"https://fd14-photos.leclercdrive.fr/image.ashx?id=2731849&use=l&cat=p&typeid=i","cat":284379},{"id":3668,"n":"Faisselle Rians - 6%mg - 1kg","p":2.75,"u":"2,75 €/KG","img":"https://fd14-photos.leclercdrive.fr/image.ashx?id=2659629&use=l&cat=p&typeid=i","cat":284409},{"id":3684,"n":"Eau gazeuse Rozana 6x1L","p":2.65,"u":"0,44 €/L","img":"https://fd14-photos.leclercdrive.fr/image.ashx?id=2870602&use=l&cat=p&typeid=i","cat":284536},{"id":3688,"n":"Ile gourmande Yoplait Vanille - 6x101g","p":2.75,"u":"4,54 €/KG","img":"https://fd14-photos.leclercdrive.fr/image.ashx?id=2731654&use=l&cat=p&typeid=i","cat":284419},{"id":3694,"n":"Pâtes Torti Legumes Panzani - 500G","p":1.25,"u":"2,50 €/KG","img":"https://fd14-photos.leclercdrive.fr/image.ashx?id=2876032&use=l&cat=p&typeid=i","cat":284427},{"id":3699,"n":"Café moulu Bio Village Bio Amérique latine - 250g","p":5.3,"u":"21,20 €/KG","img":"https://fd14-photos.leclercdrive.fr/image.ashx?id=2603713&use=l&cat=p&typeid=i","cat":284750},{"id":3705,"n":"Collants Well Elastivoile Résistant ibiza T3","p":3.5,"img":"https://fd14-photos.leclercdrive.fr/image.ashx?id=2560843&use=l&cat=p&typeid=i","cat":334130},{"id":3712,"n":"Emincé poulet Côté Table Sauce curry - 300g","p":1.98,"u":"6,60 €/KG","img":"https://fd14-photos.leclercdrive.fr/image.ashx?id=2393857&use=l&cat=p&typeid=i","cat":284953},{"id":3713,"n":"Huile d'olive Rustica Vierge extra - 50cl","p":4.8,"u":"9,60 €/L","img":"https://fd14-photos.leclercdrive.fr/image.ashx?id=2898014&use=l&cat=p&typeid=i","cat":284453},{"id":3714,"n":"Serviette hygiénique Doulys Ultra minces - Normal - x16","p":1.03,"u":"0,06 €/P","img":"https://fd14-photos.leclercdrive.fr/image.ashx?id=2838924&use=l&cat=p&typeid=i","cat":284624},{"id":3716,"n":"Pizza cuite sur pierre Turini Royale - 400g","p":1.99,"u":"4,98 €/KG","img":"https://fd14-photos.leclercdrive.fr/image.ashx?id=2815205&use=l&cat=p&typeid=i","cat":284256},{"id":3719,"n":"Gomme Coiffante L'Oréal Paris Effet Remodelable - 150ml","p":3.51,"u":"23,40 €/L","img":"https://fd14-photos.leclercdrive.fr/image.ashx?id=2614194&use=l&cat=p&typeid=i","cat":284609},{"id":3741,"n":"Biscottes fourrées Cracotte LU  Fraise - 200g","p":1.83,"u":"9,15 €/KG","img":"https://fd14-photos.leclercdrive.fr/image.ashx?id=3004807&use=l&cat=p&typeid=i","cat":284479},{"id":3743,"n":"Mini brownie Brossard Chocolat pépites x8 - 240g","p":2.55,"u":"10,63 €/KG","img":"https://fd14-photos.leclercdrive.fr/image.ashx?id=2965100&use=l&cat=p&typeid=i","cat":294776},{"id":3748,"n":"Soufflés Grignot' Tokapi  Saveur Fromage - 90g","p":0.72,"u":"8,00 €/KG","img":"https://fd14-photos.leclercdrive.fr/image.ashx?id=1870921&use=l&cat=p&typeid=i","cat":284449},{"id":3755,"n":"Mini-flûtes feuilletées Tokapi Emmental - 100g","p":1.38,"u":"13,80 €/KG","img":"https://fd14-photos.leclercdrive.fr/image.ashx?id=2374652&use=l&cat=p&typeid=i","cat":297000},{"id":3756,"n":"Mélange Exotique Tokapi  Bananes et papaye - 120g","p":1.47,"u":"12,25 €/KG","img":"https://fd14-photos.leclercdrive.fr/image.ashx?id=2793991&use=l&cat=p&typeid=i","cat":284448},{"id":3775,"n":"Feuilletés paniers Côté Table Fromage de chèvre - 4x100g","p":2.95,"u":"7,38 €/KG","img":"https://fd14-photos.leclercdrive.fr/image.ashx?id=2549385&use=l&cat=p&typeid=i","cat":319776},{"id":3777,"n":"Légumes couscous Notre jardin 1kg","p":1.99,"u":"1,99 €/KG","img":"https://fd14-photos.leclercdrive.fr/image.ashx?id=2900031&use=l&cat=p&typeid=i","cat":319823},{"id":3789,"n":"Pavés de saumon Pêche Océan ASC - 2x125g","p":6.19,"u":"24,76 €/KG","img":"https://fd14-photos.leclercdrive.fr/image.ashx?id=2930102&use=l&cat=p&typeid=i","cat":319786},{"id":3794,"n":"Poisson pané Pêche Océan - MSC Colin d'alaska - x8 - 400g","p":2.79,"u":"6,98 €/KG","img":"https://fd14-photos.leclercdrive.fr/image.ashx?id=2930090&use=l&cat=p&typeid=i","cat":319788},{"id":3795,"n":"Poisson pané Pêche Océan Cabillaud - MSC - x8 400g","p":4.45,"u":"11,13 €/KG","img":"https://fd14-photos.leclercdrive.fr/image.ashx?id=2930093&use=l&cat=p&typeid=i","cat":319788},{"id":3820,"n":"Sandwich XXL Daunat Jambon emmental - 230g","p":2.1,"u":"9,13 €/KG","img":"https://fd14-photos.leclercdrive.fr/image.ashx?id=2892700&use=l&cat=p&typeid=i","cat":333658},{"id":3823,"n":"Wings poulet Maître coq nature 400g","p":4.5,"u":"11,25 €/KG","img":"https://fd14-photos.leclercdrive.fr/image.ashx?id=2101438&use=l&cat=p&typeid=i","cat":333685},{"id":3824,"n":"Sandwich triangle Daunat Jambon emmental - 160g","p":1.45,"u":"9,06 €/KG","img":"https://fd14-photos.leclercdrive.fr/image.ashx?id=2892694&use=l&cat=p&typeid=i","cat":333658},{"id":3828,"n":"Pansements Mercurochrome Economiques x20","p":2.1,"img":"https://fd14-photos.leclercdrive.fr/image.ashx?id=2748269&use=l&cat=p&typeid=i","cat":284630},{"id":3862,"n":"Cacahuètes grillées Tokapi Salées - 500g","p":1.44,"u":"2,88 €/KG","img":"https://fd14-photos.leclercdrive.fr/image.ashx?id=2795532&use=l&cat=p&typeid=i","cat":284448},{"id":3864,"n":"Jus multifruits Jafaden 12 fruits - 1L","p":1.33,"u":"1,33 €/L","img":"https://fd14-photos.leclercdrive.fr/image.ashx?id=2461387&use=l&cat=p&typeid=i","cat":284917},{"id":3871,"n":"Pain grillé Pelletier Blé complet - 500g","p":1.9,"u":"3,80 €/KG","img":"https://fd14-photos.leclercdrive.fr/image.ashx?id=2345376&use=l&cat=p&typeid=i","cat":284479},{"id":3946,"n":"Pâtes Barilla Spaghettoni n°7 - 500g","p":0.95,"u":"1,90 €/KG","img":"https://fd14-photos.leclercdrive.fr/image.ashx?id=2392221&use=l&cat=p&typeid=i","cat":284427},{"id":3951,"n":"Sucre vanillé Tablier blanc x10 75g","p":0.79,"u":"10,53 €/KG","img":"https://fd14-photos.leclercdrive.fr/image.ashx?id=2487431&use=l&cat=p&typeid=i","cat":294686},{"id":3952,"n":"Sucre Confisuc Saint Louis Spécial confiture - 1kg","p":1.75,"u":"1,75 €/KG","img":"https://fd14-photos.leclercdrive.fr/image.ashx?id=2019969&use=l&cat=p&typeid=i","cat":284502},{"id":3960,"n":"Haricots Mungo  Notre Jardin 3x90g","p":1.99,"u":"7,37 €/KG","img":"https://fd14-photos.leclercdrive.fr/image.ashx?id=2174678&use=l&cat=p&typeid=i","cat":312611},{"id":3964,"n":"Biscottes Cracotte LU  Froment - 500g","p":2.71,"u":"5,42 €/KG","img":"https://fd14-photos.leclercdrive.fr/image.ashx?id=2679867&use=l&cat=p&typeid=i","cat":284479},{"id":3980,"n":"Sauce bolognaise Turini 680g","p":2.44,"u":"3,59 €/KG","img":"https://fd14-photos.leclercdrive.fr/image.ashx?id=2634863&use=l&cat=p&typeid=i","cat":287599},{"id":3983,"n":"Flageolets verts Notre Jardin Extra fins - 3x130g","p":1.99,"u":"5,10 €/KG","img":"https://fd14-photos.leclercdrive.fr/image.ashx?id=2573199&use=l&cat=p&typeid=i","cat":312606},{"id":3989,"n":"Soda Jean's Cola  2L","p":1.5,"u":"0,75 €/L","img":"https://fd14-photos.leclercdrive.fr/image.ashx?id=2637868&use=l&cat=p&typeid=i","cat":284530},{"id":3991,"n":"Tarte aux 3 fromages Côté Table - 400g","p":2.79,"u":"6,98 €/KG","img":"https://fd14-photos.leclercdrive.fr/image.ashx?id=2791707&use=l&cat=p&typeid=i","cat":284257},{"id":3994,"n":"Tourte Côté Table Champignon jambon - 500g","p":4.5,"u":"9,00 €/KG","img":"https://fd14-photos.leclercdrive.fr/image.ashx?id=2791680&use=l&cat=p&typeid=i","cat":284257},{"id":3996,"n":"Hachis parmentier Côté table 600g","p":3.29,"u":"5,48 €/KG","img":"https://fd14-photos.leclercdrive.fr/image.ashx?id=2045181&use=l&cat=p&typeid=i","cat":284254},{"id":3997,"n":"Hachis parmentier Côté table 1kg","p":4.49,"u":"4,49 €/KG","img":"https://fd14-photos.leclercdrive.fr/image.ashx?id=2045172&use=l&cat=p&typeid=i","cat":284254},{"id":3998,"n":"Frites allumettes Pom'lisse Au four - 600g","p":1.25,"u":"2,08 €/KG","img":"https://fd14-photos.leclercdrive.fr/image.ashx?id=2699666&use=l&cat=p&typeid=i","cat":319791},{"id":4000,"n":"Quiche lorraine Côté Table Mini - 8x100g","p":6.28,"u":"7,85 €/KG","img":"https://fd14-photos.leclercdrive.fr/image.ashx?id=2898023&use=l&cat=p&typeid=i","cat":284257},{"id":4003,"n":"Coquilles Saint-Jacques NRT baie de St-Brieuc x2 - 200g","p":6.55,"u":"32,75 €/KG","img":"https://fd14-photos.leclercdrive.fr/image.ashx?id=2839956&use=l&cat=p&typeid=i","cat":319775},{"id":4007,"n":"Macédoine légumes Notre jardin 1kg","p":1.69,"u":"1,69 €/KG","img":"https://fd14-photos.leclercdrive.fr/image.ashx?id=2873075&use=l&cat=p&typeid=i","cat":319823},{"id":4008,"n":"Julienne légumes Notre jardin 600g","p":1.39,"u":"2,32 €/KG","img":"https://fd14-photos.leclercdrive.fr/image.ashx?id=2900073&use=l&cat=p&typeid=i","cat":319823},{"id":4009,"n":"Printanière légumes Notre jardin 1kg","p":1.47,"u":"1,47 €/KG","img":"https://fd14-photos.leclercdrive.fr/image.ashx?id=2873030&use=l&cat=p&typeid=i","cat":319823},{"id":4022,"n":"Fricassée de poulet Côté table Riz et légumes 900g","p":6.52,"u":"7,24 €/KG","img":"https://fd14-photos.leclercdrive.fr/image.ashx?id=2549370&use=l&cat=p&typeid=i","cat":284254},{"id":4024,"n":"Sauce crudité Rustica Nature - 50cl","p":0.88,"u":"1,76 €/L","img":"https://fd14-photos.leclercdrive.fr/image.ashx?id=1972910&use=l&cat=p&typeid=i","cat":284456},{"id":4025,"n":"Pois chiches Notre Jardin 530g","p":1.19,"u":"2,25 €/KG","img":"https://fd14-photos.leclercdrive.fr/image.ashx?id=2448971&use=l&cat=p&typeid=i","cat":312609},{"id":4026,"n":"Cuisses poulet rôti Le gaulois x2 - 350g","p":3.95,"u":"11,29 €/KG","img":"https://fd14-photos.leclercdrive.fr/image.ashx?id=2277122&use=l&cat=p&typeid=i","cat":284336},{"id":4028,"n":"Filets poulet rôti Le gaulois 230g","p":3.95,"u":"17,17 €/KG","img":"https://fd14-photos.leclercdrive.fr/image.ashx?id=2686879&use=l&cat=p&typeid=i","cat":284336},{"id":4069,"n":"Figues lerida Domino  500g","p":5.39,"pp":3.56,"u":"7,12 €/KG","img":"https://fd14-photos.leclercdrive.fr/image.ashx?id=2089916&use=l&cat=p&typeid=i","cat":284357},{"id":4101,"n":"Pâtes coquillettes Panzani 1kg","p":1.75,"u":"1,75 €/KG","img":"https://fd14-photos.leclercdrive.fr/image.ashx?id=2873823&use=l&cat=p&typeid=i","cat":284427},{"id":4120,"n":"Bouchées chocolatées Mon Chéri Liqueur cerise x16 - 168g","p":5.1,"u":"30,36 €/KG","img":"https://fd14-photos.leclercdrive.fr/image.ashx?id=2964018&use=l&cat=p&typeid=i","cat":327601},{"id":4249,"n":"Crème glacée Eskiss Chocolat noir - 494g","p":2.25,"u":"4,55 €/KG","img":"https://fd14-photos.leclercdrive.fr/image.ashx?id=2698162&use=l&cat=p&typeid=i","cat":284263},{"id":4250,"n":"Crème glacée Eskiss Café - 494g","p":2.15,"u":"4,35 €/KG","img":"https://fd14-photos.leclercdrive.fr/image.ashx?id=3002545&use=l&cat=p&typeid=i","cat":284263},{"id":4258,"n":"Glace Tyrolia Eskiss 320g","p":1.98,"u":"6,19 €/KG","img":"https://fd14-photos.leclercdrive.fr/image.ashx?id=2075663&use=l&cat=p&typeid=i","cat":284266},{"id":4259,"n":"Pâtes spaghetti Panzani 1kg","p":1.73,"u":"1,73 €/KG","img":"https://fd14-photos.leclercdrive.fr/image.ashx?id=2869555&use=l&cat=p&typeid=i","cat":284427},{"id":4262,"n":"Thon en tranche  Pêche Océan Naturel - 140g","p":2.05,"u":"14,64 €/KG","img":"https://fd14-photos.leclercdrive.fr/image.ashx?id=2941387&use=l&cat=p&typeid=i","cat":303867},{"id":4290,"n":"Marrons entiers Notre Jardin - 510g","p":5.19,"u":"10,18 €/KG","img":"https://fd14-photos.leclercdrive.fr/image.ashx?id=2263143&use=l&cat=p&typeid=i","cat":312612},{"id":4327,"n":"Collants Well Elastivoile Satiné ibiza T3","p":4.4,"img":"https://fd14-photos.leclercdrive.fr/image.ashx?id=2056383&use=l&cat=p&typeid=i","cat":334130},{"id":4328,"n":"Collants Well Elastivoile Satiné ibiza T4","p":4.4,"img":"https://fd14-photos.leclercdrive.fr/image.ashx?id=2056386&use=l&cat=p&typeid=i","cat":334130},{"id":4346,"n":"Crêpes Côté Table Fromage x6 - 300g","p":1.7,"u":"5,67 €/KG","img":"https://fd14-photos.leclercdrive.fr/image.ashx?id=2932399&use=l&cat=p&typeid=i","cat":319776},{"id":4367,"n":"Papier toilette Uni Vert Compact écologique - x4","p":3.29,"u":"0,82 €/P","img":"https://fd14-photos.leclercdrive.fr/image.ashx?id=1957072&use=l&cat=p&typeid=i","cat":284634},{"id":4369,"n":"Gel wc menthe pin Uni Vert 750ml","p":1.62,"u":"2,16 €/L","img":"https://fd14-photos.leclercdrive.fr/image.ashx?id=2965446&use=l&cat=p&typeid=i","cat":284662},{"id":4381,"n":"Safran poudre Rustica 3 doses de 0,1g","p":2.96,"img":"https://fd14-photos.leclercdrive.fr/image.ashx?id=1209710&use=l&cat=p&typeid=i","cat":298297},{"id":4407,"n":"Biscuits duo glacier P'tit Déli 100g","p":1.25,"u":"12,50 €/KG","img":"https://fd14-photos.leclercdrive.fr/image.ashx?id=2874687&use=l&cat=p&typeid=i","cat":284487},{"id":4412,"n":"Boisson énergisante Red Bull 250ml","p":1.1,"u":"4,40 €/L","img":"https://fd14-photos.leclercdrive.fr/image.ashx?id=2340300&use=l&cat=p&typeid=i","cat":284533},{"id":4417,"n":"Sauce Fondue d'échalote Charal 100g","p":1.65,"u":"16,50 €/KG","img":"https://fd14-photos.leclercdrive.fr/image.ashx?id=2859251&use=l&cat=p&typeid=i","cat":284382},{"id":4423,"n":"Sauce béarnaise Charal 120g","p":1.85,"u":"15,42 €/KG","img":"https://fd14-photos.leclercdrive.fr/image.ashx?id=2105011&use=l&cat=p&typeid=i","cat":284382},{"id":4425,"n":"Sauce aux 3 poivres Charal 2 personnes - 120g","p":1.85,"u":"15,42 €/KG","img":"https://fd14-photos.leclercdrive.fr/image.ashx?id=2105014&use=l&cat=p&typeid=i","cat":284382},{"id":4426,"n":"Sauce au Roquefort Charal 2 personnes - 120g","p":1.85,"u":"15,42 €/KG","img":"https://fd14-photos.leclercdrive.fr/image.ashx?id=2881329&use=l&cat=p&typeid=i","cat":284382},{"id":4427,"n":"Sauce Forestière Charal 2 personnes - 120g","p":1.9,"u":"15,83 €/KG","img":"https://fd14-photos.leclercdrive.fr/image.ashx?id=2558957&use=l&cat=p&typeid=i","cat":284382},{"id":4431,"n":"Plumeaux Clair jetables Avec poignée x5","p":3.03,"img":"https://fd14-photos.leclercdrive.fr/image.ashx?id=2832924&use=l&cat=p&typeid=i","cat":325364},{"id":4454,"n":"Entrecôte de boeuf *** à griller - 200g","p":4.78,"u":"23,90 €/KG","img":"https://fd14-photos.leclercdrive.fr/image.ashx?id=760101&use=l&cat=p&typeid=i","cat":284328},{"id":4469,"n":"Combustible poêle pétrole PTX 2000 20L","p":21.85,"u":"1,09 €/L","img":"https://fd14-photos.leclercdrive.fr/image.ashx?id=2798328&use=l&cat=p&typeid=i","cat":300577},{"id":4515,"n":"Pansements Primoplast Pré-découpés x100","p":2.97,"img":"https://fd14-photos.leclercdrive.fr/image.ashx?id=2856459&use=l&cat=p&typeid=i","cat":284630},{"id":4518,"n":"Pomme de terre de consommation N.Jardin entières, épluch. 500g","p":1.99,"u":"3,98 €/KG","img":"https://fd14-photos.leclercdrive.fr/image.ashx?id=2694088&use=l&cat=p&typeid=i","cat":284352},{"id":4519,"n":"Bande à découper Primoplast Multi-usages - 10x6cm","p":0.7,"img":"https://fd14-photos.leclercdrive.fr/image.ashx?id=2885560&use=l&cat=p&typeid=i","cat":284630},{"id":4523,"n":"Côte de veau *** à griller           x2 - 360g","p":6.8,"u":"18,89 €/KG","img":"https://fd14-photos.leclercdrive.fr/image.ashx?id=621178&use=l&cat=p&typeid=i","cat":284329},{"id":4524,"n":"Filtre café Eco+ N°4 - x100","p":1.19,"u":"0,01 €/P","img":"https://fd14-photos.leclercdrive.fr/image.ashx?id=2593806&use=l&cat=p&typeid=i","cat":284751},{"id":4538,"n":"Crème pieds Scholl Réparatrice - 75ml","p":3.05,"u":"40,67 €/L","img":"https://fd14-photos.leclercdrive.fr/image.ashx?id=3011803&use=l&cat=p&typeid=i","cat":325354},{"id":4543,"n":"Gel Lubrifiant Intime Durex Sensitive base Eau 50ml","p":4.39,"u":"87,80 €/L","img":"https://fd14-photos.leclercdrive.fr/image.ashx?id=2961200&use=l&cat=p&typeid=i","cat":285160},{"id":4595,"n":"Tartelettes aux pommes  2x1p","p":2.5,"u":"1,25 €/P","img":"https://fd14-photos.leclercdrive.fr/image.ashx?id=563306&use=l&cat=p&typeid=i","cat":284360},{"id":4624,"n":"Dattes Couleurs Vives 500g","p":2.75,"u":"5,50 €/KG","img":"https://fd14-photos.leclercdrive.fr/image.ashx?id=2542926&use=l&cat=p&typeid=i","cat":284357},{"id":4626,"n":"Vinaigrette Rustica Nature - 50cl","p":0.88,"u":"1,76 €/L","img":"https://fd14-photos.leclercdrive.fr/image.ashx?id=1972898&use=l&cat=p&typeid=i","cat":284456},{"id":4628,"n":"Moutarde de Dijon Rustica  Fine et forte - 440g","p":1.13,"u":"2,57 €/KG","img":"https://fd14-photos.leclercdrive.fr/image.ashx?id=1961413&use=l&cat=p&typeid=i","cat":288850},{"id":4629,"n":"Moutarde à l'ancienne Rustica Vinaigre - 350g","p":1.12,"u":"3,20 €/KG","img":"https://fd14-photos.leclercdrive.fr/image.ashx?id=2055467&use=l&cat=p&typeid=i","cat":288850},{"id":4640,"n":"Petits pois carottes Notre Jard Extra fins - 420g","p":1.35,"u":"3,21 €/KG","img":"https://fd14-photos.leclercdrive.fr/image.ashx?id=2987943&use=l&cat=p&typeid=i","cat":312607},{"id":4641,"n":"Croquettes chaton Purina One Junior - Poulet/Céréales - 450g","p":2.55,"u":"5,67 €/KG","img":"https://fd14-photos.leclercdrive.fr/image.ashx?id=2499883&use=l&cat=p&typeid=i","cat":284680},{"id":4667,"n":"Yaourts Mamie Nova Ananas passion - 2x150g","p":1.3,"u":"4,33 €/KG","img":"https://fd14-photos.leclercdrive.fr/image.ashx?id=2886960&use=l&cat=p&typeid=i","cat":284410},{"id":4679,"n":"Gel WC nettoyant Syphon Javel eucalyptus - 750ml","p":0.87,"u":"1,16 €/L","img":"https://fd14-photos.leclercdrive.fr/image.ashx?id=2663359&use=l&cat=p&typeid=i","cat":284662},{"id":4682,"n":"Petits pois Notre Jardin A l'étuvée - Extra fins - 445g","p":1.29,"u":"2,90 €/KG","img":"https://fd14-photos.leclercdrive.fr/image.ashx?id=2987940&use=l&cat=p&typeid=i","cat":312607},{"id":4705,"n":"Champignon de Paris Barquette  500g","p":2.49,"u":"4,98 €/KG","img":"https://fd14-photos.leclercdrive.fr/image.ashx?id=1631898&use=l&cat=p&typeid=i","cat":284352},{"id":4766,"n":"Gazpacho Notre Jardin 1L","p":2.47,"u":"2,47 €/L","img":"https://fd14-photos.leclercdrive.fr/image.ashx?id=2794832&use=l&cat=p&typeid=i","cat":284355},{"id":4852,"n":"Thon blanc Petit Navire Au naturel - 140g","p":3.15,"u":"22,50 €/KG","img":"https://fd14-photos.leclercdrive.fr/image.ashx?id=2570996&use=l&cat=p&typeid=i","cat":303867},{"id":4863,"n":"Tampons Doulys Digitaux Normal - x24","p":1.24,"u":"0,05 €/P","img":"https://fd14-photos.leclercdrive.fr/image.ashx?id=2965401&use=l&cat=p&typeid=i","cat":284626},{"id":4876,"n":"Petits pots bébé NATURNES Carottes 4M+ - 2x130g","p":1.05,"u":"4,04 €/KG","img":"https://fd14-photos.leclercdrive.fr/image.ashx?id=2522398&use=l&cat=p&typeid=i","cat":312234},{"id":4877,"n":"Petits pots bébé NATURNES Haricots Verts 4M+ - 2x130g","p":1.05,"u":"4,04 €/KG","img":"https://fd14-photos.leclercdrive.fr/image.ashx?id=2522401&use=l&cat=p&typeid=i","cat":312234},{"id":4878,"n":"Petits pots bébé NATURNES Petits Pois 4M+ - 2x130g","p":1.15,"u":"4,42 €/KG","img":"https://fd14-photos.leclercdrive.fr/image.ashx?id=2536182&use=l&cat=p&typeid=i","cat":312234},{"id":4879,"n":"Petits pots bébé NATURNES Courgettes 4M+ - 2x130g","p":0.99,"u":"3,81 €/KG","img":"https://fd14-photos.leclercdrive.fr/image.ashx?id=2532249&use=l&cat=p&typeid=i","cat":312234},{"id":4880,"n":"Petits pots bébé NATURNES Epinards 4M+ - 2x130g","p":1.15,"u":"4,42 €/KG","img":"https://fd14-photos.leclercdrive.fr/image.ashx?id=2736973&use=l&cat=p&typeid=i","cat":312234},{"id":4902,"n":"Purée de fruit NATURNES Pomme coing 4M+ - 4x130g","p":2.13,"u":"4,10 €/KG","img":"https://fd14-photos.leclercdrive.fr/image.ashx?id=2478375&use=l&cat=p&typeid=i","cat":312387},{"id":4905,"n":"Purée de fruit NATURNES Pomme banane 4M+ - 4x130g","p":2.01,"u":"3,87 €/KG","img":"https://fd14-photos.leclercdrive.fr/image.ashx?id=2599937&use=l&cat=p&typeid=i","cat":312387},{"id":4906,"n":"Purée de fruit NATURNES Pommes Poires 4M+ - 4x130g","p":2.11,"u":"4,06 €/KG","img":"https://fd14-photos.leclercdrive.fr/image.ashx?id=2672551&use=l&cat=p&typeid=i","cat":312387},{"id":4909,"n":"Purée de fruit NATURNES Fruits du soleil 8M+ - 4x130g","p":2.16,"u":"4,15 €/KG","img":"https://fd14-photos.leclercdrive.fr/image.ashx?id=2629647&use=l&cat=p&typeid=i","cat":312388},{"id":4910,"n":"Purée de fruit NATURNES 6M+ Pomme Fraise Myrtilles - 4x130g","p":1.99,"u":"3,83 €/KG","img":"https://fd14-photos.leclercdrive.fr/image.ashx?id=2478399&use=l&cat=p&typeid=i","cat":312388},{"id":4922,"n":"Cracotte Lu Craquinette Choco noisette - 216g","p":2.25,"u":"10,42 €/KG","img":"https://fd14-photos.leclercdrive.fr/image.ashx?id=2474206&use=l&cat=p&typeid=i","cat":284479},{"id":4957,"n":"Cuillère douce silicone Tigex Vert taille unique - 1 pièce","p":4.0,"img":"https://fd14-photos.leclercdrive.fr/image.ashx?id=1971299&use=l&cat=p&typeid=i","cat":289435},{"id":4988,"n":"Beurre Moulé Paysan Breton Doux - 82%MG - 500g","p":5.95,"u":"11,90 €/KG","img":"https://fd14-photos.leclercdrive.fr/image.ashx?id=2774496&use=l&cat=p&typeid=i","cat":284379},{"id":5010,"n":"Jambon fumé grill Petitgas A poêler 5 tranches 500g","p":6.2,"u":"12,40 €/KG","img":"https://fd14-photos.leclercdrive.fr/image.ashx?id=1730013&use=l&cat=p&typeid=i","cat":316009},{"id":5011,"n":"Museau de porc Petitgas 4 tranches Avec langues - 160g","p":2.4,"u":"15,00 €/KG","img":"https://fd14-photos.leclercdrive.fr/image.ashx?id=2732959&use=l&cat=p&typeid=i","cat":316007},{"id":5015,"n":"Yaourts Les Zaros Délisse Fruits panachés - 16x125g","p":2.48,"u":"1,24 €/KG","img":"https://fd14-photos.leclercdrive.fr/image.ashx?id=2970444&use=l&cat=p&typeid=i","cat":284414},{"id":5016,"n":"Yaourts nature Déli'light 0% MG - 12x125g","p":1.91,"u":"1,27 €/KG","img":"https://fd14-photos.leclercdrive.fr/image.ashx?id=2922482&use=l&cat=p&typeid=i","cat":315000},{"id":5017,"n":"Betterave rouge Notre Jardin Entière cuite sous vide - 500g","p":0.99,"u":"1,98 €/KG","img":"https://fd14-photos.leclercdrive.fr/image.ashx?id=2885122&use=l&cat=p&typeid=i","cat":284352},{"id":5018,"n":"Yaourts Délisse Nature - 4x125g","p":0.65,"u":"1,30 €/KG","img":"https://fd14-photos.leclercdrive.fr/image.ashx?id=3003052&use=l&cat=p&typeid=i","cat":284409},{"id":5021,"n":"Crottin de chèvre Les Croisés 23%mg - 2x60g","p":1.78,"u":"14,83 €/KG","img":"https://fd14-photos.leclercdrive.fr/image.ashx?id=2891878&use=l&cat=p&typeid=i","cat":314031},{"id":5022,"n":"Graisse à frire Rustica végétale - 1kg","p":5.76,"u":"5,76 €/KG","img":"https://fd14-photos.leclercdrive.fr/image.ashx?id=2903941&use=l&cat=p&typeid=i","cat":315229},{"id":5023,"n":"Salade composée Notre Jardin Mélée gourmande - 200g","p":0.99,"u":"4,95 €/KG","img":"https://fd14-photos.leclercdrive.fr/image.ashx?id=2720145&use=l&cat=p&typeid=i","cat":284353},{"id":5024,"n":"Viande des grisons Saint Azay 10 tranches - 80g","p":4.09,"u":"51,13 €/KG","img":"https://fd14-photos.leclercdrive.fr/image.ashx?id=2848490&use=l&cat=p&typeid=i","cat":316007},{"id":5026,"n":"Ravioli Turini Boeuf aux oignons - 300g","p":1.53,"u":"5,10 €/KG","img":"https://fd14-photos.leclercdrive.fr/image.ashx?id=2778036&use=l&cat=p&typeid=i","cat":333682},{"id":5028,"n":"Piémontaise Menu Fraîcheur Au jambon - 500g","p":2.2,"u":"4,40 €/KG","img":"https://fd14-photos.leclercdrive.fr/image.ashx?id=2901428&use=l&cat=p&typeid=i","cat":333657},{"id":5029,"n":"Museau de porc Menu Fraîcheur A la lyonnaise - 300g","p":1.99,"u":"6,63 €/KG","img":"https://fd14-photos.leclercdrive.fr/image.ashx?id=2816558&use=l&cat=p&typeid=i","cat":333657},{"id":5031,"n":"Petits chèvres doux Les Croisés 200g","p":2.02,"u":"10,10 €/KG","img":"https://fd14-photos.leclercdrive.fr/image.ashx?id=2927179&use=l&cat=p&typeid=i","cat":314031},{"id":5032,"n":"Pizza Turini Chorizo - 450g","p":2.69,"u":"5,98 €/KG","img":"https://fd14-photos.leclercdrive.fr/image.ashx?id=2987637&use=l&cat=p&typeid=i","cat":333679},{"id":5037,"n":"Gésiers de volaille Volandrie 300g","p":2.49,"u":"8,30 €/KG","img":"https://fd14-photos.leclercdrive.fr/image.ashx?id=2814860&use=l&cat=p&typeid=i","cat":284715},{"id":5039,"n":"Crème caramel Délisse 8x100g","p":2.98,"u":"3,73 €/KG","img":"https://fd14-photos.leclercdrive.fr/image.ashx?id=2466069&use=l&cat=p&typeid=i","cat":284419},{"id":5041,"n":"Fromage blanc Déli'light Nature 0% MG - 1kg","p":1.79,"u":"1,79 €/KG","img":"https://fd14-photos.leclercdrive.fr/image.ashx?id=2905213&use=l&cat=p&typeid=i","cat":315000},{"id":5042,"n":"Fromage raclette Les Croisés 3 variétés - 26%mg - 700g","p":9.29,"u":"13,27 €/KG","img":"https://fd14-photos.leclercdrive.fr/image.ashx?id=2791755&use=l&cat=p&typeid=i","cat":314037},{"id":5044,"n":"Fromage à tartiner Les Croisés  Ail et fines herbes 25%mg 150g","p":1.29,"u":"8,60 €/KG","img":"https://fd14-photos.leclercdrive.fr/image.ashx?id=2476122&use=l&cat=p&typeid=i","cat":314029},{"id":5045,"n":"Riz au lait Délisse Vanille - 8x115g","p":2.08,"u":"2,26 €/KG","img":"https://fd14-photos.leclercdrive.fr/image.ashx?id=2489116&use=l&cat=p&typeid=i","cat":284418},{"id":5046,"n":"Roquefort NRT AOP  Fromage de brebis -150g","p":3.15,"u":"21,00 €/KG","img":"https://fd14-photos.leclercdrive.fr/image.ashx?id=2771046&use=l&cat=p&typeid=i","cat":314032},{"id":5047,"n":"Gratte éponge Spontex Sans rinçage x3","p":1.35,"u":"0,45 €/P","img":"https://fd14-photos.leclercdrive.fr/image.ashx?id=2975783&use=l&cat=p&typeid=i","cat":284667},{"id":5066,"n":"Amandes décortiquées Sun Apéro 500g","p":7.29,"u":"14,58 €/KG","img":"https://fd14-photos.leclercdrive.fr/image.ashx?id=2692164&use=l&cat=p&typeid=i","cat":284357},{"id":5078,"n":"Sucres morceaux Béghin Say n°4 1kg","p":1.32,"u":"1,32 €/KG","img":"https://fd14-photos.leclercdrive.fr/image.ashx?id=2860172&use=l&cat=p&typeid=i","cat":284502},{"id":5083,"n":"Sucre canne Blonvilliers Béghin Say morceaux 1kg","p":2.6,"u":"2,60 €/KG","img":"https://fd14-photos.leclercdrive.fr/image.ashx?id=2962281&use=l&cat=p&typeid=i","cat":284502},{"id":5098,"n":"Colle Super Glue 3 Loctite Power gel - 3g","p":2.9,"u":"966,67 €/KG","img":"https://fd14-photos.leclercdrive.fr/image.ashx?id=2020278&use=l&cat=p&typeid=i","cat":300576},{"id":5102,"n":"Cacahuètes Maître Prunille Chouchou sucrées - 500g","p":4.29,"u":"8,58 €/KG","img":"https://fd14-photos.leclercdrive.fr/image.ashx?id=2234018&use=l&cat=p&typeid=i","cat":284357},{"id":5103,"n":"Biscuits Maître Prunille Japonais - 250g","p":3.59,"pp":2.37,"u":"9,48 €/KG","img":"https://fd14-photos.leclercdrive.fr/image.ashx?id=2234021&use=l&cat=p&typeid=i","cat":316002},{"id":5111,"n":"Couscous Comptoir du grain Grain fin - 500g","p":1.3,"u":"2,60 €/KG","img":"https://fd14-photos.leclercdrive.fr/image.ashx?id=3012806&use=l&cat=p&typeid=i","cat":284429},{"id":5112,"n":"Chocolat blanc Tablette d'Or Blanc - 2x100g","p":2.23,"u":"11,15 €/KG","img":"https://fd14-photos.leclercdrive.fr/image.ashx?id=2132289&use=l&cat=p&typeid=i","cat":284957},{"id":5114,"n":"Filet de harengs Pêche Océan MSC - Au naturel - 200g","p":1.75,"u":"8,75 €/KG","img":"https://fd14-photos.leclercdrive.fr/image.ashx?id=2992486&use=l&cat=p&typeid=i","cat":285190},{"id":5115,"n":"Biscuits Croustillants Tokapi Bacon-  85g","p":0.99,"u":"11,65 €/KG","img":"https://fd14-photos.leclercdrive.fr/image.ashx?id=2059077&use=l&cat=p&typeid=i","cat":297000},{"id":5116,"n":"Crème de pêche Auguste Muniot 15%vol. - 50cl","p":4.99,"u":"9,98 €/L","img":"https://fd14-photos.leclercdrive.fr/image.ashx?id=794886&use=l&cat=p&typeid=i","cat":286032},{"id":5117,"n":"Café soluble Plantation Qualité filtre - 200g","p":4.59,"u":"22,95 €/KG","img":"https://fd14-photos.leclercdrive.fr/image.ashx?id=1034040&use=l&cat=p&typeid=i","cat":284843},{"id":5121,"n":"Café moulu Plantation Ethiopie - 250g","p":3.79,"u":"15,16 €/KG","img":"https://fd14-photos.leclercdrive.fr/image.ashx?id=1920154&use=l&cat=p&typeid=i","cat":284750},{"id":5122,"n":"Saucisse sèche Saint Azay Label rouge - 250g","p":3.7,"u":"14,80 €/KG","img":"https://fd14-photos.leclercdrive.fr/image.ashx?id=2837015&use=l&cat=p&typeid=i","cat":316006},{"id":5126,"n":"Riz long Comptoir du Grain Cuisson rapide 10min - 1kg","p":1.69,"u":"1,69 €/KG","img":"https://fd14-photos.leclercdrive.fr/image.ashx?id=2764137&use=l&cat=p&typeid=i","cat":284428},{"id":5132,"n":"Croûtons Epi d'Or Nature - 2x90g","p":0.99,"u":"5,50 €/KG","img":"https://fd14-photos.leclercdrive.fr/image.ashx?id=2606037&use=l&cat=p&typeid=i","cat":284464},{"id":5158,"n":"Déodorant Bille Femme Nivea Dry Confort 72H - 50ml","p":1.99,"u":"39,80 €/L","img":"https://fd14-photos.leclercdrive.fr/image.ashx?id=2871058&use=l&cat=p&typeid=i","cat":284595},{"id":5160,"n":"Pur jus de fruits Tropicana Réveil fruité - 1,5L","p":3.11,"u":"2,07 €/L","img":"https://fd14-photos.leclercdrive.fr/image.ashx?id=2606400&use=l&cat=p&typeid=i","cat":284521},{"id":5227,"n":"Pâtes Lustucru coquillettes Oeufs frais - 250g","p":0.94,"u":"3,76 €/KG","img":"https://fd14-photos.leclercdrive.fr/image.ashx?id=2519474&use=l&cat=p&typeid=i","cat":284427},{"id":5248,"n":"Yaourts aux fruits Délisse Panaché de fruits - 12x125g","p":3.36,"u":"2,24 €/KG","img":"https://fd14-photos.leclercdrive.fr/image.ashx?id=2658575&use=l&cat=p&typeid=i","cat":284410},{"id":5250,"n":"Crème glacée Eskiss Pistache avec éclats - 494g","p":2.65,"u":"5,36 €/KG","img":"https://fd14-photos.leclercdrive.fr/image.ashx?id=2982586&use=l&cat=p&typeid=i","cat":284263},{"id":5252,"n":"Pansements Primoplast Spécial articulations 10 bandes","p":1.99,"img":"https://fd14-photos.leclercdrive.fr/image.ashx?id=2897766&use=l&cat=p&typeid=i","cat":284630},{"id":5253,"n":"Pansements Primoplast Spécial Articulations x30","p":1.59,"img":"https://fd14-photos.leclercdrive.fr/image.ashx?id=2832912&use=l&cat=p&typeid=i","cat":284630},{"id":5254,"n":"Croc's jambon Côté Croc Dinde x2 - 100g","p":1.72,"u":"8,60 €/KG","img":"https://fd14-photos.leclercdrive.fr/image.ashx?id=2449760&use=l&cat=p&typeid=i","cat":333683},{"id":5255,"n":"Croc Côté Croc Poulet Fromage x2 - 200g","p":1.54,"u":"7,70 €/KG","img":"https://fd14-photos.leclercdrive.fr/image.ashx?id=2967549&use=l&cat=p&typeid=i","cat":333683},{"id":5261,"n":"Fromage blanc Délisse Nature 7.8% MG - 8x100g","p":2.89,"u":"3,61 €/KG","img":"https://fd14-photos.leclercdrive.fr/image.ashx?id=3012812&use=l&cat=p&typeid=i","cat":284409},{"id":5264,"n":"Crème glacée Eskiss Fraise avec morceaux - 494g","p":2.84,"u":"5,75 €/KG","img":"https://fd14-photos.leclercdrive.fr/image.ashx?id=2982598&use=l&cat=p&typeid=i","cat":284263},{"id":5265,"n":"Piémontaise Menu Fraîcheur  Au jambon - 300g","p":1.59,"u":"5,30 €/KG","img":"https://fd14-photos.leclercdrive.fr/image.ashx?id=2901425&use=l&cat=p&typeid=i","cat":333657},{"id":5271,"n":"Betteraves Menu Fraîcheur  Rouge en dés - 300g","p":1.19,"u":"3,97 €/KG","img":"https://fd14-photos.leclercdrive.fr/image.ashx?id=2552418&use=l&cat=p&typeid=i","cat":333657},{"id":5273,"n":"Pilons de poulet Côté Croc à l'Indienne - 250g","p":2.49,"u":"9,96 €/KG","img":"https://fd14-photos.leclercdrive.fr/image.ashx?id=2560473&use=l&cat=p&typeid=i","cat":333685},{"id":5275,"n":"Taboulé Menu Fraîcheur Aux crevettes - 300g","p":1.95,"u":"6,50 €/KG","img":"https://fd14-photos.leclercdrive.fr/image.ashx?id=2645888&use=l&cat=p&typeid=i","cat":333657},{"id":5279,"n":"Actifidus Delisse Nature - 4x125g","p":0.85,"u":"1,70 €/KG","img":"https://fd14-photos.leclercdrive.fr/image.ashx?id=2431107&use=l&cat=p&typeid=i","cat":315000},{"id":5281,"n":"Yaourts Petits Délis Chocolat - 6x100g","p":1.91,"u":"3,18 €/KG","img":"https://fd14-photos.leclercdrive.fr/image.ashx?id=2865188&use=l&cat=p&typeid=i","cat":284414},{"id":5284,"n":"Foies de volaille Volandrie confits - 300g","p":2.7,"u":"9,00 €/KG","img":"https://fd14-photos.leclercdrive.fr/image.ashx?id=2814857&use=l&cat=p&typeid=i","cat":284715},{"id":5285,"n":"Escalope Normande Côté Croc x2 - 200g","p":1.78,"u":"8,90 €/KG","img":"https://fd14-photos.leclercdrive.fr/image.ashx?id=2488353&use=l&cat=p&typeid=i","cat":333683},{"id":5288,"n":"Crème dessert Petits Délis Chocolat et lait - 6x70g","p":1.3,"u":"3,10 €/KG","img":"https://fd14-photos.leclercdrive.fr/image.ashx?id=2572061&use=l&cat=p&typeid=i","cat":285041},{"id":5289,"n":"Torti au surimi Menu Fraîcheur 300g","p":1.7,"u":"5,67 €/KG","img":"https://fd14-photos.leclercdrive.fr/image.ashx?id=2965443&use=l&cat=p&typeid=i","cat":333657},{"id":5290,"n":"Salade Menu Fraîcheur Strasbourgeoise - 300g","p":2.29,"u":"7,63 €/KG","img":"https://fd14-photos.leclercdrive.fr/image.ashx?id=2727626&use=l&cat=p&typeid=i","cat":333657},{"id":5291,"n":"Cordon bleu Côté Croc Dinde - 400g","p":3.67,"u":"9,18 €/KG","img":"https://fd14-photos.leclercdrive.fr/image.ashx?id=2915116&use=l&cat=p&typeid=i","cat":333683},{"id":5294,"n":"Yaourts brassés Délisse Nature - 4x125g","p":1.05,"u":"2,10 €/KG","img":"https://fd14-photos.leclercdrive.fr/image.ashx?id=2982892&use=l&cat=p&typeid=i","cat":284409},{"id":5296,"n":"Crème dessert Délisse Chocolat blanc - 4x125g","p":1.36,"u":"2,72 €/KG","img":"https://fd14-photos.leclercdrive.fr/image.ashx?id=2753475&use=l&cat=p&typeid=i","cat":285041},{"id":5318,"n":"Biscuits galettes St Michel 130g","p":0.84,"u":"6,46 €/KG","img":"https://fd14-photos.leclercdrive.fr/image.ashx?id=2986149&use=l&cat=p&typeid=i","cat":284487},{"id":5321,"n":"Chocolat poudre Benco 400g","p":2.15,"u":"5,38 €/KG","img":"https://fd14-photos.leclercdrive.fr/image.ashx?id=2871805&use=l&cat=p&typeid=i","cat":293235},{"id":5325,"n":"Confiture Bonne Maman Fraise - 370g","p":1.7,"u":"4,59 €/KG","img":"https://fd14-photos.leclercdrive.fr/image.ashx?id=2474984&use=l&cat=p&typeid=i","cat":284480},{"id":5339,"n":"Fruits au sirop St Mamet Cocktail - 500g","p":3.35,"u":"6,70 €/KG","img":"https://fd14-photos.leclercdrive.fr/image.ashx?id=2412435&use=l&cat=p&typeid=i","cat":284507},{"id":5342,"n":"Soda Canada Dry Ginger Ale 1,5L","p":1.8,"u":"1,20 €/L","img":"https://fd14-photos.leclercdrive.fr/image.ashx?id=2654674&use=l&cat=p&typeid=i","cat":284531},{"id":5362,"n":"Vin mousseux Charles Volner Brut - 12%vol. - 75cl","p":4.1,"u":"5,47 €/L","img":"https://fd14-photos.leclercdrive.fr/image.ashx?id=1592052&use=l&cat=p&typeid=i","cat":284544},{"id":5364,"n":"Fromage blanc Délisse Nature 7% MG - 1kg","p":2.39,"u":"2,39 €/KG","img":"https://fd14-photos.leclercdrive.fr/image.ashx?id=2834999&use=l&cat=p&typeid=i","cat":284409},{"id":5366,"n":"Cire Dépilatoire Siliss Méthode orientale - 250ml","p":3.82,"u":"15,28 €/L","img":"https://fd14-photos.leclercdrive.fr/image.ashx?id=2699396&use=l&cat=p&typeid=i","cat":325351},{"id":5369,"n":"Légumes couscous Notre Jardin 800g","p":1.49,"u":"1,86 €/KG","img":"https://fd14-photos.leclercdrive.fr/image.ashx?id=2399153&use=l&cat=p&typeid=i","cat":312612},{"id":5381,"n":"Dentifrice Dentamyl Haleine fraîche 75ml","p":1.12,"u":"14,93 €/L","img":"https://fd14-photos.leclercdrive.fr/image.ashx?id=2613828&use=l&cat=p&typeid=i","cat":284612},{"id":5385,"n":"Lait coco Tables du Monde 200ml","p":0.87,"u":"4,35 €/L","img":"https://fd14-photos.leclercdrive.fr/image.ashx?id=2920172&use=l&cat=p&typeid=i","cat":288992},{"id":5387,"n":"Boisson soja Calcium Végé 1L Végé - 200g","p":0.9,"u":"0,90 €/L","img":"https://fd14-photos.leclercdrive.fr/image.ashx?id=2859155&use=l&cat=p&typeid=i","cat":316067},{"id":5390,"n":"Crème anglaise Délisse 50cl","p":1.28,"u":"2,56 €/L","img":"https://fd14-photos.leclercdrive.fr/image.ashx?id=3002569&use=l&cat=p&typeid=i","cat":284382},{"id":5391,"n":"Yaourts à boire Délisse 3 parfums - 6x180g","p":2.39,"u":"2,21 €/KG","img":"https://fd14-photos.leclercdrive.fr/image.ashx?id=2757924&use=l&cat=p&typeid=i","cat":284415},{"id":5393,"n":"Fromage blanc Délisse Framboise 5.5% MG - 500g","p":2.39,"u":"4,78 €/KG","img":"https://fd14-photos.leclercdrive.fr/image.ashx?id=3012821&use=l&cat=p&typeid=i","cat":284409},{"id":5396,"n":"Bain de bouche Dentamyl Multi Protection - 500ml","p":1.87,"u":"3,74 €/L","img":"https://fd14-photos.leclercdrive.fr/image.ashx?id=2500806&use=l&cat=p&typeid=i","cat":284613},{"id":5400,"n":"Nouilles bouclées d'Alsace NRT 250g","p":1.62,"u":"6,48 €/KG","img":"https://fd14-photos.leclercdrive.fr/image.ashx?id=2839965&use=l&cat=p&typeid=i","cat":284427},{"id":5403,"n":"Plumes d'Alsace NRT 250g","p":1.29,"u":"5,16 €/KG","img":"https://fd14-photos.leclercdrive.fr/image.ashx?id=2326319&use=l&cat=p&typeid=i","cat":284427},{"id":5406,"n":"Saucisson sec d'Auvergne IGP Nos Régions ont du Talent 300g","p":5.4,"u":"18,00 €/KG","img":"https://fd14-photos.leclercdrive.fr/image.ashx?id=2991476&use=l&cat=p&typeid=i","cat":316006},{"id":5449,"n":"Boîte chat Whiskas Terrine du marché - 4x400g","p":4.45,"u":"2,78 €/KG","img":"https://fd14-photos.leclercdrive.fr/image.ashx?id=2759619&use=l&cat=p&typeid=i","cat":285601},{"id":5465,"n":"Eau de source de Montagne 6x50cl","p":1.64,"u":"0,55 €/L","img":"https://fd14-photos.leclercdrive.fr/image.ashx?id=2727614&use=l&cat=p&typeid=i","cat":284535},{"id":5468,"n":"Papier toilette Parfumé Mimosa Soleil d'été - x6","p":2.89,"u":"0,48 €/P","img":"https://fd14-photos.leclercdrive.fr/image.ashx?id=2837244&use=l&cat=p&typeid=i","cat":284634},{"id":5472,"n":"Biscuits barquettes P'tit Déli Fraise - 2x120g","p":1.66,"u":"6,92 €/KG","img":"https://fd14-photos.leclercdrive.fr/image.ashx?id=2691168&use=l&cat=p&typeid=i","cat":284489},{"id":5498,"n":"Comté des terroirs Entremont 200g","p":3.55,"u":"17,75 €/KG","img":"https://fd14-photos.leclercdrive.fr/image.ashx?id=2474245&use=l&cat=p&typeid=i","cat":314034},{"id":5509,"n":"Pâtes Torsades Turini 1kg","p":1.29,"u":"1,29 €/KG","img":"https://fd14-photos.leclercdrive.fr/image.ashx?id=2980456&use=l&cat=p&typeid=i","cat":284427},{"id":5511,"n":"Sparadrap Primoplast Peaux délicates 5mx2.5cm","p":1.5,"img":"https://fd14-photos.leclercdrive.fr/image.ashx?id=2856426&use=l&cat=p&typeid=i","cat":284630},{"id":5512,"n":"Sparadrap Primoplast résistant 5mx2.5cm","p":1.49,"img":"https://fd14-photos.leclercdrive.fr/image.ashx?id=2856435&use=l&cat=p&typeid=i","cat":284630},{"id":5514,"n":"Bande strapping Primoplast Adhésive 2.5mx6cm","p":3.39,"img":"https://fd14-photos.leclercdrive.fr/image.ashx?id=2856441&use=l&cat=p&typeid=i","cat":284630},{"id":5515,"n":"Vin mousseux d'Union Européenne  brut  -75cl","p":2.99,"u":"3,99 €/L","img":"https://fd14-photos.leclercdrive.fr/image.ashx?id=1951016&use=l&cat=p&typeid=i","cat":284544},{"id":5517,"n":"Canapés toasts Epi d'Or Nature - 280g","p":1.12,"u":"4,00 €/KG","img":"https://fd14-photos.leclercdrive.fr/image.ashx?id=2610166&use=l&cat=p&typeid=i","cat":285454},{"id":5526,"n":"Fromage Bleu d'Auvergne NRT  AOP - 125g","p":1.4,"u":"11,20 €/KG","img":"https://fd14-photos.leclercdrive.fr/image.ashx?id=2771040&use=l&cat=p&typeid=i","cat":314032},{"id":5529,"n":"Croquettes petits chiens Ultima  Poulet - Yorkshire - 800g","p":2.95,"u":"3,69 €/KG","img":"https://fd14-photos.leclercdrive.fr/image.ashx?id=2922224&use=l&cat=p&typeid=i","cat":294526},{"id":5561,"n":"Tampons Doulys Digitaux Super - x24","p":1.26,"u":"0,05 €/P","img":"https://fd14-photos.leclercdrive.fr/image.ashx?id=2965413&use=l&cat=p&typeid=i","cat":284626},{"id":5563,"n":"Biscuits P'tit Déli Délimousse 175g","p":1.51,"u":"8,63 €/KG","img":"https://fd14-photos.leclercdrive.fr/image.ashx?id=2470680&use=l&cat=p&typeid=i","cat":284495},{"id":5564,"n":"Lingettes nettoyantes Clair Vitres 3en1 x20","p":0.87,"u":"0,04 €/P","img":"https://fd14-photos.leclercdrive.fr/image.ashx?id=2858827&use=l&cat=p&typeid=i","cat":325363},{"id":5573,"n":"Quenelles Côté Table volaille Sauce champignons 400g","p":1.89,"u":"4,73 €/KG","img":"https://fd14-photos.leclercdrive.fr/image.ashx?id=2977135&use=l&cat=p&typeid=i","cat":284441},{"id":5575,"n":"Compote Douceur du Verger Gourdes Pomme - 12x90g","p":2.7,"u":"2,50 €/KG","img":"https://fd14-photos.leclercdrive.fr/image.ashx?id=2837030&use=l&cat=p&typeid=i","cat":284508},{"id":5576,"n":"Biscuits choco barre P'tit Déli Chocolat lait 295g","p":2.64,"u":"8,95 €/KG","img":"https://fd14-photos.leclercdrive.fr/image.ashx?id=2517769&use=l&cat=p&typeid=i","cat":284488},{"id":5578,"n":"Cuillers à pâtisserie  P'tit Déli 300g","p":2.49,"u":"8,30 €/KG","img":"https://fd14-photos.leclercdrive.fr/image.ashx?id=2046352&use=l&cat=p&typeid=i","cat":284487},{"id":5581,"n":"Chewing-gum sans sucre Freedent Menthe verte 5x10 dragées 70g","p":2.15,"img":"https://fd14-photos.leclercdrive.fr/image.ashx?id=2325482&use=l&cat=p&typeid=i","cat":304251},{"id":5582,"n":"Chewing-gum Freedent white Fruits sans sucre x50 - 70g","p":2.4,"u":"34,29 €/KG","img":"https://fd14-photos.leclercdrive.fr/image.ashx?id=2237283&use=l&cat=p&typeid=i","cat":304251},{"id":5600,"n":"Pâté Hénaff 78g","p":1.2,"u":"15,38 €/KG","img":"https://fd14-photos.leclercdrive.fr/image.ashx?id=2280516&use=l&cat=p&typeid=i","cat":305149},{"id":5612,"n":"Eau de source Cristaline 6x1,5L","p":1.1,"u":"0,12 €/L","img":"https://fd14-photos.leclercdrive.fr/image.ashx?id=2389449&use=l&cat=p&typeid=i","cat":284535},{"id":5619,"n":"Oeufs de lompe Ronde des Mers Rouge - MSC - 100g","p":2.6,"u":"26,00 €/KG","img":"https://fd14-photos.leclercdrive.fr/image.ashx?id=2822720&use=l&cat=p&typeid=i","cat":285191},{"id":5622,"n":"Croquettes chiens Lydog Spécial Forme - Volaille - 4kg","p":4.99,"u":"1,25 €/KG","img":"https://fd14-photos.leclercdrive.fr/image.ashx?id=2191117&use=l&cat=p&typeid=i","cat":284672},{"id":5626,"n":"Bonbons Copains Copines Frites acides - 275 g","p":1.71,"u":"6,22 €/KG","img":"https://fd14-photos.leclercdrive.fr/image.ashx?id=2934655&use=l&cat=p&typeid=i","cat":304250},{"id":5627,"n":"Lasagnes bolognaise Côté Table 1kg","p":4.14,"u":"4,14 €/KG","img":"https://fd14-photos.leclercdrive.fr/image.ashx?id=2570915&use=l&cat=p&typeid=i","cat":333666},{"id":5630,"n":"Papier toilette blanc Mimosa Ultra doux maxi rouleau - x12","p":5.4,"u":"0,45 €/P","img":"https://fd14-photos.leclercdrive.fr/image.ashx?id=2794862&use=l&cat=p&typeid=i","cat":284634},{"id":5633,"n":"Soufflés Grignot' Tokapi Cacahuète - 90g","p":0.72,"u":"8,00 €/KG","img":"https://fd14-photos.leclercdrive.fr/image.ashx?id=1951031&use=l&cat=p&typeid=i","cat":284449},{"id":5635,"n":"Rosette de Lyon NRT 400g","p":5.5,"u":"13,75 €/KG","img":"https://fd14-photos.leclercdrive.fr/image.ashx?id=2991491&use=l&cat=p&typeid=i","cat":316006},{"id":5681,"n":"Baguette Tradition           250g","p":0.9,"u":"3,60 €/KG","img":"https://fd14-photos.leclercdrive.fr/image.ashx?id=2442057&use=l&cat=p&typeid=i","cat":284359},{"id":5718,"n":"Tampons Doulys avec applicateur Super - x24","p":2.47,"u":"0,10 €/P","img":"https://fd14-photos.leclercdrive.fr/image.ashx?id=2965455&use=l&cat=p&typeid=i","cat":284626},{"id":5820,"n":"Blinis fins Blinis x4 - 200g","p":1.38,"u":"6,90 €/KG","img":"https://fd14-photos.leclercdrive.fr/image.ashx?id=2975272&use=l&cat=p&typeid=i","cat":285191},{"id":5823,"n":"Lait demi-écrémé Lactel Vitamine D Bouteille - 6x50cl","p":5.34,"u":"1,78 €/L","img":"https://fd14-photos.leclercdrive.fr/image.ashx?id=2993403&use=l&cat=p&typeid=i","cat":284377},{"id":5831,"n":"Ketchup Rustica Epicé - 560g","p":1.59,"u":"2,84 €/KG","img":"https://fd14-photos.leclercdrive.fr/image.ashx?id=2327491&use=l&cat=p&typeid=i","cat":284455},{"id":5833,"n":"Biscuits Cuillers P'tit Déli Dégustation x20 - 200g","p":2.49,"u":"12,45 €/KG","img":"https://fd14-photos.leclercdrive.fr/image.ashx?id=1856164&use=l&cat=p&typeid=i","cat":284487},{"id":5842,"n":"Mélange exotique Couleurs Vives 250g","p":2.23,"u":"8,92 €/KG","img":"https://fd14-photos.leclercdrive.fr/image.ashx?id=2691102&use=l&cat=p&typeid=i","cat":284448},{"id":5850,"n":"Couscous Côté Table Poulet merguez 450g","p":2.7,"u":"6,00 €/KG","img":"https://fd14-photos.leclercdrive.fr/image.ashx?id=1936608&use=l&cat=p&typeid=i","cat":333665},{"id":5859,"n":"Guacamole Tables du Monde 200g","p":2.29,"u":"13,09 €/KG","img":"https://fd14-photos.leclercdrive.fr/image.ashx?id=2872252&use=l&cat=p&typeid=i","cat":315999},{"id":5861,"n":"Tagliatelle Côté Table Carbonara 330g","p":2.35,"u":"7,12 €/KG","img":"https://fd14-photos.leclercdrive.fr/image.ashx?id=2797775&use=l&cat=p&typeid=i","cat":333665},{"id":5865,"n":"Actifidus Délisse Noix de coco - 4x125g","p":1.38,"u":"2,76 €/KG","img":"https://fd14-photos.leclercdrive.fr/image.ashx?id=2421039&use=l&cat=p&typeid=i","cat":315000},{"id":5866,"n":"Actifidus Délisse Vanille - 12x125g","p":2.58,"u":"1,72 €/KG","img":"https://fd14-photos.leclercdrive.fr/image.ashx?id=2751877&use=l&cat=p&typeid=i","cat":315000},{"id":5868,"n":"Spécialité au soja Nat & Vie Vanille - 4x100g","p":1.35,"u":"3,38 €/KG","img":"https://fd14-photos.leclercdrive.fr/image.ashx?id=2901434&use=l&cat=p&typeid=i","cat":316071},{"id":5869,"n":"Spécialité au soja Nat & Vie Chocolat - 4x100g","p":1.34,"u":"3,35 €/KG","img":"https://fd14-photos.leclercdrive.fr/image.ashx?id=2901437&use=l&cat=p&typeid=i","cat":316071},{"id":5870,"n":"Boisson soja nature Végé 1L Végé - 200g","p":0.85,"u":"0,85 €/L","img":"https://fd14-photos.leclercdrive.fr/image.ashx?id=2861413&use=l&cat=p&typeid=i","cat":316067},{"id":5871,"n":"Yaourts à boire DéliUp' Délisse Fraise - 10x100g","p":2.87,"u":"2,87 €/KG","img":"https://fd14-photos.leclercdrive.fr/image.ashx?id=1871092&use=l&cat=p&typeid=i","cat":284415},{"id":5873,"n":"Beignets crevettes Tables du Monde x6 140g","p":2.06,"u":"14,71 €/KG","img":"https://fd14-photos.leclercdrive.fr/image.ashx?id=2865053&use=l&cat=p&typeid=i","cat":333673},{"id":5876,"n":"Court-bouillon Rustica 150g","p":1.24,"u":"8,27 €/KG","img":"https://fd14-photos.leclercdrive.fr/image.ashx?id=1743584&use=l&cat=p&typeid=i","cat":288379},{"id":5880,"n":"Yaourts mousse Petits Délis Fruits - 6x74g","p":1.77,"u":"3,99 €/KG","img":"https://fd14-photos.leclercdrive.fr/image.ashx?id=2907057&use=l&cat=p&typeid=i","cat":284414},{"id":5891,"n":"Tzatziki Tables du Monde 200g","p":1.59,"u":"7,95 €/KG","img":"https://fd14-photos.leclercdrive.fr/image.ashx?id=2872255&use=l&cat=p&typeid=i","cat":315999},{"id":5907,"n":"Haricots beurre d'aucy Extra-fins - 440g","p":1.85,"u":"4,20 €/KG","img":"https://fd14-photos.leclercdrive.fr/image.ashx?id=2431536&use=l&cat=p&typeid=i","cat":312606},{"id":5908,"n":"Tourteau fromagé du Poitou NRT 250g","p":2.85,"u":"11,40 €/KG","img":"https://fd14-photos.leclercdrive.fr/image.ashx?id=2040347&use=l&cat=p&typeid=i","cat":284419},{"id":5909,"n":"Mini gâches briochettes NRT Pur beurre x8 - 360g","p":2.27,"u":"6,31 €/KG","img":"https://fd14-photos.leclercdrive.fr/image.ashx?id=2670416&use=l&cat=p&typeid=i","cat":284478},{"id":5910,"n":"Ketchup Amora 280g","p":1.27,"u":"4,54 €/KG","img":"https://fd14-photos.leclercdrive.fr/image.ashx?id=2766667&use=l&cat=p&typeid=i","cat":284455},{"id":5912,"n":"Sel fin iodé Cérébos 500g","p":0.57,"u":"1,14 €/KG","img":"https://fd14-photos.leclercdrive.fr/image.ashx?id=2522095&use=l&cat=p&typeid=i","cat":284457},{"id":5917,"n":"Boule de pain tranchée 400g","p":1.2,"u":"3,00 €/KG","img":"https://fd14-photos.leclercdrive.fr/image.ashx?id=2062891&use=l&cat=p&typeid=i","cat":284359},{"id":5951,"n":"Ravioli bolognaise   Panzani - 800g","p":3.47,"u":"4,34 €/KG","img":"https://fd14-photos.leclercdrive.fr/image.ashx?id=2876062&use=l&cat=p&typeid=i","cat":284442},{"id":6000,"n":"Clémentines  1kg","p":3.99,"u":"3,99 €/KG","img":"https://fd14-photos.leclercdrive.fr/image.ashx?id=1628983&use=l&cat=p&typeid=i","cat":284356},{"id":6003,"n":"Collants Well Elastivoile Résistant ibiza T1","p":3.5,"img":"https://fd14-photos.leclercdrive.fr/image.ashx?id=2538638&use=l&cat=p&typeid=i","cat":334130},{"id":6004,"n":"Collants Well Elastivoile Résistant ibiza T2","p":3.5,"img":"https://fd14-photos.leclercdrive.fr/image.ashx?id=2560840&use=l&cat=p&typeid=i","cat":334130},{"id":6006,"n":"Collants Well Elastivoile Résistant noir T2","p":3.5,"img":"https://fd14-photos.leclercdrive.fr/image.ashx?id=2056542&use=l&cat=p&typeid=i","cat":334130},{"id":6035,"n":"Sauce tomate bio Jardin Bio' Provençale - 200g","p":1.4,"u":"7,00 €/KG","img":"https://fd14-photos.leclercdrive.fr/image.ashx?id=3014494&use=l&cat=p&typeid=i","cat":287599},{"id":6037,"n":"Ratatouille Jardin Bio' A la provençale bio - 650g","p":2.72,"u":"4,18 €/KG","img":"https://fd14-photos.leclercdrive.fr/image.ashx?id=2903230&use=l&cat=p&typeid=i","cat":312612},{"id":6038,"n":"Lentilles corail bio Jardin Bio 500g","p":2.92,"u":"5,84 €/KG","img":"https://fd14-photos.leclercdrive.fr/image.ashx?id=2415999&use=l&cat=p&typeid=i","cat":284430},{"id":6039,"n":"Vinaigre de cidre Jardin Bio Bio - 75cl","p":2.34,"u":"3,12 €/L","img":"https://fd14-photos.leclercdrive.fr/image.ashx?id=2918295&use=l&cat=p&typeid=i","cat":298543},{"id":6048,"n":"Sauce tomate Jardin Bio' Bio Basilic - 200g","p":1.4,"u":"7,00 €/KG","img":"https://fd14-photos.leclercdrive.fr/image.ashx?id=2967848&use=l&cat=p&typeid=i","cat":287599},{"id":6049,"n":"Ravioli Jardin Bio Bio légumes - 675g","p":3.19,"u":"4,73 €/KG","img":"https://fd14-photos.leclercdrive.fr/image.ashx?id=2534878&use=l&cat=p&typeid=i","cat":284442},{"id":6054,"n":"Sauce tomate Jardin Bio Bio spaghetti - 200g","p":1.41,"u":"7,05 €/KG","img":"https://fd14-photos.leclercdrive.fr/image.ashx?id=3000192&use=l&cat=p&typeid=i","cat":287599},{"id":6058,"n":"Spaguetti Jardin Bio Bio quinoa tomate - 500g","p":1.85,"u":"3,70 €/KG","img":"https://fd14-photos.leclercdrive.fr/image.ashx?id=3002108&use=l&cat=p&typeid=i","cat":284427},{"id":6063,"n":"Ketchup Jardin Bio' Bio - 560g","p":2.39,"u":"4,27 €/KG","img":"https://fd14-photos.leclercdrive.fr/image.ashx?id=2918316&use=l&cat=p&typeid=i","cat":284455},{"id":6067,"n":"Huile d'olive Bio Village Bio Vierge extra - 75cl","p":5.37,"u":"7,16 €/L","img":"https://fd14-photos.leclercdrive.fr/image.ashx?id=950839&use=l&cat=p&typeid=i","cat":284453},{"id":6069,"n":"Pâtes Coquillettes Bio Village Bio - 500g","p":0.63,"u":"1,26 €/KG","img":"https://fd14-photos.leclercdrive.fr/image.ashx?id=2625364&use=l&cat=p&typeid=i","cat":284427},{"id":6073,"n":"Crème fraîche bio Bio village Epaisse - 30% MG - 20cl","p":1.15,"u":"5,75 €/L","img":"https://fd14-photos.leclercdrive.fr/image.ashx?id=1975047&use=l&cat=p&typeid=i","cat":284381},{"id":6075,"n":"Quinoa Bio Village Bio - 500g","p":2.68,"u":"5,36 €/KG","img":"https://fd14-photos.leclercdrive.fr/image.ashx?id=2245755&use=l&cat=p&typeid=i","cat":284429},{"id":6078,"n":"Yaourts lait brebis nature Bio Bio village - 2x125g","p":1.42,"u":"5,68 €/KG","img":"https://fd14-photos.leclercdrive.fr/image.ashx?id=2841959&use=l&cat=p&typeid=i","cat":314998},{"id":6085,"n":"Jus de fruits Tropicana Multivitamines - 1,5L","p":3.11,"u":"2,07 €/L","img":"https://fd14-photos.leclercdrive.fr/image.ashx?id=2605818&use=l&cat=p&typeid=i","cat":284917},{"id":6105,"n":"Biscuits apéritif Lay's 3D's Goût Nature Sel - 85g","p":0.79,"u":"9,29 €/KG","img":"https://fd14-photos.leclercdrive.fr/image.ashx?id=2917417&use=l&cat=p&typeid=i","cat":284449},{"id":6106,"n":"Biscuits apéritif Lay's 3D's Goût Fromage - 85g","p":0.8,"u":"9,41 €/KG","img":"https://fd14-photos.leclercdrive.fr/image.ashx?id=2923672&use=l&cat=p&typeid=i","cat":284449},{"id":6152,"n":"Pâtes gansettes Panzani 500g","p":1.09,"u":"2,18 €/KG","img":"https://fd14-photos.leclercdrive.fr/image.ashx?id=2876017&use=l&cat=p&typeid=i","cat":284427},{"id":6154,"n":"Pâtes farfalle Panzani 500g","p":1.01,"u":"2,02 €/KG","img":"https://fd14-photos.leclercdrive.fr/image.ashx?id=2884300&use=l&cat=p&typeid=i","cat":284427},{"id":6155,"n":"Pâtes Torti Panzani 3 Minutes - 500G","p":1.15,"u":"2,30 €/KG","img":"https://fd14-photos.leclercdrive.fr/image.ashx?id=2896084&use=l&cat=p&typeid=i","cat":284427},{"id":6169,"n":"Fromage apéritif Apéricube Nature 24 cubes","p":2.15,"u":"17,20 €/KG","img":"https://fd14-photos.leclercdrive.fr/image.ashx?id=2883447&use=l&cat=p&typeid=i","cat":314027},{"id":6191,"n":"Gel douche Fa men speedster 250ml","p":1.7,"u":"6,80 €/L","img":"https://fd14-photos.leclercdrive.fr/image.ashx?id=2995088&use=l&cat=p&typeid=i","cat":284619},{"id":6192,"n":"Rôti de dinde cuit Maître Coq 500g","p":5.1,"u":"10,20 €/KG","img":"https://fd14-photos.leclercdrive.fr/image.ashx?id=2340159&use=l&cat=p&typeid=i","cat":284337},{"id":6199,"n":"Beurre Moulé Paysan Breton Demi-sel - 80%MG - 250g","p":3.15,"u":"12,60 €/KG","img":"https://fd14-photos.leclercdrive.fr/image.ashx?id=2947844&use=l&cat=p&typeid=i","cat":284379},{"id":6209,"n":"Viande boeuf hachée Bigard 15%mg - 350g","p":5.9,"u":"16,86 €/KG","img":"https://fd14-photos.leclercdrive.fr/image.ashx?id=1781216&use=l&cat=p&typeid=i","cat":284332},{"id":6211,"n":"Steak haché Bigard tomate Ultra frais - 15%mg - 250g","p":4.3,"u":"17,20 €/KG","img":"https://fd14-photos.leclercdrive.fr/image.ashx?id=2414846&use=l&cat=p&typeid=i","cat":284332},{"id":6223,"n":"Fromage Maroilles AOP  Nos Régions ont du Talent 200g","p":2.69,"u":"13,45 €/KG","img":"https://fd14-photos.leclercdrive.fr/image.ashx?id=2411892&use=l&cat=p&typeid=i","cat":329558},{"id":6242,"n":"Café soluble Plantation Qualité filtre - 100g","p":2.75,"u":"27,50 €/KG","img":"https://fd14-photos.leclercdrive.fr/image.ashx?id=1034036&use=l&cat=p&typeid=i","cat":284843},{"id":6249,"n":"Céleri Menu Fraîcheur  Rémoulade - 500g","p":1.58,"u":"3,16 €/KG","img":"https://fd14-photos.leclercdrive.fr/image.ashx?id=2820107&use=l&cat=p&typeid=i","cat":333657},{"id":6254,"n":"Salade Coleslaw Menu Fraîcheur  300g","p":1.19,"u":"3,97 €/KG","img":"https://fd14-photos.leclercdrive.fr/image.ashx?id=2645891&use=l&cat=p&typeid=i","cat":333657},{"id":6256,"n":"Pizza Turini Jambon champignons - 450g","p":2.73,"u":"6,07 €/KG","img":"https://fd14-photos.leclercdrive.fr/image.ashx?id=2709734&use=l&cat=p&typeid=i","cat":333679},{"id":6291,"n":"Semoule fine Panzani 500g","p":1.05,"u":"2,10 €/KG","img":"https://fd14-photos.leclercdrive.fr/image.ashx?id=2745559&use=l&cat=p&typeid=i","cat":284429},{"id":6314,"n":"Pansements Primoplast Peaux sensibles x30","p":1.04,"img":"https://fd14-photos.leclercdrive.fr/image.ashx?id=2832918&use=l&cat=p&typeid=i","cat":284630},{"id":6316,"n":"Escalope de poulet Côté Croc À la Bolognaise x2 - 200g","p":2.13,"u":"10,65 €/KG","img":"https://fd14-photos.leclercdrive.fr/image.ashx?id=2814420&use=l&cat=p&typeid=i","cat":333683},{"id":6344,"n":"Boules soufflées Tokapi  Fromage - 50g","p":0.58,"u":"11,60 €/KG","img":"https://fd14-photos.leclercdrive.fr/image.ashx?id=2483605&use=l&cat=p&typeid=i","cat":284449},{"id":6347,"n":"Beurre  Les Croisés 80% MG  Demi-sel Extra fin - 250g","p":2.99,"u":"11,96 €/KG","img":"https://fd14-photos.leclercdrive.fr/image.ashx?id=2839881&use=l&cat=p&typeid=i","cat":284379},{"id":6350,"n":"Eponges Mamison couleur Super absorbantes x3","p":1.22,"u":"0,41 €/P","img":"https://fd14-photos.leclercdrive.fr/image.ashx?id=2458049&use=l&cat=p&typeid=i","cat":284667},{"id":6353,"n":"Pancetta italienne Saint Azay 10 tranches - 100g","p":2.89,"u":"28,90 €/KG","img":"https://fd14-photos.leclercdrive.fr/image.ashx?id=2665847&use=l&cat=p&typeid=i","cat":316007},{"id":6357,"n":"Chorizo doux Saint Azay 30 tranches - 150g","p":2.09,"u":"13,93 €/KG","img":"https://fd14-photos.leclercdrive.fr/image.ashx?id=1873710&use=l&cat=p&typeid=i","cat":316007},{"id":6358,"n":"Gel nettoyant wc javel Syphon Agrumes 750ml","p":0.89,"u":"1,19 €/L","img":"https://fd14-photos.leclercdrive.fr/image.ashx?id=2669696&use=l&cat=p&typeid=i","cat":284662},{"id":6359,"n":"Croûtons Epi d'Or Fromage - 90g","p":0.99,"u":"11,00 €/KG","img":"https://fd14-photos.leclercdrive.fr/image.ashx?id=2651783&use=l&cat=p&typeid=i","cat":284464},{"id":6361,"n":"Crème Dépilatoire Siliss Tous types de peaux - 200ml","p":1.79,"u":"8,95 €/L","img":"https://fd14-photos.leclercdrive.fr/image.ashx?id=2699678&use=l&cat=p&typeid=i","cat":325351},{"id":6364,"n":"Fromage Reblochon de Savoie NRT AOP - 450g","p":6.17,"u":"13,71 €/KG","img":"https://fd14-photos.leclercdrive.fr/image.ashx?id=2663809&use=l&cat=p&typeid=i","cat":314037},{"id":6371,"n":"Gâteau de riz Yabon Nappage caramel - 4x125g","p":2.8,"u":"5,60 €/KG","img":"https://fd14-photos.leclercdrive.fr/image.ashx?id=2644286&use=l&cat=p&typeid=i","cat":284506},{"id":6380,"n":"Sauce roquefort Knorr 30cl","p":3.02,"u":"10,07 €/L","img":"https://fd14-photos.leclercdrive.fr/image.ashx?id=2468749&use=l&cat=p&typeid=i","cat":288381},{"id":6391,"n":"Compotes Andros Pomme poire 750g","p":1.75,"u":"2,33 €/KG","img":"https://fd14-photos.leclercdrive.fr/image.ashx?id=2396117&use=l&cat=p&typeid=i","cat":284508},{"id":6392,"n":"Compotes Andros Pomme vanille 750g","p":1.7,"u":"2,27 €/KG","img":"https://fd14-photos.leclercdrive.fr/image.ashx?id=2396120&use=l&cat=p&typeid=i","cat":284508},{"id":6398,"n":"Lait pasteurisé Bridel Demi-écrémé Bouteille - 1L","p":1.55,"u":"1,55 €/L","img":"https://fd14-photos.leclercdrive.fr/image.ashx?id=2860838&use=l&cat=p&typeid=i","cat":285609},{"id":6399,"n":"Lait entier Bridel Lait pasteurisé 1l","p":1.55,"u":"1,55 €/L","img":"https://fd14-photos.leclercdrive.fr/image.ashx?id=2850862&use=l&cat=p&typeid=i","cat":285610},{"id":6437,"n":"Fromage P'tit Louis  Filet 8 Portions - 160g","p":2.75,"u":"17,19 €/KG","img":"https://fd14-photos.leclercdrive.fr/image.ashx?id=2845994&use=l&cat=p&typeid=i","cat":314030},{"id":6445,"n":"Bonbons Mentos  Menthe 4 rouleaux - 152g","p":1.5,"u":"9,87 €/KG","img":"https://fd14-photos.leclercdrive.fr/image.ashx?id=2659819&use=l&cat=p&typeid=i","cat":304256},{"id":6448,"n":"Petits pois carottes Très fins  Notre Jardin -A l'étuvée - 265g","p":0.95,"u":"3,58 €/KG","img":"https://fd14-photos.leclercdrive.fr/image.ashx?id=2987973&use=l&cat=p&typeid=i","cat":312607},{"id":6451,"n":"Pavé au poivre Saint Azay 8 tranches - 150g","p":2.49,"u":"16,60 €/KG","img":"https://fd14-photos.leclercdrive.fr/image.ashx?id=2931766&use=l&cat=p&typeid=i","cat":316007},{"id":6455,"n":"Soufflés Snacks Tokapi Bacon - 60g","p":0.48,"u":"8,00 €/KG","img":"https://fd14-photos.leclercdrive.fr/image.ashx?id=2625062&use=l&cat=p&typeid=i","cat":284449},{"id":6456,"n":"Haricots beurre d'aucy Extra-fins - 220g","p":1.2,"u":"5,45 €/KG","img":"https://fd14-photos.leclercdrive.fr/image.ashx?id=2438123&use=l&cat=p&typeid=i","cat":312606},{"id":6467,"n":"Pâtes Macaroni Turini 1kg","p":1.35,"u":"1,35 €/KG","img":"https://fd14-photos.leclercdrive.fr/image.ashx?id=2607377&use=l&cat=p&typeid=i","cat":284427},{"id":6471,"n":"Lingettes Individuelles Hygiène Intime Hamamélis Intima x16","p":2.33,"u":"0,15 €/P","img":"https://fd14-photos.leclercdrive.fr/image.ashx?id=2959859&use=l&cat=p&typeid=i","cat":284627},{"id":6472,"n":"Miel L'Apiculteur crémeux  et onctueux- 500g","p":5.55,"u":"11,10 €/KG","img":"https://fd14-photos.leclercdrive.fr/image.ashx?id=2854387&use=l&cat=p&typeid=i","cat":287643},{"id":6484,"n":"Alcool modifié Mercurochrome 70° - 200ml","p":1.99,"u":"9,95 €/L","img":"https://fd14-photos.leclercdrive.fr/image.ashx?id=2663974&use=l&cat=p&typeid=i","cat":284630},{"id":6486,"n":"Biscuits apéritif Lay's 3D's Goût Bacon - 85g","p":0.8,"u":"9,41 €/KG","img":"https://fd14-photos.leclercdrive.fr/image.ashx?id=2917414&use=l&cat=p&typeid=i","cat":284449},{"id":6488,"n":"Sucre cristal Béghin Say 5kg","p":5.48,"u":"1,10 €/KG","img":"https://fd14-photos.leclercdrive.fr/image.ashx?id=2866340&use=l&cat=p&typeid=i","cat":284502},{"id":6496,"n":"Sauce au Beurre Blan KNORR Échalote - Brique 30cl","p":1.37,"u":"4,57 €/L","img":"https://fd14-photos.leclercdrive.fr/image.ashx?id=2915991&use=l&cat=p&typeid=i","cat":288381},{"id":6504,"n":"Croûtons Gastromer AIl - 75g","p":0.76,"u":"10,13 €/KG","img":"https://fd14-photos.leclercdrive.fr/image.ashx?id=1713906&use=l&cat=p&typeid=i","cat":284464},{"id":6506,"n":"Rillettes de thon Gastromer Au poivre vert - 150g","p":1.5,"u":"10,00 €/KG","img":"https://fd14-photos.leclercdrive.fr/image.ashx?id=1849210&use=l&cat=p&typeid=i","cat":285191},{"id":6507,"n":"Rillettes de sardines Gastromer 150g","p":1.5,"u":"10,00 €/KG","img":"https://fd14-photos.leclercdrive.fr/image.ashx?id=1849213&use=l&cat=p&typeid=i","cat":285191},{"id":6511,"n":"Pâtes Spaghetti Turini 1kg","p":1.35,"u":"1,35 €/KG","img":"https://fd14-photos.leclercdrive.fr/image.ashx?id=2980447&use=l&cat=p&typeid=i","cat":284427},{"id":6512,"n":"Riz long Comptoir du Grain Sachet cuisson rapide x4 - 500g","p":1.25,"u":"2,50 €/KG","img":"https://fd14-photos.leclercdrive.fr/image.ashx?id=2118454&use=l&cat=p&typeid=i","cat":284428},{"id":6513,"n":"Vinaigre de vin Rustica Aromatisé à l'échalote - 75cl","p":1.35,"u":"1,80 €/L","img":"https://fd14-photos.leclercdrive.fr/image.ashx?id=1659936&use=l&cat=p&typeid=i","cat":298543},{"id":6514,"n":"Margarine Nat & vie Idéal cuisson - 500g","p":1.29,"u":"2,58 €/KG","img":"https://fd14-photos.leclercdrive.fr/image.ashx?id=2903932&use=l&cat=p&typeid=i","cat":315229},{"id":6519,"n":"Soufflés Frites Tokapi Salé - 80g","p":0.65,"u":"8,13 €/KG","img":"https://fd14-photos.leclercdrive.fr/image.ashx?id=2486074&use=l&cat=p&typeid=i","cat":284449},{"id":6521,"n":"Pâtes chinoises Tables du Monde 250g","p":1.19,"u":"4,76 €/KG","img":"https://fd14-photos.leclercdrive.fr/image.ashx?id=2572058&use=l&cat=p&typeid=i","cat":288992},{"id":6523,"n":"Champignons Paris Notre Jardin Emincés - 2x115g","p":1.71,"u":"7,43 €/KG","img":"https://fd14-photos.leclercdrive.fr/image.ashx?id=2724696&use=l&cat=p&typeid=i","cat":312610},{"id":6524,"n":"Dessert fruitier pomme Douceur du Verger 8x100g","p":1.69,"u":"2,11 €/KG","img":"https://fd14-photos.leclercdrive.fr/image.ashx?id=3009773&use=l&cat=p&typeid=i","cat":284416},{"id":6525,"n":"Serviette hygiénique Doulys Ultra - Super+ - x12","p":1.09,"u":"0,09 €/P","img":"https://fd14-photos.leclercdrive.fr/image.ashx?id=2838918&use=l&cat=p&typeid=i","cat":284624},{"id":6526,"n":"Serviette hygiénique Doulys Ultra - Spécial nuit - x10","p":1.29,"u":"0,13 €/P","img":"https://fd14-photos.leclercdrive.fr/image.ashx?id=2838921&use=l&cat=p&typeid=i","cat":284624},{"id":6579,"n":"Vinaigre d'alcool coloré Eco+ 1L","p":0.35,"u":"0,35 €/L","img":"https://fd14-photos.leclercdrive.fr/image.ashx?id=2729260&use=l&cat=p&typeid=i","cat":298543},{"id":6580,"n":"Fromage de chévre Les Croisés 150g","p":1.42,"u":"9,47 €/KG","img":"https://fd14-photos.leclercdrive.fr/image.ashx?id=2978510&use=l&cat=p&typeid=i","cat":314031},{"id":6581,"n":"Fromage : Le carrou Les croisés Authentique - 27% mg - 220g","p":2.43,"u":"11,05 €/KG","img":"https://fd14-photos.leclercdrive.fr/image.ashx?id=2856272&use=l&cat=p&typeid=i","cat":314033},{"id":6589,"n":"Fromage Chaource NRT AOP  250g","p":3.29,"u":"13,16 €/KG","img":"https://fd14-photos.leclercdrive.fr/image.ashx?id=2874768&use=l&cat=p&typeid=i","cat":329558},{"id":6630,"n":"Pâtes torsettes Turini Les 3 min - 500g","p":0.82,"u":"1,64 €/KG","img":"https://fd14-photos.leclercdrive.fr/image.ashx?id=2607467&use=l&cat=p&typeid=i","cat":284427},{"id":6648,"n":"Boîte chocolats Ferrero Rocher x28 pralines - 350g","p":11.95,"u":"34,14 €/KG","img":"https://fd14-photos.leclercdrive.fr/image.ashx?id=2952884&use=l&cat=p&typeid=i","cat":327600},{"id":6680,"n":"Botte de thym laurier  1p","p":1.49,"img":"https://fd14-photos.leclercdrive.fr/image.ashx?id=578630&use=l&cat=p&typeid=i","cat":293607},{"id":6681,"n":"Persil frisé la botte  1p","p":1.29,"img":"https://fd14-photos.leclercdrive.fr/image.ashx?id=578632&use=l&cat=p&typeid=i","cat":293607},{"id":6697,"n":"Collants Well Elastivoile Résistant noir T1","p":3.5,"img":"https://fd14-photos.leclercdrive.fr/image.ashx?id=2056539&use=l&cat=p&typeid=i","cat":334130},{"id":6711,"n":"Spray nettoyant vitres Clair Recharge 750ml","p":1.09,"u":"1,45 €/L","img":"https://fd14-photos.leclercdrive.fr/image.ashx?id=1647691&use=l&cat=p&typeid=i","cat":325363},{"id":6712,"n":"Spray nettoyant vitres Clair 750ml","p":1.29,"u":"1,72 €/L","img":"https://fd14-photos.leclercdrive.fr/image.ashx?id=2943623&use=l&cat=p&typeid=i","cat":325363},{"id":6714,"n":"Fromage raclette Entremont Saveur d'Antan 350g","p":4.25,"u":"12,14 €/KG","img":"https://fd14-photos.leclercdrive.fr/image.ashx?id=2984985&use=l&cat=p&typeid=i","cat":314037},{"id":6715,"n":"Assiette charcuterie Saint Azay 200g","p":3.11,"u":"15,55 €/KG","img":"https://fd14-photos.leclercdrive.fr/image.ashx?id=2417734&use=l&cat=p&typeid=i","cat":316007},{"id":6779,"n":"Sauce Olives Basilic Panzani 400g","p":1.55,"u":"3,88 €/KG","img":"https://fd14-photos.leclercdrive.fr/image.ashx?id=2880679&use=l&cat=p&typeid=i","cat":288384},{"id":6829,"n":"Sucre Daddy n°4 Morceaux - 1kg","p":1.55,"u":"1,55 €/KG","img":"https://fd14-photos.leclercdrive.fr/image.ashx?id=2936056&use=l&cat=p&typeid=i","cat":284502},{"id":6834,"n":"Soufflés l'Original Curly Cacahuète - 60g","p":0.55,"u":"9,17 €/KG","img":"https://fd14-photos.leclercdrive.fr/image.ashx?id=2971035&use=l&cat=p&typeid=i","cat":284449},{"id":6838,"n":"Joker Pur Jus Engagé Orange  avec pulpe - 1L","p":2.95,"u":"2,95 €/L","img":"https://fd14-photos.leclercdrive.fr/image.ashx?id=3001284&use=l&cat=p&typeid=i","cat":284521},{"id":6879,"n":"Fromage Gouda Les Croisés En tranche - 200g","p":1.75,"u":"8,75 €/KG","img":"https://fd14-photos.leclercdrive.fr/image.ashx?id=2028173&use=l&cat=p&typeid=i","cat":314028},{"id":6880,"n":"Fromage Mimolette Les Croisés En tranche x8 - 200g","p":1.85,"u":"9,25 €/KG","img":"https://fd14-photos.leclercdrive.fr/image.ashx?id=2028176&use=l&cat=p&typeid=i","cat":314028},{"id":6881,"n":"Fromage Maasdam Les Croisés En tranche x8 - 200g","p":1.91,"u":"9,55 €/KG","img":"https://fd14-photos.leclercdrive.fr/image.ashx?id=1990673&use=l&cat=p&typeid=i","cat":314028},{"id":6892,"n":"Pâtes Piccolini Barilla Mini Pipe Rigate- 500g","p":1.09,"u":"2,18 €/KG","img":"https://fd14-photos.leclercdrive.fr/image.ashx?id=2964108&use=l&cat=p&typeid=i","cat":284427},{"id":6928,"n":"Préparation pour fondue Les Croisés 18%mg 400g","p":3.42,"u":"8,55 €/KG","img":"https://fd14-photos.leclercdrive.fr/image.ashx?id=2969713&use=l&cat=p&typeid=i","cat":314037},{"id":6981,"n":"Lait frais Ribot Bridel Fermenté maigre - 1L","p":1.55,"u":"1,55 €/L","img":"https://fd14-photos.leclercdrive.fr/image.ashx?id=2643881&use=l&cat=p&typeid=i","cat":285609},{"id":7012,"n":"Compote bébé Babybio - 4 mois Bio Poire williams - 2x130g","p":1.8,"u":"6,92 €/KG","img":"https://fd14-photos.leclercdrive.fr/image.ashx?id=2834515&use=l&cat=p&typeid=i","cat":312387},{"id":7017,"n":"Compote bébé Babybio Bio 4 mois Pomme / Banane - 2x130g","p":1.65,"u":"6,35 €/KG","img":"https://fd14-photos.leclercdrive.fr/image.ashx?id=2832011&use=l&cat=p&typeid=i","cat":312387},{"id":7025,"n":"Pizza Cuite sur pierre Turini Jambon fromage - 400g","p":2.85,"u":"7,13 €/KG","img":"https://fd14-photos.leclercdrive.fr/image.ashx?id=2815223&use=l&cat=p&typeid=i","cat":284256},{"id":7029,"n":"Velouté de carotte Régal A la Crème fraîche - 1L","p":1.41,"u":"1,41 €/L","img":"https://fd14-photos.leclercdrive.fr/image.ashx?id=2607437&use=l&cat=p&typeid=i","cat":284462},{"id":7030,"n":"Sauce Tomate cuisinée Turini Aux petits légumes - 180g","p":0.84,"u":"4,67 €/KG","img":"https://fd14-photos.leclercdrive.fr/image.ashx?id=2490034&use=l&cat=p&typeid=i","cat":288384},{"id":7127,"n":"Sauce soja Jardin Bio' Bio - 125ml","p":2.4,"u":"19,20 €/L","img":"https://fd14-photos.leclercdrive.fr/image.ashx?id=2740118&use=l&cat=p&typeid=i","cat":288992},{"id":7132,"n":"Samoussa Tables du Monde Crevette curry - x6 - 200g","p":3.19,"u":"13,87 €/KG","img":"https://fd14-photos.leclercdrive.fr/image.ashx?id=2591712&use=l&cat=p&typeid=i","cat":333673},{"id":7191,"n":"Nouilles chinoises Tanoshi blé tendre - 250g","p":1.55,"u":"6,20 €/KG","img":"https://fd14-photos.leclercdrive.fr/image.ashx?id=2850892&use=l&cat=p&typeid=i","cat":288992},{"id":7199,"n":"Crème noix coco Kara - brique de 200ml","p":1.55,"u":"7,75 €/KG","img":"https://fd14-photos.leclercdrive.fr/image.ashx?id=2906892&use=l&cat=p&typeid=i","cat":288992},{"id":7216,"n":"Talc bébé Mots d'Enfants 250g","p":1.37,"u":"5,48 €/KG","img":"https://fd14-photos.leclercdrive.fr/image.ashx?id=3015033&use=l&cat=p&typeid=i","cat":284741},{"id":7267,"n":"Pâtes Etoiles Panzani 500g","p":1.2,"u":"2,40 €/KG","img":"https://fd14-photos.leclercdrive.fr/image.ashx?id=2896060&use=l&cat=p&typeid=i","cat":284427},{"id":7289,"n":"Crème Dépilatoire Siliss Peaux sensibles - 200ml","p":1.79,"u":"8,95 €/L","img":"https://fd14-photos.leclercdrive.fr/image.ashx?id=2699675&use=l&cat=p&typeid=i","cat":325351},{"id":7293,"n":"Râpé 3 fromages Les Croisés 200g","p":1.79,"u":"8,95 €/KG","img":"https://fd14-photos.leclercdrive.fr/image.ashx?id=2893292&use=l&cat=p&typeid=i","cat":314035},{"id":7294,"n":"Huile de tournesol Bio Village Bio - 75cl","p":4.11,"u":"5,48 €/L","img":"https://fd14-photos.leclercdrive.fr/image.ashx?id=1256837&use=l&cat=p&typeid=i","cat":284453},{"id":7343,"n":"Pâtes Panzani Penne rigate - 500g","p":0.97,"u":"1,94 €/KG","img":"https://fd14-photos.leclercdrive.fr/image.ashx?id=2876011&use=l&cat=p&typeid=i","cat":284427},{"id":7344,"n":"Pâtes petits paniers Panzani 500g","p":1.1,"u":"2,20 €/KG","img":"https://fd14-photos.leclercdrive.fr/image.ashx?id=2876014&use=l&cat=p&typeid=i","cat":284427},{"id":7345,"n":"Pâtes serpentini Panzani 500g","p":1.05,"u":"2,10 €/KG","img":"https://fd14-photos.leclercdrive.fr/image.ashx?id=2876044&use=l&cat=p&typeid=i","cat":284427},{"id":7349,"n":"Croquettes chat One Purina Stérilisé - Boeuf/Blé - 450g","p":2.45,"u":"5,44 €/KG","img":"https://fd14-photos.leclercdrive.fr/image.ashx?id=2681044&use=l&cat=p&typeid=i","cat":284680},{"id":7350,"n":"Couscous à la Marocaine  Garbit - 285g","p":2.5,"u":"8,77 €/KG","img":"https://fd14-photos.leclercdrive.fr/image.ashx?id=2672128&use=l&cat=p&typeid=i","cat":284953},{"id":7352,"n":"Lapin chasseur individuel William Saurin - 280g","p":3.1,"u":"11,07 €/KG","img":"https://fd14-photos.leclercdrive.fr/image.ashx?id=2528922&use=l&cat=p&typeid=i","cat":284953},{"id":7359,"n":"Gorgonzola AOP Les Croisés -150g","p":2.47,"u":"16,47 €/KG","img":"https://fd14-photos.leclercdrive.fr/image.ashx?id=2796037&use=l&cat=p&typeid=i","cat":314032},{"id":7360,"n":"Mortadelle Italienne Saint Azay 12 tranches 150g","p":2.14,"u":"14,27 €/KG","img":"https://fd14-photos.leclercdrive.fr/image.ashx?id=2704481&use=l&cat=p&typeid=i","cat":316009},{"id":7361,"n":"Fromage Edam Les Croisés En tranche x8 - 200g","p":1.97,"u":"9,85 €/KG","img":"https://fd14-photos.leclercdrive.fr/image.ashx?id=2041351&use=l&cat=p&typeid=i","cat":314028},{"id":7363,"n":"Riz Express Comptoir du Grain A la méditerranéenne - 250g","p":1.2,"u":"4,80 €/KG","img":"https://fd14-photos.leclercdrive.fr/image.ashx?id=2441195&use=l&cat=p&typeid=i","cat":287600},{"id":7364,"n":"Sauce au poivre vert Rustica 30g","p":0.6,"u":"20,00 €/KG","img":"https://fd14-photos.leclercdrive.fr/image.ashx?id=2188826&use=l&cat=p&typeid=i","cat":288381},{"id":7368,"n":"Chiffonnade de jambon sec Saint Azay affiné 7 mois - 100g","p":2.99,"u":"29,90 €/KG","img":"https://fd14-photos.leclercdrive.fr/image.ashx?id=2462254&use=l&cat=p&typeid=i","cat":316007},{"id":7369,"n":"Chiffonades de rosette Saint Azay - 100g","p":2.0,"u":"20,00 €/KG","img":"https://fd14-photos.leclercdrive.fr/image.ashx?id=2401891&use=l&cat=p&typeid=i","cat":316007},{"id":7424,"n":"Bouillon Cubes bouquet garni Knorr - thym persil laurier -x9","p":1.25,"u":"12,63 €/KG","img":"https://fd14-photos.leclercdrive.fr/image.ashx?id=2915667&use=l&cat=p&typeid=i","cat":288379},{"id":7432,"n":"Huile de friture Frial Lesieur 2L","p":5.95,"u":"2,98 €/L","img":"https://fd14-photos.leclercdrive.fr/image.ashx?id=2916857&use=l&cat=p&typeid=i","cat":284453},{"id":7437,"n":"Pâte brisée Tablier Blanc Au beurre - 230g","p":1.17,"u":"5,09 €/KG","img":"https://fd14-photos.leclercdrive.fr/image.ashx?id=2635892&use=l&cat=p&typeid=i","cat":333681},{"id":7441,"n":"Huile de friture Rustica 1L","p":2.7,"u":"2,70 €/L","img":"https://fd14-photos.leclercdrive.fr/image.ashx?id=2500800&use=l&cat=p&typeid=i","cat":284453},{"id":7443,"n":"Dessert fruitier pomme poire Douceur du Verger s/sucre 4x97g","p":1.25,"u":"3,22 €/KG","img":"https://fd14-photos.leclercdrive.fr/image.ashx?id=3009782&use=l&cat=p&typeid=i","cat":284416},{"id":7444,"n":"Dessert fruitier pomme Douceur du Verger s/sucre 4x97g","p":1.05,"u":"2,71 €/KG","img":"https://fd14-photos.leclercdrive.fr/image.ashx?id=2979340&use=l&cat=p&typeid=i","cat":284416},{"id":7448,"n":"Compote Douceur du Verger Coupelle pomme pruneau - 4x100g","p":1.36,"u":"3,40 €/KG","img":"https://fd14-photos.leclercdrive.fr/image.ashx?id=1961434&use=l&cat=p&typeid=i","cat":284508},{"id":7450,"n":"Gâteaux fourrés P'tit Déli Fraise x7 - 196g","p":2.8,"u":"14,29 €/KG","img":"https://fd14-photos.leclercdrive.fr/image.ashx?id=2659777&use=l&cat=p&typeid=i","cat":284495},{"id":7451,"n":"Biscuits P'tit Déli Goûters Fourrés au chocolat 2x300g","p":2.3,"u":"3,83 €/KG","img":"https://fd14-photos.leclercdrive.fr/image.ashx?id=2116182&use=l&cat=p&typeid=i","cat":284488},{"id":7452,"n":"Tubes Fromage blanc Délisse 3 parfums - 12 x40g","p":2.38,"u":"4,96 €/KG","img":"https://fd14-photos.leclercdrive.fr/image.ashx?id=2884231&use=l&cat=p&typeid=i","cat":284415},{"id":7455,"n":"Fromage Bleu des Causses NRT  AOP - 125g","p":1.99,"u":"15,92 €/KG","img":"https://fd14-photos.leclercdrive.fr/image.ashx?id=2771043&use=l&cat=p&typeid=i","cat":314032},{"id":7459,"n":"Pâtes Barilla Spaghetti n°5 - 500g","p":0.94,"u":"1,88 €/KG","img":"https://fd14-photos.leclercdrive.fr/image.ashx?id=2392200&use=l&cat=p&typeid=i","cat":284427},{"id":7465,"n":"Actifidus Délisse Citron - 4x125g","p":1.36,"u":"2,72 €/KG","img":"https://fd14-photos.leclercdrive.fr/image.ashx?id=2501673&use=l&cat=p&typeid=i","cat":315000},{"id":7466,"n":"Pain grillé Epi d'or Brioché x26 - 300g","p":2.15,"u":"7,17 €/KG","img":"https://fd14-photos.leclercdrive.fr/image.ashx?id=2532835&use=l&cat=p&typeid=i","cat":284479},{"id":7528,"n":"Trio de crudités Bonduelle Carotte, céleri, maïs 300g","p":1.7,"u":"5,67 €/KG","img":"https://fd14-photos.leclercdrive.fr/image.ashx?id=2901731&use=l&cat=p&typeid=i","cat":333657},{"id":7529,"n":"Fromage Comté Entremont 200g","p":3.05,"u":"15,25 €/KG","img":"https://fd14-photos.leclercdrive.fr/image.ashx?id=2983144&use=l&cat=p&typeid=i","cat":314034},{"id":7530,"n":"Crème fraîche épaisse Bridélice 15%mg 20cl","p":0.77,"u":"3,85 €/L","img":"https://fd14-photos.leclercdrive.fr/image.ashx?id=2970873&use=l&cat=p&typeid=i","cat":284381},{"id":7540,"n":"Barquette chiens Lydog Au Poulet et Rognons - 300g","p":1.35,"u":"4,50 €/KG","img":"https://fd14-photos.leclercdrive.fr/image.ashx?id=2042427&use=l&cat=p&typeid=i","cat":284673},{"id":7541,"n":"Barquette chiens Lydog Au Boeuf et Coeur - 300g","p":1.59,"u":"5,30 €/KG","img":"https://fd14-photos.leclercdrive.fr/image.ashx?id=2042430&use=l&cat=p&typeid=i","cat":284673},{"id":7542,"n":"Barquette chien Lydog au Foie et Volailles - 300g","p":1.45,"u":"4,83 €/KG","img":"https://fd14-photos.leclercdrive.fr/image.ashx?id=2042436&use=l&cat=p&typeid=i","cat":284673},{"id":7548,"n":"Ail Rustica 100g","p":1.69,"u":"16,90 €/KG","img":"https://fd14-photos.leclercdrive.fr/image.ashx?id=2365451&use=l&cat=p&typeid=i","cat":319804},{"id":7563,"n":"Coulis de tomate bio Jardin Bio 500g","p":1.55,"u":"3,10 €/KG","img":"https://fd14-photos.leclercdrive.fr/image.ashx?id=2918841&use=l&cat=p&typeid=i","cat":288384},{"id":7573,"n":"Infusion Bio Jardin Bio' Draineur - x20 sachets - 30g","p":2.65,"u":"88,33 €/KG","img":"https://fd14-photos.leclercdrive.fr/image.ashx?id=2792525&use=l&cat=p&typeid=i","cat":293234},{"id":7574,"n":"Infusion bio Jardin Bio' Aide minceur - 30g","p":2.5,"u":"83,33 €/KG","img":"https://fd14-photos.leclercdrive.fr/image.ashx?id=2971110&use=l&cat=p&typeid=i","cat":293234},{"id":7585,"n":"Echalote Rustica 100g","p":1.69,"u":"16,90 €/KG","img":"https://fd14-photos.leclercdrive.fr/image.ashx?id=2365457&use=l&cat=p&typeid=i","cat":319804},{"id":7586,"n":"Fond de veau Rustica 110g","p":2.11,"u":"19,18 €/KG","img":"https://fd14-photos.leclercdrive.fr/image.ashx?id=2188679&use=l&cat=p&typeid=i","cat":288379},{"id":7598,"n":"Ravioli de volaille Jardin Bio' Bio - 700g","p":3.84,"u":"5,49 €/KG","img":"https://fd14-photos.leclercdrive.fr/image.ashx?id=2950183&use=l&cat=p&typeid=i","cat":284442},{"id":7599,"n":"Haricots verts Jardin Bio' Bio extra fin coupés - 360g","p":2.23,"u":"6,19 €/KG","img":"https://fd14-photos.leclercdrive.fr/image.ashx?id=2967151&use=l&cat=p&typeid=i","cat":312606},{"id":7600,"n":"Petits pois carottes JardinBio' Bio - 420g","p":2.5,"u":"5,95 €/KG","img":"https://fd14-photos.leclercdrive.fr/image.ashx?id=2947958&use=l&cat=p&typeid=i","cat":312607},{"id":7601,"n":"Dessert fruitier Jardin Bio' bio Pomme vanille bourbon 680g","p":2.5,"u":"3,68 €/KG","img":"https://fd14-photos.leclercdrive.fr/image.ashx?id=2967786&use=l&cat=p&typeid=i","cat":284508},{"id":7613,"n":"Porc : Rôti dans le filet  1kg","p":8.1,"u":"8,10 €/KG","img":"https://fd14-photos.leclercdrive.fr/image.ashx?id=619042&use=l&cat=p&typeid=i","cat":284331},{"id":7614,"n":"Sauté de porc 600g","p":4.5,"u":"7,50 €/KG","img":"https://fd14-photos.leclercdrive.fr/image.ashx?id=619534&use=l&cat=p&typeid=i","cat":284331},{"id":7619,"n":"Boeuf bourguignon*** à mijoter - 500g","p":6.95,"u":"13,90 €/KG","img":"https://fd14-photos.leclercdrive.fr/image.ashx?id=659562&use=l&cat=p&typeid=i","cat":284328},{"id":7620,"n":"Rôti de boeuf **  1kg","p":20.9,"u":"20,90 €/KG","img":"https://fd14-photos.leclercdrive.fr/image.ashx?id=1495728&use=l&cat=p&typeid=i","cat":284328},{"id":7621,"n":"Escalope de veau *** à griller x2 -  300g","p":6.27,"u":"20,90 €/KG","img":"https://fd14-photos.leclercdrive.fr/image.ashx?id=619014&use=l&cat=p&typeid=i","cat":284329},{"id":7646,"n":"Spaghetti Jardin Bio Bio quinoa persil ail - 500g","p":1.7,"u":"3,40 €/KG","img":"https://fd14-photos.leclercdrive.fr/image.ashx?id=3014542&use=l&cat=p&typeid=i","cat":284427},{"id":7652,"n":"Compotes Pomme Pruneau Andros 4x100g","p":1.35,"u":"3,38 €/KG","img":"https://fd14-photos.leclercdrive.fr/image.ashx?id=2935789&use=l&cat=p&typeid=i","cat":284416},{"id":7654,"n":"Compote Andros Pomme rhubarbe 4x100g","p":1.45,"u":"14,50 €/KG","img":"https://fd14-photos.leclercdrive.fr/image.ashx?id=2883934&use=l&cat=p&typeid=i","cat":284416},{"id":7656,"n":"Compotes Andros Pomme - 4x100g","p":1.45,"u":"3,63 €/KG","img":"https://fd14-photos.leclercdrive.fr/image.ashx?id=2875337&use=l&cat=p&typeid=i","cat":284416},{"id":7665,"n":"Camembert Lanquetot Moulé à la louche - 250g","p":3.05,"u":"12,20 €/KG","img":"https://fd14-photos.leclercdrive.fr/image.ashx?id=2945484&use=l&cat=p&typeid=i","cat":314033},{"id":7666,"n":"Camembert Lepetit  250g","p":2.45,"u":"9,80 €/KG","img":"https://fd14-photos.leclercdrive.fr/image.ashx?id=2504350&use=l&cat=p&typeid=i","cat":314033},{"id":7696,"n":"Camembert Bons Mayennais Lait pasteurisé 22%mg - 250g","p":2.05,"u":"8,20 €/KG","img":"https://fd14-photos.leclercdrive.fr/image.ashx?id=2966689&use=l&cat=p&typeid=i","cat":314033},{"id":7713,"n":"Dessert fruitier pomme pruneaux Douceur du Verger s/sucre4x100g","p":1.54,"u":"3,85 €/KG","img":"https://fd14-photos.leclercdrive.fr/image.ashx?id=1962960&use=l&cat=p&typeid=i","cat":284416},{"id":7750,"n":"Boulghour bio Céréal Bio  repas express 250g","p":1.85,"u":"7,40 €/KG","img":"https://fd14-photos.leclercdrive.fr/image.ashx?id=2575045&use=l&cat=p&typeid=i","cat":284429},{"id":7761,"n":"Galette Croq'Soja Céréal Bio  Bio provençale x2 200g","p":2.18,"u":"10,90 €/KG","img":"https://fd14-photos.leclercdrive.fr/image.ashx?id=2574296&use=l&cat=p&typeid=i","cat":284953},{"id":7772,"n":"Galette bio Céréal Bio  Millet champignons x2 - 200g","p":1.95,"u":"9,75 €/KG","img":"https://fd14-photos.leclercdrive.fr/image.ashx?id=2573543&use=l&cat=p&typeid=i","cat":284953},{"id":7780,"n":"Crackers Réception Belin Assortiment Apéritif - 380g","p":3.13,"u":"8,24 €/KG","img":"https://fd14-photos.leclercdrive.fr/image.ashx?id=3001961&use=l&cat=p&typeid=i","cat":297000},{"id":7857,"n":"Croquettes chiens Fido Au boeuf 1kg","p":2.7,"u":"2,70 €/KG","img":"https://fd14-photos.leclercdrive.fr/image.ashx?id=2972964&use=l&cat=p&typeid=i","cat":294526},{"id":7862,"n":"Petit pot de crème Délisse Café - 4x100g","p":1.8,"u":"4,50 €/KG","img":"https://fd14-photos.leclercdrive.fr/image.ashx?id=2550372&use=l&cat=p&typeid=i","cat":285041},{"id":7864,"n":"Yaourts sucrés Délisse Nature  - 4x125g","p":0.99,"u":"1,98 €/KG","img":"https://fd14-photos.leclercdrive.fr/image.ashx?id=2590415&use=l&cat=p&typeid=i","cat":284409},{"id":7866,"n":"Beurre Tendre Les Croisés Demi-sel - 80% MG - 250g","p":2.51,"u":"10,04 €/KG","img":"https://fd14-photos.leclercdrive.fr/image.ashx?id=2839899&use=l&cat=p&typeid=i","cat":284379},{"id":7881,"n":"Camembert Les Croisés 8 portions - 22% mg - 8x30g","p":2.19,"u":"9,13 €/KG","img":"https://fd14-photos.leclercdrive.fr/image.ashx?id=2974798&use=l&cat=p&typeid=i","cat":314033},{"id":7882,"n":"Actifidus Délisse Coco Citron Vanille - 12x125g","p":3.5,"u":"2,33 €/KG","img":"https://fd14-photos.leclercdrive.fr/image.ashx?id=2441842&use=l&cat=p&typeid=i","cat":315000},{"id":7895,"n":"Gâteau de riz La Laitiere 500g","p":2.2,"u":"4,40 €/KG","img":"https://fd14-photos.leclercdrive.fr/image.ashx?id=3010972&use=l&cat=p&typeid=i","cat":284418},{"id":7965,"n":"Matière grasse Bridelight à tartiner 15% MG - 250g","p":2.0,"u":"8,00 €/KG","img":"https://fd14-photos.leclercdrive.fr/image.ashx?id=2643884&use=l&cat=p&typeid=i","cat":284379},{"id":7972,"n":"Beurre Moulé Paysan Breton Doux - 82%MG - 250g","p":3.15,"u":"12,60 €/KG","img":"https://fd14-photos.leclercdrive.fr/image.ashx?id=2946943&use=l&cat=p&typeid=i","cat":284379},{"id":7973,"n":"Faisselle Rians 6%mg - 4x100g","p":2.2,"u":"5,50 €/KG","img":"https://fd14-photos.leclercdrive.fr/image.ashx?id=2762088&use=l&cat=p&typeid=i","cat":284409},{"id":7993,"n":"Beurre d'escargot Rustica Ail et persil - 250g","p":3.49,"u":"13,96 €/KG","img":"https://fd14-photos.leclercdrive.fr/image.ashx?id=1915569&use=l&cat=p&typeid=i","cat":319775},{"id":7994,"n":"Hachis Parmentier Côté Table 900g","p":5.39,"u":"5,99 €/KG","img":"https://fd14-photos.leclercdrive.fr/image.ashx?id=2895765&use=l&cat=p&typeid=i","cat":333666},{"id":7996,"n":"Poireaux Notre Jardin En rondelles 1kg","p":1.28,"u":"1,28 €/KG","img":"https://fd14-photos.leclercdrive.fr/image.ashx?id=2873123&use=l&cat=p&typeid=i","cat":319805},{"id":8000,"n":"Cordon Bleu Poulet Père Dodu  Bacon de Dinde x2 - 200g","p":2.55,"u":"12,75 €/KG","img":"https://fd14-photos.leclercdrive.fr/image.ashx?id=2956987&use=l&cat=p&typeid=i","cat":333683},{"id":8008,"n":"Pizza Cuite sur pierre Turini Fruits de Mer - 400g","p":3.15,"u":"7,88 €/KG","img":"https://fd14-photos.leclercdrive.fr/image.ashx?id=2815202&use=l&cat=p&typeid=i","cat":284256},{"id":8011,"n":"Crème glacée Menthe Eskiss Copeaux de Chocolat - 494g","p":2.79,"u":"5,65 €/KG","img":"https://fd14-photos.leclercdrive.fr/image.ashx?id=3002548&use=l&cat=p&typeid=i","cat":284263},{"id":8012,"n":"Friandises pour chien Lydog Biscuits fourrés Viande - 500g","p":1.29,"u":"2,58 €/KG","img":"https://fd14-photos.leclercdrive.fr/image.ashx?id=2191114&use=l&cat=p&typeid=i","cat":294527},{"id":8017,"n":"Pâtes Penne Regate Turini 500g","p":0.59,"u":"1,18 €/KG","img":"https://fd14-photos.leclercdrive.fr/image.ashx?id=2980776&use=l&cat=p&typeid=i","cat":284427},{"id":8024,"n":"Barquette chiens Lydog 3 saveurs - 3x300g","p":3.78,"u":"4,20 €/KG","img":"https://fd14-photos.leclercdrive.fr/image.ashx?id=2050639&use=l&cat=p&typeid=i","cat":284673},{"id":8025,"n":"Barquette chiens Lydog 3 saveurs - 3x300g","p":3.79,"u":"4,21 €/KG","img":"https://fd14-photos.leclercdrive.fr/image.ashx?id=2050642&use=l&cat=p&typeid=i","cat":284673},{"id":8027,"n":"Soupe Velouté Régal Soupe 10 légumes - 2x30cl","p":1.19,"u":"1,98 €/L","img":"https://fd14-photos.leclercdrive.fr/image.ashx?id=2607443&use=l&cat=p&typeid=i","cat":284462},{"id":8032,"n":"Nougat tendre de Montélimar NRT Barre 200g","p":4.19,"u":"20,95 €/KG","img":"https://fd14-photos.leclercdrive.fr/image.ashx?id=2991148&use=l&cat=p&typeid=i","cat":304249},{"id":8059,"n":"Coloration Belle Color n°2 Blond naturel","p":5.95,"img":"https://fd14-photos.leclercdrive.fr/image.ashx?id=2960792&use=l&cat=p&typeid=i","cat":288899},{"id":8060,"n":"Coloration Belle Color n°03 Blond doré","p":5.65,"img":"https://fd14-photos.leclercdrive.fr/image.ashx?id=2884357&use=l&cat=p&typeid=i","cat":288899},{"id":8063,"n":"Coloration Belle Color n°06 Blond très clair","p":5.95,"img":"https://fd14-photos.leclercdrive.fr/image.ashx?id=2513532&use=l&cat=p&typeid=i","cat":288899},{"id":8066,"n":"Coloration Belle Color n°20 Chatain clair","p":5.65,"img":"https://fd14-photos.leclercdrive.fr/image.ashx?id=2884366&use=l&cat=p&typeid=i","cat":288899},{"id":8067,"n":"Coloration Belle Color n°21 Chatain clair doré","p":5.99,"img":"https://fd14-photos.leclercdrive.fr/image.ashx?id=2960795&use=l&cat=p&typeid=i","cat":288899},{"id":8068,"n":"Coloration Belle Color n°22 Chatain","p":5.65,"img":"https://fd14-photos.leclercdrive.fr/image.ashx?id=2884372&use=l&cat=p&typeid=i","cat":288899},{"id":8070,"n":"Coloration Belle Color n°24 Chatain foncé","p":5.65,"img":"https://fd14-photos.leclercdrive.fr/image.ashx?id=2960798&use=l&cat=p&typeid=i","cat":288899},{"id":8073,"n":"Coloration Belle Color n°80 Noir","p":5.65,"img":"https://fd14-photos.leclercdrive.fr/image.ashx?id=2884378&use=l&cat=p&typeid=i","cat":288899},{"id":8095,"n":"Fromage frais Malo Nature - 20%MG - 1kg","p":2.95,"u":"2,95 €/KG","img":"https://fd14-photos.leclercdrive.fr/image.ashx?id=1745603&use=l&cat=p&typeid=i","cat":284409},{"id":8120,"n":"Cassoulet Saucisse de Toulouse Côté Table - 840g","p":3.63,"u":"4,32 €/KG","img":"https://fd14-photos.leclercdrive.fr/image.ashx?id=2977129&use=l&cat=p&typeid=i","cat":284440},{"id":8121,"n":"Glace Cône Mini Smicy Vanille Chocolat x10 - 175g","p":2.1,"u":"12,00 €/KG","img":"https://fd14-photos.leclercdrive.fr/image.ashx?id=2698168&use=l&cat=p&typeid=i","cat":285250},{"id":8136,"n":"Biscuits raisin GERBLE  - 4x5, 360g","p":1.5,"u":"4,17 €/KG","img":"https://fd14-photos.leclercdrive.fr/image.ashx?id=2578726&use=l&cat=p&typeid=i","cat":318651},{"id":8178,"n":"Infusion Tisea Douce soirée 25 sachets","p":0.99,"u":"28,29 €/KG","img":"https://fd14-photos.leclercdrive.fr/image.ashx?id=2095218&use=l&cat=p&typeid=i","cat":293234},{"id":8182,"n":"Mini Feuilletés Côté Table Saucisse x20 - 350g","p":3.99,"u":"11,40 €/KG","img":"https://fd14-photos.leclercdrive.fr/image.ashx?id=2622016&use=l&cat=p&typeid=i","cat":319774},{"id":8194,"n":"Fagots de haricots verts Notre Jardin x6 - 270g","p":3.99,"u":"14,78 €/KG","img":"https://fd14-photos.leclercdrive.fr/image.ashx?id=2900082&use=l&cat=p&typeid=i","cat":319805},{"id":8375,"n":"Sauce Déshydratée KNORR Aux Trois Poivres - 32g","p":0.66,"u":"23,57 €/KG","img":"https://fd14-photos.leclercdrive.fr/image.ashx?id=2875933&use=l&cat=p&typeid=i","cat":288381},{"id":8382,"n":"Pâtes spaghetti plat Panzani 500g","p":1.02,"u":"2,04 €/KG","img":"https://fd14-photos.leclercdrive.fr/image.ashx?id=2876041&use=l&cat=p&typeid=i","cat":284427},{"id":8383,"n":"Pâtes Coquillettes Panzani 3 Minutes - 500G","p":1.15,"u":"2,30 €/KG","img":"https://fd14-photos.leclercdrive.fr/image.ashx?id=2867945&use=l&cat=p&typeid=i","cat":284427},{"id":8396,"n":"Biscuits apéritif Lay's 3D's Goût Paprika - 85g","p":0.8,"u":"9,41 €/KG","img":"https://fd14-photos.leclercdrive.fr/image.ashx?id=2166311&use=l&cat=p&typeid=i","cat":284449},{"id":8413,"n":"Biscuits Crackers Tokapi  Nature - 3x100g","p":1.22,"u":"4,07 €/KG","img":"https://fd14-photos.leclercdrive.fr/image.ashx?id=2660550&use=l&cat=p&typeid=i","cat":297000},{"id":8415,"n":"Pâtes coquillettes Turini Les 3 min - 500g","p":0.72,"u":"1,44 €/KG","img":"https://fd14-photos.leclercdrive.fr/image.ashx?id=2607461&use=l&cat=p&typeid=i","cat":284427},{"id":8416,"n":"Parmentier poisson Côté Table 300g","p":2.35,"u":"7,83 €/KG","img":"https://fd14-photos.leclercdrive.fr/image.ashx?id=2970729&use=l&cat=p&typeid=i","cat":333665},{"id":8419,"n":"Biscuits Crackers Tokapi Emmental - 100g","p":0.69,"u":"6,90 €/KG","img":"https://fd14-photos.leclercdrive.fr/image.ashx?id=2351226&use=l&cat=p&typeid=i","cat":297000},{"id":8424,"n":"Biscottes Heudebert  Fibres plus - 280g","p":1.98,"u":"7,07 €/KG","img":"https://fd14-photos.leclercdrive.fr/image.ashx?id=2679503&use=l&cat=p&typeid=i","cat":284479},{"id":8432,"n":"Biscuit Roudor St Michel 2x150g","p":2.3,"u":"7,67 €/KG","img":"https://fd14-photos.leclercdrive.fr/image.ashx?id=2935690&use=l&cat=p&typeid=i","cat":284487},{"id":8433,"n":"Pâtes Coquillettes Panzani Prêt en 3 min - 1kg","p":2.1,"u":"2,10 €/KG","img":"https://fd14-photos.leclercdrive.fr/image.ashx?id=2896093&use=l&cat=p&typeid=i","cat":284427},{"id":8447,"n":"Pommes Pink Lady Barquette x6","p":3.49,"u":"0,58 €/P","img":"https://fd14-photos.leclercdrive.fr/image.ashx?id=2121671&use=l&cat=p&typeid=i","cat":284356},{"id":8464,"n":"Serviettes Vania Maxi Confort Super - Fresh - x14","p":1.75,"u":"0,13 €/P","img":"https://fd14-photos.leclercdrive.fr/image.ashx?id=2907611&use=l&cat=p&typeid=i","cat":284624},{"id":8474,"n":"Terrines Tous Mes Amis Les délices de la mer - 3x400g","p":3.69,"u":"3,08 €/KG","img":"https://fd14-photos.leclercdrive.fr/image.ashx?id=2832921&use=l&cat=p&typeid=i","cat":285601},{"id":8475,"n":"Serviette hygiénique Doulys Maxi confort - Normal - x18","p":0.99,"u":"0,06 €/P","img":"https://fd14-photos.leclercdrive.fr/image.ashx?id=2838909&use=l&cat=p&typeid=i","cat":284624},{"id":8484,"n":"AOC Côtes de Bourg vin rouge Chantet Blanet - BIB 3L","p":12.49,"u":"4,16 €/L","img":"https://fd14-photos.leclercdrive.fr/image.ashx?id=2928219&use=l&cat=p&typeid=i","cat":289560},{"id":8494,"n":"Biscuits déli matin P'tit Déli Chocolat/pépites - 600g","p":3.18,"u":"5,30 €/KG","img":"https://fd14-photos.leclercdrive.fr/image.ashx?id=2660332&use=l&cat=p&typeid=i","cat":284491},{"id":8500,"n":"Pomme de terre de consommation Frites - 2.5kg","p":3.99,"u":"1,60 €/KG","img":"https://fd14-photos.leclercdrive.fr/image.ashx?id=2232144&use=l&cat=p&typeid=i","cat":284352},{"id":8504,"n":"Biscottes bio Bio Village Complètes x36 - 300g","p":2.0,"u":"6,67 €/KG","img":"https://fd14-photos.leclercdrive.fr/image.ashx?id=2590460&use=l&cat=p&typeid=i","cat":284479},{"id":8515,"n":"Bâtonnets Dentastix Pedigree Moyen chien x28 - 720g","p":7.05,"u":"9,79 €/KG","img":"https://fd14-photos.leclercdrive.fr/image.ashx?id=2980094&use=l&cat=p&typeid=i","cat":294527},{"id":8521,"n":"Café Soluble Nescafé Spécial Filtre Original - 100g","p":5.05,"u":"50,50 €/KG","img":"https://fd14-photos.leclercdrive.fr/image.ashx?id=2866753&use=l&cat=p&typeid=i","cat":284843},{"id":8536,"n":"Savon mains en crème Manava Perles d'oranger - 300ml","p":1.21,"u":"4,03 €/L","img":"https://fd14-photos.leclercdrive.fr/image.ashx?id=2935480&use=l&cat=p&typeid=i","cat":284597},{"id":8538,"n":"100% Pur jus d'orange Jafaden  Avec pulpe - 1L","p":1.99,"u":"1,99 €/L","img":"https://fd14-photos.leclercdrive.fr/image.ashx?id=2520017&use=l&cat=p&typeid=i","cat":284521},{"id":8539,"n":"Nectar Jafaden Pêche - 1L","p":1.99,"u":"1,99 €/L","img":"https://fd14-photos.leclercdrive.fr/image.ashx?id=2955689&use=l&cat=p&typeid=i","cat":284915},{"id":8540,"n":"Nectar Jafaden Fraise - 1L","p":2.63,"u":"2,63 €/L","img":"https://fd14-photos.leclercdrive.fr/image.ashx?id=2955704&use=l&cat=p&typeid=i","cat":284915},{"id":8541,"n":"Nectar Jafaden Mangue - 1L","p":2.15,"u":"2,15 €/L","img":"https://fd14-photos.leclercdrive.fr/image.ashx?id=2388376&use=l&cat=p&typeid=i","cat":284916},{"id":8544,"n":"Spray Cheveux L'Oréal Paris Fixation Ultra Forte - 300ml","p":4.0,"u":"13,33 €/L","img":"https://fd14-photos.leclercdrive.fr/image.ashx?id=2445331&use=l&cat=p&typeid=i","cat":284609},{"id":8553,"n":"Sauce Barbecue AMORA 490g","p":2.27,"u":"4,63 €/KG","img":"https://fd14-photos.leclercdrive.fr/image.ashx?id=2877298&use=l&cat=p&typeid=i","cat":318431},{"id":8558,"n":"Savon L'Authentique Monsavon Lavant Antibactérien - 6x100g","p":3.5,"u":"5,83 €/KG","img":"https://fd14-photos.leclercdrive.fr/image.ashx?id=2881332&use=l&cat=p&typeid=i","cat":284597},{"id":8559,"n":"Biscuits Bjorg Fourrés Chocolat noir bio 225g","p":2.85,"u":"12,67 €/KG","img":"https://fd14-photos.leclercdrive.fr/image.ashx?id=2970912&use=l&cat=p&typeid=i","cat":284488},{"id":8564,"n":"Pâtes Barilla  Linguine - 500g","p":1.26,"u":"2,52 €/KG","img":"https://fd14-photos.leclercdrive.fr/image.ashx?id=3004444&use=l&cat=p&typeid=i","cat":284427},{"id":8576,"n":"Pâtes Barilla Torsades - 500g","p":0.94,"u":"1,88 €/KG","img":"https://fd14-photos.leclercdrive.fr/image.ashx?id=2392224&use=l&cat=p&typeid=i","cat":284427},{"id":8577,"n":"Soupe Secrets Grand-Mère Knorr Poule vermicelles - 1L","p":2.3,"u":"2,30 €/L","img":"https://fd14-photos.leclercdrive.fr/image.ashx?id=2406310&use=l&cat=p&typeid=i","cat":284462},{"id":8640,"n":"Croque Baby Fromage Cité Marine MSC - 200g","p":2.0,"u":"10,00 €/KG","img":"https://fd14-photos.leclercdrive.fr/image.ashx?id=2844145&use=l&cat=p&typeid=i","cat":284344},{"id":8642,"n":"Dentifrice Dentamyl Anti-tartre 75ml","p":0.74,"u":"9,87 €/L","img":"https://fd14-photos.leclercdrive.fr/image.ashx?id=2489098&use=l&cat=p&typeid=i","cat":284612},{"id":8643,"n":"Amandes en poudre Tablier Blanc 125g","p":1.56,"u":"12,48 €/KG","img":"https://fd14-photos.leclercdrive.fr/image.ashx?id=2460577&use=l&cat=p&typeid=i","cat":284504},{"id":8645,"n":"Pepites de chocolat Tablier Blanc - 100g","p":1.43,"u":"14,30 €/KG","img":"https://fd14-photos.leclercdrive.fr/image.ashx?id=2723138&use=l&cat=p&typeid=i","cat":284504},{"id":8646,"n":"Noix de Coco Râpée  Tablier Blanc - 125g","p":1.56,"u":"12,48 €/KG","img":"https://fd14-photos.leclercdrive.fr/image.ashx?id=2460583&use=l&cat=p&typeid=i","cat":284504},{"id":8648,"n":"Amandes effilées Tablier Blanc 125g","p":1.56,"u":"12,48 €/KG","img":"https://fd14-photos.leclercdrive.fr/image.ashx?id=2460586&use=l&cat=p&typeid=i","cat":284504},{"id":8649,"n":"Raisins Secs Tablier Blanc 250g","p":1.56,"u":"6,24 €/KG","img":"https://fd14-photos.leclercdrive.fr/image.ashx?id=2460589&use=l&cat=p&typeid=i","cat":284504},{"id":8651,"n":"Arôme naturel de vanille Tablier Blanc 20ml","p":1.15,"u":"57,50 €/L","img":"https://fd14-photos.leclercdrive.fr/image.ashx?id=2487452&use=l&cat=p&typeid=i","cat":284504},{"id":8672,"n":"Nappage Tablier Blanc Caramel - 210g","p":1.25,"u":"5,95 €/KG","img":"https://fd14-photos.leclercdrive.fr/image.ashx?id=2487455&use=l&cat=p&typeid=i","cat":284504},{"id":8679,"n":"Truite fumée d'Aquitaine NRT x4 - 120g","p":5.2,"u":"43,33 €/KG","img":"https://fd14-photos.leclercdrive.fr/image.ashx?id=2663836&use=l&cat=p&typeid=i","cat":285188},{"id":8682,"n":"Quenelles nature NRT - 4x80g","p":3.1,"u":"9,69 €/KG","img":"https://fd14-photos.leclercdrive.fr/image.ashx?id=2858051&use=l&cat=p&typeid=i","cat":333682},{"id":8746,"n":"Sauce Beurre blanc Gastromer 200g","p":1.4,"u":"7,00 €/KG","img":"https://fd14-photos.leclercdrive.fr/image.ashx?id=2504653&use=l&cat=p&typeid=i","cat":284382},{"id":8748,"n":"Lait vitaminé Viva Candia  1% MG - 6x50cl","p":5.1,"u":"1,70 €/L","img":"https://fd14-photos.leclercdrive.fr/image.ashx?id=2891508&use=l&cat=p&typeid=i","cat":317169},{"id":8754,"n":"Sacs congélation Elembal Moyen Zip 20 Sacs","p":1.49,"u":"0,07 €/P","img":"https://fd14-photos.leclercdrive.fr/image.ashx?id=2751886&use=l&cat=p&typeid=i","cat":334134},{"id":8784,"n":"Plat bébé Blédina 8 mois  Riz carotte jambon - 2x200g","p":2.45,"u":"6,13 €/KG","img":"https://fd14-photos.leclercdrive.fr/image.ashx?id=2975065&use=l&cat=p&typeid=i","cat":312236},{"id":8785,"n":"Pommes Elstar  2kg","p":3.99,"u":"2,00 €/KG","img":"https://fd14-photos.leclercdrive.fr/image.ashx?id=1631134&use=l&cat=p&typeid=i","cat":284356},{"id":8787,"n":"Fromage frais Malo Nature sucré - 4x100g","p":1.55,"u":"3,88 €/KG","img":"https://fd14-photos.leclercdrive.fr/image.ashx?id=2462589&use=l&cat=p&typeid=i","cat":284409},{"id":8790,"n":"Fromage frais Malo Nature Sucré - 8x100g","p":2.95,"pp":2.06,"u":"2,58 €/KG","img":"https://fd14-photos.leclercdrive.fr/image.ashx?id=2106229&use=l&cat=p&typeid=i","cat":284409},{"id":8796,"n":"Saucisse fine de Lyon NRT 120g","p":1.85,"u":"15,42 €/KG","img":"https://fd14-photos.leclercdrive.fr/image.ashx?id=2743870&use=l&cat=p&typeid=i","cat":316012},{"id":8804,"n":"Brownie P'tit Déli Chocolat pépites 285g","p":1.85,"u":"6,49 €/KG","img":"https://fd14-photos.leclercdrive.fr/image.ashx?id=2613702&use=l&cat=p&typeid=i","cat":294776},{"id":8811,"n":"Lait frais Ribot Paysan Breton 50cl","p":1.3,"u":"2,60 €/L","img":"https://fd14-photos.leclercdrive.fr/image.ashx?id=2939379&use=l&cat=p&typeid=i","cat":285609},{"id":8813,"n":"Fromage frais Malo  Nature - 4x100g","p":1.5,"u":"3,75 €/KG","img":"https://fd14-photos.leclercdrive.fr/image.ashx?id=2462592&use=l&cat=p&typeid=i","cat":284409},{"id":8815,"n":"Crêpes dentelle Gavottes Chocolat au lait - 90g","p":1.95,"u":"21,67 €/KG","img":"https://fd14-photos.leclercdrive.fr/image.ashx?id=2582843&use=l&cat=p&typeid=i","cat":284490},{"id":8825,"n":"Barres de céréales Coco Pops Kellogg's - 6x20g","p":2.32,"u":"19,33 €/KG","img":"https://fd14-photos.leclercdrive.fr/image.ashx?id=2677291&use=l&cat=p&typeid=i","cat":285869},{"id":8846,"n":"Jardinière Notre Jardin  De 3 légumes - 420g","p":3.39,"u":"8,07 €/KG","img":"https://fd14-photos.leclercdrive.fr/image.ashx?id=2190005&use=l&cat=p&typeid=i","cat":312607},{"id":8854,"n":"Café soluble Plantation  Qualité décaféiné - 200g","p":6.55,"u":"32,75 €/KG","img":"https://fd14-photos.leclercdrive.fr/image.ashx?id=2502672&use=l&cat=p&typeid=i","cat":284843},{"id":8857,"n":"Café soluble Plantation Qualité filtre - x25 - 50g","p":2.09,"u":"41,80 €/KG","img":"https://fd14-photos.leclercdrive.fr/image.ashx?id=983912&use=l&cat=p&typeid=i","cat":284843},{"id":8858,"n":"Café Soluble Plantation Décaféiné - x25 - 50g","p":2.28,"u":"45,60 €/KG","img":"https://fd14-photos.leclercdrive.fr/image.ashx?id=2834281&use=l&cat=p&typeid=i","cat":284843},{"id":8861,"n":"Café soluble Plantation Expresso - x25 - 45g","p":2.25,"u":"50,00 €/KG","img":"https://fd14-photos.leclercdrive.fr/image.ashx?id=2779338&use=l&cat=p&typeid=i","cat":284843},{"id":8864,"n":"Pain de Mie Epi d'or - Nature Longue Conservation - 280g","p":0.76,"u":"2,71 €/KG","img":"https://fd14-photos.leclercdrive.fr/image.ashx?id=1913643&use=l&cat=p&typeid=i","cat":284477},{"id":8865,"n":"Toasts Brioches Epi D'Or x13 - 125g","p":0.94,"u":"7,52 €/KG","img":"https://fd14-photos.leclercdrive.fr/image.ashx?id=584946&use=l&cat=p&typeid=i","cat":284479},{"id":8869,"n":"Riz complet Comptoir du Grain 10min - 500g","p":1.49,"u":"2,98 €/KG","img":"https://fd14-photos.leclercdrive.fr/image.ashx?id=2549397&use=l&cat=p&typeid=i","cat":284428},{"id":8870,"n":"Dés fromage Herbes de Provence Poivrons Les Croisés - 300g","p":2.1,"u":"7,00 €/KG","img":"https://fd14-photos.leclercdrive.fr/image.ashx?id=2758300&use=l&cat=p&typeid=i","cat":314027},{"id":8891,"n":"Soda Jean's Cola Bouteille - 6x1,5L","p":6.79,"u":"0,75 €/L","img":"https://fd14-photos.leclercdrive.fr/image.ashx?id=2637862&use=l&cat=p&typeid=i","cat":284530},{"id":8910,"n":"Jus 3 agrumes Jafaden Pur jus - 1L","p":3.18,"u":"3,18 €/L","img":"https://fd14-photos.leclercdrive.fr/image.ashx?id=2520029&use=l&cat=p&typeid=i","cat":284917},{"id":8917,"n":"Lait Ribot 1L","p":1.5,"u":"1,50 €/L","img":"https://fd14-photos.leclercdrive.fr/image.ashx?id=2945505&use=l&cat=p&typeid=i","cat":285609},{"id":8918,"n":"Crêpe Bretonne Even x12 - 350g","p":2.91,"u":"8,31 €/KG","img":"https://fd14-photos.leclercdrive.fr/image.ashx?id=2314993&use=l&cat=p&typeid=i","cat":284494},{"id":8926,"n":"Fromage Emmental Paysan Berton Râpé lait pasteurisé 150g","p":1.6,"u":"10,67 €/KG","img":"https://fd14-photos.leclercdrive.fr/image.ashx?id=2975296&use=l&cat=p&typeid=i","cat":314035},{"id":8928,"n":"Lait Ribot Payson Breton 1L","p":1.95,"u":"1,95 €/L","img":"https://fd14-photos.leclercdrive.fr/image.ashx?id=2959445&use=l&cat=p&typeid=i","cat":285609},{"id":8931,"n":"Fromage Emmental Paysan Breton Portion - 220g","p":2.3,"u":"10,45 €/KG","img":"https://fd14-photos.leclercdrive.fr/image.ashx?id=2945559&use=l&cat=p&typeid=i","cat":314034},{"id":8932,"n":"Gin Gibson's 37.5%vol - 1L","p":16.5,"u":"16,50 €/L","img":"https://fd14-photos.leclercdrive.fr/image.ashx?id=2766244&use=l&cat=p&typeid=i","cat":284550},{"id":8934,"n":"Fromage chèvre buchette 180g","p":4.2,"u":"23,33 €/KG","img":"https://fd14-photos.leclercdrive.fr/image.ashx?id=1910290&use=l&cat=p&typeid=i","cat":314031},{"id":8963,"n":"Fromage à tartiner Madame Loïk Fouetté Ech. Ciboulette - 150g","p":1.6,"u":"10,67 €/KG","img":"https://fd14-photos.leclercdrive.fr/image.ashx?id=2986356&use=l&cat=p&typeid=i","cat":314029},{"id":8966,"n":"Biscuits chien Pedigree Biscrok - 500g","p":1.55,"u":"3,10 €/KG","img":"https://fd14-photos.leclercdrive.fr/image.ashx?id=2983456&use=l&cat=p&typeid=i","cat":294527},{"id":8968,"n":"Chocolat poudre Banania 400g","p":2.55,"u":"6,38 €/KG","img":"https://fd14-photos.leclercdrive.fr/image.ashx?id=2225276&use=l&cat=p&typeid=i","cat":293235},{"id":8970,"n":"Riz long blanc de Camargue NRT 500g","p":1.75,"u":"3,50 €/KG","img":"https://fd14-photos.leclercdrive.fr/image.ashx?id=2663803&use=l&cat=p&typeid=i","cat":284428},{"id":8972,"n":"Levure boulangère Tablier Blanc x6 - 30g","p":0.69,"u":"23,00 €/KG","img":"https://fd14-photos.leclercdrive.fr/image.ashx?id=2487440&use=l&cat=p&typeid=i","cat":294686},{"id":8977,"n":"Cacahuètes  Benenuts Grillées à sec - 200g","p":1.5,"u":"7,50 €/KG","img":"https://fd14-photos.leclercdrive.fr/image.ashx?id=2389616&use=l&cat=p&typeid=i","cat":284448},{"id":8985,"n":"Soupe Poule au Pot Knorr Déshydratée - 1L","p":0.94,"u":"0,94 €/L","img":"https://fd14-photos.leclercdrive.fr/image.ashx?id=2826471&use=l&cat=p&typeid=i","cat":284463},{"id":8987,"n":"Pâté Hénaff 156g","p":2.35,"u":"15,06 €/KG","img":"https://fd14-photos.leclercdrive.fr/image.ashx?id=2298361&use=l&cat=p&typeid=i","cat":305149},{"id":9033,"n":"Fromage Entremont Dégustation 45%mg - 250g","p":2.75,"u":"11,00 €/KG","img":"https://fd14-photos.leclercdrive.fr/image.ashx?id=2983168&use=l&cat=p&typeid=i","cat":314034},{"id":9055,"n":"Fondue 3 fromages Président  450g","p":4.9,"u":"10,89 €/KG","img":"https://fd14-photos.leclercdrive.fr/image.ashx?id=2632990&use=l&cat=p&typeid=i","cat":314037},{"id":9077,"n":"Rillettes de Saumon Gastromer 150g","p":1.5,"u":"10,00 €/KG","img":"https://fd14-photos.leclercdrive.fr/image.ashx?id=1849216&use=l&cat=p&typeid=i","cat":285191},{"id":9078,"n":"Rillettes de Maquereau Gastomer 150g","p":1.5,"u":"10,00 €/KG","img":"https://fd14-photos.leclercdrive.fr/image.ashx?id=1849219&use=l&cat=p&typeid=i","cat":285191},{"id":9080,"n":"Fromage à Tartiner St Môret  Nature 9 Portions - 180g","p":2.07,"u":"11,50 €/KG","img":"https://fd14-photos.leclercdrive.fr/image.ashx?id=2763319&use=l&cat=p&typeid=i","cat":314029},{"id":9091,"n":"Sandwich XXL Daunat Poulet rôti - 230g","p":2.1,"u":"9,13 €/KG","img":"https://fd14-photos.leclercdrive.fr/image.ashx?id=2894260&use=l&cat=p&typeid=i","cat":333658},{"id":9110,"n":"Bûche de chèvre allégée Soignon Lait pasteurisé 29%mg - 180g","p":2.2,"u":"12,22 €/KG","img":"https://fd14-photos.leclercdrive.fr/image.ashx?id=2886987&use=l&cat=p&typeid=i","cat":314031},{"id":9123,"n":"Café soluble Plantation Café Au Lait Chicorée - 400g","p":3.59,"u":"8,98 €/KG","img":"https://fd14-photos.leclercdrive.fr/image.ashx?id=2482618&use=l&cat=p&typeid=i","cat":284843},{"id":9130,"n":"Mouchoirs blancs 2 plis Caresse Boîte mouchoirs en papier -x110","p":1.33,"u":"0,01 €/P","img":"https://fd14-photos.leclercdrive.fr/image.ashx?id=2390416&use=l&cat=p&typeid=i","cat":284638},{"id":9132,"n":"Soda Pulp'Orange Canette - 6x33cl","p":3.19,"u":"1,61 €/L","img":"https://fd14-photos.leclercdrive.fr/image.ashx?id=2059375&use=l&cat=p&typeid=i","cat":284532},{"id":9138,"n":"Café soluble Plantation Chicorée - 250g","p":2.98,"u":"11,92 €/KG","img":"https://fd14-photos.leclercdrive.fr/image.ashx?id=2556379&use=l&cat=p&typeid=i","cat":284843},{"id":9144,"n":"Vinaigre de Vin blanc Rustica Aromatisé à la noix - 50cl","p":1.63,"u":"3,26 €/L","img":"https://fd14-photos.leclercdrive.fr/image.ashx?id=1670491&use=l&cat=p&typeid=i","cat":298543},{"id":9148,"n":"Pizza Turini Jambon Champignons - 200g","p":1.77,"u":"8,85 €/KG","img":"https://fd14-photos.leclercdrive.fr/image.ashx?id=2989655&use=l&cat=p&typeid=i","cat":333679},{"id":9155,"n":"Moussaka Boeuf Côté Table 300g","p":3.24,"u":"10,80 €/KG","img":"https://fd14-photos.leclercdrive.fr/image.ashx?id=2607906&use=l&cat=p&typeid=i","cat":333665},{"id":9159,"n":"Sandwich  Côté Snack  Polaire Jambon Cheddar 135g","p":1.39,"u":"10,30 €/KG","img":"https://fd14-photos.leclercdrive.fr/image.ashx?id=2619710&use=l&cat=p&typeid=i","cat":333658},{"id":9164,"n":"Crevettes natures Pêche Océan 125g","p":3.99,"u":"31,92 €/KG","img":"https://fd14-photos.leclercdrive.fr/image.ashx?id=3015242&use=l&cat=p&typeid=i","cat":284343},{"id":9167,"n":"Fromage Edam Mimolette Les Croisés dés 150g","p":1.85,"u":"12,33 €/KG","img":"https://fd14-photos.leclercdrive.fr/image.ashx?id=2365472&use=l&cat=p&typeid=i","cat":314027},{"id":9170,"n":"Spaetzles d'Alsace NRT 250g","p":1.43,"u":"5,72 €/KG","img":"https://fd14-photos.leclercdrive.fr/image.ashx?id=2839962&use=l&cat=p&typeid=i","cat":284427},{"id":9173,"n":"Ravioles Label Rouge NRT Dauphiné - 240g","p":2.99,"u":"12,46 €/KG","img":"https://fd14-photos.leclercdrive.fr/image.ashx?id=2704894&use=l&cat=p&typeid=i","cat":333682},{"id":9183,"n":"Boules soufflées Tokapi Tomate - 42g","p":0.57,"u":"13,57 €/KG","img":"https://fd14-photos.leclercdrive.fr/image.ashx?id=2898832&use=l&cat=p&typeid=i","cat":284449},{"id":9223,"n":"Pâtes Capellini Turini 500g","p":0.85,"u":"1,70 €/KG","img":"https://fd14-photos.leclercdrive.fr/image.ashx?id=2607482&use=l&cat=p&typeid=i","cat":284427},{"id":9246,"n":"Avocat Bio Bio Village En barquette x2","p":3.99,"u":"2,00 €/P","img":"https://fd14-photos.leclercdrive.fr/image.ashx?id=2551984&use=l&cat=p&typeid=i","cat":284352},{"id":9262,"n":"Matière grasse Rustica Tournesol -60%MG -Doux -500G","p":1.53,"u":"3,06 €/KG","img":"https://fd14-photos.leclercdrive.fr/image.ashx?id=2904553&use=l&cat=p&typeid=i","cat":315229},{"id":9265,"n":"Pêche poire ananas  Douceur du verger - 4x70g","p":2.59,"u":"9,25 €/KG","img":"https://fd14-photos.leclercdrive.fr/image.ashx?id=2349100&use=l&cat=p&typeid=i","cat":284507},{"id":9266,"n":"Ananas papaye mangue DDV Sirop léger - 4x70g","p":2.74,"u":"9,79 €/KG","img":"https://fd14-photos.leclercdrive.fr/image.ashx?id=2100775&use=l&cat=p&typeid=i","cat":284507},{"id":9635,"n":"Rhum blanc Charrette 49%vol - 1L","p":15.5,"u":"15,50 €/L","img":"https://fd14-photos.leclercdrive.fr/image.ashx?id=1946417&use=l&cat=p&typeid=i","cat":284550},{"id":9641,"n":"Whisky Ballantine's Finest Blended Scotch 40% vol - 1L","p":20.95,"pp":19.45,"u":"19,45 €/L","img":"https://fd14-photos.leclercdrive.fr/image.ashx?id=2816964&use=l&cat=p&typeid=i","cat":284547},{"id":9690,"n":"Carré à Langer Mots d'Enfants Jetables x10","p":4.1,"u":"0,41 €/P","img":"https://fd14-photos.leclercdrive.fr/image.ashx?id=3014191&use=l&cat=p&typeid=i","cat":284737},{"id":9700,"n":"Serviette incontinence Chorys Extra plus - x16","p":4.99,"u":"0,31 €/P","img":"https://fd14-photos.leclercdrive.fr/image.ashx?id=2691171&use=l&cat=p&typeid=i","cat":284628},{"id":9709,"n":"Mini brownies P'tit Déli Chocolat pépites x8 - 240g","p":1.49,"u":"6,21 €/KG","img":"https://fd14-photos.leclercdrive.fr/image.ashx?id=2540945&use=l&cat=p&typeid=i","cat":294776},{"id":9898,"n":"Culotte absorbante Chorys Taille L - x10","p":6.99,"u":"0,70 €/P","img":"https://fd14-photos.leclercdrive.fr/image.ashx?id=2623004&use=l&cat=p&typeid=i","cat":284628},{"id":9899,"n":"Culotte absorbante Chorys Taille M - Plus - x12","p":7.99,"u":"0,67 €/P","img":"https://fd14-photos.leclercdrive.fr/image.ashx?id=2623001&use=l&cat=p&typeid=i","cat":284628},{"id":9915,"n":"Oignons émincés Notre Jardin 1kg","p":1.75,"u":"1,75 €/KG","img":"https://fd14-photos.leclercdrive.fr/image.ashx?id=2873120&use=l&cat=p&typeid=i","cat":319805},{"id":9916,"n":"Epinards Notre Jardin Feuilles à cuire - 600g","p":1.36,"u":"2,27 €/KG","img":"https://fd14-photos.leclercdrive.fr/image.ashx?id=2916677&use=l&cat=p&typeid=i","cat":319805},{"id":9920,"n":"Riz rond blanc de Camargue NRT 500g","p":1.77,"u":"3,54 €/KG","img":"https://fd14-photos.leclercdrive.fr/image.ashx?id=2663839&use=l&cat=p&typeid=i","cat":284428},{"id":9933,"n":"Mouchoirs blancs 4 plis Caresse Mouchoirs papier - 24 étuis","p":2.51,"u":"0,10 €/P","img":"https://fd14-photos.leclercdrive.fr/image.ashx?id=2870017&use=l&cat=p&typeid=i","cat":284638},{"id":9937,"n":"Eau de source de Montagne Bouchon sport - 12x33cl","p":2.92,"u":"0,74 €/L","img":"https://fd14-photos.leclercdrive.fr/image.ashx?id=2909879&use=l&cat=p&typeid=i","cat":284535},{"id":10069,"n":"Gâteaux moelleux Pépito  Pépites de chocolat - 150g","p":1.21,"u":"8,07 €/KG","img":"https://fd14-photos.leclercdrive.fr/image.ashx?id=2374396&use=l&cat=p&typeid=i","cat":284495},{"id":10091,"n":"Filets maquereaux Pêche Océan Tomate basilic - 169g","p":1.44,"u":"8,52 €/KG","img":"https://fd14-photos.leclercdrive.fr/image.ashx?id=2394657&use=l&cat=p&typeid=i","cat":303868},{"id":10092,"n":"Palets de légumes Notre Jardin Courgettes Carottes - x8 300g","p":1.74,"u":"5,80 €/KG","img":"https://fd14-photos.leclercdrive.fr/image.ashx?id=2878711&use=l&cat=p&typeid=i","cat":319802},{"id":10093,"n":"Palets légumes Notre Jardin Poireaux Carottes - x8 300g","p":2.15,"u":"7,17 €/KG","img":"https://fd14-photos.leclercdrive.fr/image.ashx?id=2878708&use=l&cat=p&typeid=i","cat":319802},{"id":10114,"n":"Essuie-tout Uni Vert Compact Ecologique - x2","p":2.7,"u":"1,35 €/P","img":"https://fd14-photos.leclercdrive.fr/image.ashx?id=2571929&use=l&cat=p&typeid=i","cat":284635},{"id":10122,"n":"Mini gratins Côté Table Aux 3 légumes - x4 480g","p":3.12,"u":"6,50 €/KG","img":"https://fd14-photos.leclercdrive.fr/image.ashx?id=2074419&use=l&cat=p&typeid=i","cat":319802},{"id":10154,"n":"Boules pralinées Jacquot Chocolat lait - 1kg","p":8.94,"u":"8,94 €/KG","img":"https://fd14-photos.leclercdrive.fr/image.ashx?id=2303300&use=l&cat=p&typeid=i","cat":327595},{"id":10163,"n":"Palets légumes Notre Jardin Choux-fleurs Brocolis - x8 300g","p":2.15,"u":"7,17 €/KG","img":"https://fd14-photos.leclercdrive.fr/image.ashx?id=2878714&use=l&cat=p&typeid=i","cat":319802},{"id":10192,"n":"Olives Vertes Tramier  Dénoyautées 160g","p":1.7,"u":"10,63 €/KG","img":"https://fd14-photos.leclercdrive.fr/image.ashx?id=2363829&use=l&cat=p&typeid=i","cat":284458},{"id":10211,"n":"Pâtes Nouilles Turini 1kg","p":1.32,"u":"1,32 €/KG","img":"https://fd14-photos.leclercdrive.fr/image.ashx?id=2476942&use=l&cat=p&typeid=i","cat":284427},{"id":10212,"n":"Rubans anti-mouches Insectivor x4","p":0.83,"u":"0,21 €/P","img":"https://fd14-photos.leclercdrive.fr/image.ashx?id=2555077&use=l&cat=p&typeid=i","cat":298368},{"id":10215,"n":"Sauce Basquaise Rustica Aux 2 poivrons - 400g","p":1.29,"u":"3,23 €/KG","img":"https://fd14-photos.leclercdrive.fr/image.ashx?id=2887398&use=l&cat=p&typeid=i","cat":287599},{"id":10216,"n":"Sauce Aigre Douce Rustica Légumes croquants - 400g","p":1.28,"u":"3,20 €/KG","img":"https://fd14-photos.leclercdrive.fr/image.ashx?id=2887401&use=l&cat=p&typeid=i","cat":287599},{"id":10217,"n":"Sauce Curry Rustica Légumes et lait de coco - 400g","p":1.31,"u":"3,28 €/KG","img":"https://fd14-photos.leclercdrive.fr/image.ashx?id=2887404&use=l&cat=p&typeid=i","cat":287599},{"id":10220,"n":"Tampons Doulys Compact Normal - x20","p":2.24,"u":"0,11 €/P","img":"https://fd14-photos.leclercdrive.fr/image.ashx?id=2965464&use=l&cat=p&typeid=i","cat":284626},{"id":10227,"n":"Mini gratins Côté Table Dauphinois - x4 480g","p":3.09,"u":"6,44 €/KG","img":"https://fd14-photos.leclercdrive.fr/image.ashx?id=2627640&use=l&cat=p&typeid=i","cat":319802},{"id":10344,"n":"Petit Beurre Pocket P'ti Déli 3x12 sachets 300g","p":1.68,"u":"5,60 €/KG","img":"https://fd14-photos.leclercdrive.fr/image.ashx?id=1965518&use=l&cat=p&typeid=i","cat":284487},{"id":10346,"n":"Vinaigrette allégée Rustica Balsamique huile d'olive - 50cl","p":2.49,"u":"4,98 €/L","img":"https://fd14-photos.leclercdrive.fr/image.ashx?id=1972913&use=l&cat=p&typeid=i","cat":284456},{"id":10348,"n":"Huile de noix Rustica 50cl","p":4.68,"u":"9,36 €/L","img":"https://fd14-photos.leclercdrive.fr/image.ashx?id=2523703&use=l&cat=p&typeid=i","cat":284453},{"id":10351,"n":"Sacs à couche Mots d'Enfant Parfumés - x50","p":1.6,"u":"0,03 €/P","img":"https://fd14-photos.leclercdrive.fr/image.ashx?id=1886564&use=l&cat=p&typeid=i","cat":284737},{"id":10382,"n":"Choucroute Royale Côté Table 400g","p":1.99,"u":"4,98 €/KG","img":"https://fd14-photos.leclercdrive.fr/image.ashx?id=3015057&use=l&cat=p&typeid=i","cat":284441},{"id":10398,"n":"Biscuit apéritif ancel Bretzels Maxi - 200g","p":0.82,"u":"4,10 €/KG","img":"https://fd14-photos.leclercdrive.fr/image.ashx?id=2991813&use=l&cat=p&typeid=i","cat":297000},{"id":10408,"n":"Boisson végétale Riz nature Bjorg Bio - 1L","p":2.0,"u":"2,00 €/L","img":"https://fd14-photos.leclercdrive.fr/image.ashx?id=2970915&use=l&cat=p&typeid=i","cat":316067},{"id":10465,"n":"Adoucissant Hyperdou Pure caresse - 3x250ml","p":1.19,"u":"1,59 €/L","img":"https://fd14-photos.leclercdrive.fr/image.ashx?id=2809078&use=l&cat=p&typeid=i","cat":284650},{"id":10591,"n":"Spray vitrocéramique Clair 500ml","p":3.42,"u":"6,84 €/L","img":"https://fd14-photos.leclercdrive.fr/image.ashx?id=2860073&use=l&cat=p&typeid=i","cat":325363},{"id":10616,"n":"Haut de cuisse de poulet blanc 1kg","p":5.45,"u":"5,45 €/KG","img":"https://fd14-photos.leclercdrive.fr/image.ashx?id=2521455&use=l&cat=p&typeid=i","cat":284336},{"id":10637,"n":"Crème entière Délisse Fluide - 30% MG - 2x25cl","p":2.71,"u":"5,42 €/L","img":"https://fd14-photos.leclercdrive.fr/image.ashx?id=3002560&use=l&cat=p&typeid=i","cat":284381},{"id":10638,"n":"Crème légère fluide UHT Délisse 12%mg - 2x25cl","p":2.36,"u":"4,72 €/L","img":"https://fd14-photos.leclercdrive.fr/image.ashx?id=3002566&use=l&cat=p&typeid=i","cat":284381},{"id":10674,"n":"Soda Coca-Cola Bouteille - 6x50cl","p":6.2,"u":"2,07 €/L","img":"https://fd14-photos.leclercdrive.fr/image.ashx?id=2885414&use=l&cat=p&typeid=i","cat":284530},{"id":10707,"n":"Viande hachée Tradition Bigard Pur Boeuf - 5%mg - 350g","p":6.59,"u":"18,83 €/KG","img":"https://fd14-photos.leclercdrive.fr/image.ashx?id=1755376&use=l&cat=p&typeid=i","cat":284332},{"id":10713,"n":"Rillettes maquereaux moutarde Les Mouettes d'Arvor - 125g","p":2.85,"u":"22,80 €/KG","img":"https://fd14-photos.leclercdrive.fr/image.ashx?id=1891147&use=l&cat=p&typeid=i","cat":303868},{"id":10714,"n":"Rillette saumon Mouette d'Arvor Citron Aneth - 125g","p":2.85,"u":"22,80 €/KG","img":"https://fd14-photos.leclercdrive.fr/image.ashx?id=1891153&use=l&cat=p&typeid=i","cat":305147},{"id":10718,"n":"AOC Côtes du Marmandais rouge La Vieille Eglise - 75cl","p":2.95,"u":"3,93 €/L","img":"https://fd14-photos.leclercdrive.fr/image.ashx?id=2734801&use=l&cat=p&typeid=i","cat":289556},{"id":10720,"n":"Vin mousseux Charles Volner Demi-sec - 11%vol. - 75cl","p":4.1,"u":"5,47 €/L","img":"https://fd14-photos.leclercdrive.fr/image.ashx?id=1592055&use=l&cat=p&typeid=i","cat":284544},{"id":10721,"n":"Chips nature Bret's 125g","p":1.4,"u":"11,20 €/KG","img":"https://fd14-photos.leclercdrive.fr/image.ashx?id=2617036&use=l&cat=p&typeid=i","cat":284447},{"id":10727,"n":"IGP Pays d'oc blanc Roche Mazet Sauvignon 12% vol - 75 cl","p":3.0,"pp":2.25,"u":"3,00 €/L","img":"https://fd14-photos.leclercdrive.fr/image.ashx?id=2342024&use=l&cat=p&typeid=i","cat":289557},{"id":10728,"n":"Beurre Moulé de Baratte Le Gall Demi-sel - 80% MG - 250g","p":2.95,"u":"11,80 €/KG","img":"https://fd14-photos.leclercdrive.fr/image.ashx?id=2438594&use=l&cat=p&typeid=i","cat":284379},{"id":10731,"n":"Saucisses fraîches Hénaff Nature petites x5 - 277g","p":4.8,"u":"17,33 €/KG","img":"https://fd14-photos.leclercdrive.fr/image.ashx?id=2794499&use=l&cat=p&typeid=i","cat":284334},{"id":10753,"n":"Mousse au chocolat Marie Morin A l'ancienne - 100g","p":1.95,"u":"19,50 €/KG","img":"https://fd14-photos.leclercdrive.fr/image.ashx?id=2631684&use=l&cat=p&typeid=i","cat":284417},{"id":10755,"n":"Porc : palets frais Henaff Nature - 240g","p":4.25,"u":"17,71 €/KG","img":"https://fd14-photos.leclercdrive.fr/image.ashx?id=2461057&use=l&cat=p&typeid=i","cat":284331},{"id":10759,"n":"Soda Breizh Cola Bouteille - 6x33cl","p":3.95,"u":"1,99 €/L","img":"https://fd14-photos.leclercdrive.fr/image.ashx?id=1564531&use=l&cat=p&typeid=i","cat":284530},{"id":10767,"n":"Riz cantonais Comptoir du Grain Express 2 min - 250g","p":1.19,"u":"4,76 €/KG","img":"https://fd14-photos.leclercdrive.fr/image.ashx?id=2441198&use=l&cat=p&typeid=i","cat":287600},{"id":10781,"n":"Chair de tomate Notre Jardin Nature - 400g","p":1.99,"u":"4,98 €/KG","img":"https://fd14-photos.leclercdrive.fr/image.ashx?id=2590436&use=l&cat=p&typeid=i","cat":312608},{"id":10787,"n":"Huile de colza Bio Village Bio - 75cl","p":4.33,"u":"5,77 €/L","img":"https://fd14-photos.leclercdrive.fr/image.ashx?id=2814450&use=l&cat=p&typeid=i","cat":284453},{"id":10796,"n":"Terrine Côté Table Sanglier cognac - 180g","p":3.13,"u":"17,39 €/KG","img":"https://fd14-photos.leclercdrive.fr/image.ashx?id=2519423&use=l&cat=p&typeid=i","cat":305149},{"id":10927,"n":"Noix de cajou grilées Eco+ Salées - 125g","p":1.34,"u":"10,72 €/KG","img":"https://fd14-photos.leclercdrive.fr/image.ashx?id=2423493&use=l&cat=p&typeid=i","cat":284448},{"id":10930,"n":"Chocolat pâtissier Eco+ Spécial dessert 200g","p":1.59,"u":"7,95 €/KG","img":"https://fd14-photos.leclercdrive.fr/image.ashx?id=2793140&use=l&cat=p&typeid=i","cat":285562},{"id":10933,"n":"Huile olive Eco+ Extra vierge - 1L","p":6.79,"u":"6,79 €/L","img":"https://fd14-photos.leclercdrive.fr/image.ashx?id=3002500&use=l&cat=p&typeid=i","cat":284453},{"id":10967,"n":"Jus d'orange Andros Oranges pressées - 1L","p":2.5,"u":"2,50 €/L","img":"https://fd14-photos.leclercdrive.fr/image.ashx?id=2882632&use=l&cat=p&typeid=i","cat":285435},{"id":10970,"n":"Jus de clémentines Andros  Clémentines Pressées - 1L","p":2.4,"u":"2,40 €/L","img":"https://fd14-photos.leclercdrive.fr/image.ashx?id=2882647&use=l&cat=p&typeid=i","cat":285435},{"id":10971,"n":"Jus de pommes pressées Andros 1L","p":2.3,"u":"2,30 €/L","img":"https://fd14-photos.leclercdrive.fr/image.ashx?id=2882644&use=l&cat=p&typeid=i","cat":285435},{"id":11034,"n":"Terrine de campagne Côté Table Porc confit - 2x180g","p":2.79,"u":"7,75 €/KG","img":"https://fd14-photos.leclercdrive.fr/image.ashx?id=2519426&use=l&cat=p&typeid=i","cat":305149},{"id":11042,"n":"Crêpes Côté Table Fromage fondu x20 1kg","p":3.29,"u":"3,29 €/KG","img":"https://fd14-photos.leclercdrive.fr/image.ashx?id=2756849&use=l&cat=p&typeid=i","cat":319776},{"id":11079,"n":"Brioches fourrées Epi d'Or Chocolat x8 - 310g","p":1.65,"u":"5,32 €/KG","img":"https://fd14-photos.leclercdrive.fr/image.ashx?id=2694224&use=l&cat=p&typeid=i","cat":293505},{"id":11127,"n":"Carottes de sable 5kg","p":5.99,"u":"1,20 €/KG","img":"https://fd14-photos.leclercdrive.fr/image.ashx?id=2077805&use=l&cat=p&typeid=i","cat":284352},{"id":11143,"n":"Beurre de Baratte Le Gall Demi-sel - 80% MG - 500g","p":5.95,"u":"11,90 €/KG","img":"https://fd14-photos.leclercdrive.fr/image.ashx?id=2380994&use=l&cat=p&typeid=i","cat":284379},{"id":11164,"n":"Crêpes Paysan Breton L'Authentique x12 - 370g","p":2.85,"u":"7,70 €/KG","img":"https://fd14-photos.leclercdrive.fr/image.ashx?id=2911303&use=l&cat=p&typeid=i","cat":284494},{"id":11176,"n":"Lait céréales bébé Blédiner 6m Courgette soir - 2x250ml","p":1.7,"u":"3,40 €/L","img":"https://fd14-photos.leclercdrive.fr/image.ashx?id=2960147&use=l&cat=p&typeid=i","cat":312239},{"id":11178,"n":"Plat bébé soir Blédiner 12 mois Pâtes tomate courgette - 2x200g","p":2.14,"u":"5,35 €/KG","img":"https://fd14-photos.leclercdrive.fr/image.ashx?id=2902966&use=l&cat=p&typeid=i","cat":312239},{"id":11225,"n":"AOP Blaye Côtes de Bordeaux vin rouge Chantet Blanet - BIB 3L","p":11.99,"u":"4,00 €/L","img":"https://fd14-photos.leclercdrive.fr/image.ashx?id=2994791&use=l&cat=p&typeid=i","cat":289560},{"id":11292,"n":"AOC Clairette de Die Jaillance Esprit de terroirTradition 75cl","p":5.95,"u":"7,93 €/L","img":"https://fd14-photos.leclercdrive.fr/image.ashx?id=2453499&use=l&cat=p&typeid=i","cat":284545},{"id":11308,"n":"Couscous Tipiak - Grain moyen Prêt en 4 min - 1kg","p":1.62,"u":"1,62 €/KG","img":"https://fd14-photos.leclercdrive.fr/image.ashx?id=2947826&use=l&cat=p&typeid=i","cat":284429},{"id":11309,"n":"Fromage de Brebis Le Brebiou  Des Pyrénées - 180g","p":3.1,"u":"17,22 €/KG","img":"https://fd14-photos.leclercdrive.fr/image.ashx?id=2472855&use=l&cat=p&typeid=i","cat":314031},{"id":11310,"n":"Crème Chantilly Isigny Ste Mère Sucrée et vanillée - 250g","p":2.35,"u":"9,40 €/KG","img":"https://fd14-photos.leclercdrive.fr/image.ashx?id=3004384&use=l&cat=p&typeid=i","cat":284382},{"id":11365,"n":"Crème aux oeufs La Laitière Vanille - 4x100g","p":1.77,"u":"4,43 €/KG","img":"https://fd14-photos.leclercdrive.fr/image.ashx?id=3007987&use=l&cat=p&typeid=i","cat":284419},{"id":11367,"n":"Yaourt à la grecque YAOS Nature - 4x150g","p":2.07,"u":"3,45 €/KG","img":"https://fd14-photos.leclercdrive.fr/image.ashx?id=2365006&use=l&cat=p&typeid=i","cat":314999},{"id":11391,"n":"Crème caramel Bonne Maman Aux oeufs frais - 4x100g","p":2.1,"u":"5,25 €/KG","img":"https://fd14-photos.leclercdrive.fr/image.ashx?id=1987563&use=l&cat=p&typeid=i","cat":284419},{"id":11399,"n":"Beurre ovale Le Marin 82% MG - 250g","p":3.0,"u":"12,00 €/KG","img":"https://fd14-photos.leclercdrive.fr/image.ashx?id=2896949&use=l&cat=p&typeid=i","cat":284379},{"id":11455,"n":"Pasta Box Sodebo Tortellini Ricotta Épinards - 280g","p":2.5,"u":"8,93 €/KG","img":"https://fd14-photos.leclercdrive.fr/image.ashx?id=2919778&use=l&cat=p&typeid=i","cat":334983},{"id":11464,"n":"Pointe de brie Président Crémeux - 200g","p":1.95,"u":"9,75 €/KG","img":"https://fd14-photos.leclercdrive.fr/image.ashx?id=2029841&use=l&cat=p&typeid=i","cat":314033},{"id":11465,"n":"Beurre La Motte Président Demi-sel - 80%MG - 250g","p":3.19,"u":"12,76 €/KG","img":"https://fd14-photos.leclercdrive.fr/image.ashx?id=2896970&use=l&cat=p&typeid=i","cat":284379},{"id":11477,"n":"Yaourts à la Grecque Au lait de brebis - 2x150g","p":2.05,"u":"6,83 €/KG","img":"https://fd14-photos.leclercdrive.fr/image.ashx?id=2188443&use=l&cat=p&typeid=i","cat":314999},{"id":11501,"n":"Yaourts Mamie Nova Cerise griotte - 2x150g","p":1.2,"u":"4,00 €/KG","img":"https://fd14-photos.leclercdrive.fr/image.ashx?id=2912245&use=l&cat=p&typeid=i","cat":284410},{"id":11503,"n":"Crème gourmande Mamie Nova Vanille bourbon 2x150g","p":1.6,"u":"5,33 €/KG","img":"https://fd14-photos.leclercdrive.fr/image.ashx?id=2909017&use=l&cat=p&typeid=i","cat":285041},{"id":11508,"n":"Lait céréales Blédidej 6 mois Biscuit  - 4x250ml","p":3.45,"u":"3,45 €/L","img":"https://fd14-photos.leclercdrive.fr/image.ashx?id=2921040&use=l&cat=p&typeid=i","cat":312226},{"id":11509,"n":"Feuille de brick Tablier Blanc 8 feuilles - 136g","p":0.77,"u":"5,66 €/KG","img":"https://fd14-photos.leclercdrive.fr/image.ashx?id=1938558&use=l&cat=p&typeid=i","cat":333681},{"id":11518,"n":"Mi-bas voile Tissaia Noir - Taille unique - x3","p":2.3,"u":"0,77 €/P","img":"https://fd14-photos.leclercdrive.fr/image.ashx?id=2193338&use=l&cat=p&typeid=i","cat":334130},{"id":11519,"n":"Mi-bas mousse lycra Tissaia Noir taille unique - x3","p":2.5,"u":"0,83 €/P","img":"https://fd14-photos.leclercdrive.fr/image.ashx?id=2193329&use=l&cat=p&typeid=i","cat":334130},{"id":11521,"n":"Socquettes mousse Tissaia Noires TU - x3","p":1.85,"u":"0,62 €/P","img":"https://fd14-photos.leclercdrive.fr/image.ashx?id=2660495&use=l&cat=p&typeid=i","cat":334130},{"id":11522,"n":"Socquettes mousse Tissaia Elasthanne beige moyen TU - x3","p":1.85,"u":"0,62 €/P","img":"https://fd14-photos.leclercdrive.fr/image.ashx?id=2660498&use=l&cat=p&typeid=i","cat":334130},{"id":11523,"n":"Socquettes voile Tissaia Résistant Noir Taille Unique-x3","p":2.95,"u":"0,98 €/P","img":"https://fd14-photos.leclercdrive.fr/image.ashx?id=2193362&use=l&cat=p&typeid=i","cat":334130},{"id":11524,"n":"Socquettes voile Tissaia Résistant beige moyen TU - x3","p":2.95,"u":"0,98 €/P","img":"https://fd14-photos.leclercdrive.fr/image.ashx?id=2193365&use=l&cat=p&typeid=i","cat":334130},{"id":11527,"n":"Essuie-tout blanc Mimosa Super absorbant - x6","p":3.7,"u":"0,62 €/P","img":"https://fd14-photos.leclercdrive.fr/image.ashx?id=2401882&use=l&cat=p&typeid=i","cat":284635},{"id":11561,"n":"Boisson sans alcool D'Artigny Classic - 75cl","p":3.2,"u":"4,27 €/L","img":"https://fd14-photos.leclercdrive.fr/image.ashx?id=2804430&use=l&cat=p&typeid=i","cat":289460},{"id":11562,"n":"Boisson sans alcool D'Artigny Pêche - 75cl","p":3.2,"u":"4,27 €/L","img":"https://fd14-photos.leclercdrive.fr/image.ashx?id=2854393&use=l&cat=p&typeid=i","cat":289460},{"id":11584,"n":"Basilic  20g","p":1.49,"u":"74,50 €/KG","img":"https://fd14-photos.leclercdrive.fr/image.ashx?id=588940&use=l&cat=p&typeid=i","cat":293607},{"id":11587,"n":"Papier toilette Mimosa Rose - Ultra doux - x12","p":2.82,"u":"0,24 €/P","img":"https://fd14-photos.leclercdrive.fr/image.ashx?id=2448303&use=l&cat=p&typeid=i","cat":284634},{"id":11588,"n":"Aneth  20g","p":1.49,"u":"74,50 €/KG","img":"https://fd14-photos.leclercdrive.fr/image.ashx?id=588949&use=l&cat=p&typeid=i","cat":293607},{"id":11592,"n":"Coriandre  20g","p":1.49,"u":"74,50 €/KG","img":"https://fd14-photos.leclercdrive.fr/image.ashx?id=588954&use=l&cat=p&typeid=i","cat":293607},{"id":11602,"n":"Menthe  20g","p":1.49,"u":"74,50 €/KG","img":"https://fd14-photos.leclercdrive.fr/image.ashx?id=588969&use=l&cat=p&typeid=i","cat":293607},{"id":11611,"n":"Avocats mûrs à point  Panier du Primeur x2","p":3.99,"u":"2,00 €/P","img":"https://fd14-photos.leclercdrive.fr/image.ashx?id=2313373&use=l&cat=p&typeid=i","cat":284352},{"id":11635,"n":"Collant Well Elastivoile Satiné ibiza T2","p":4.4,"img":"https://fd14-photos.leclercdrive.fr/image.ashx?id=2056380&use=l&cat=p&typeid=i","cat":334130},{"id":11639,"n":"Mi-bas Well Elastivoile Satiné ibiza taille U x2","p":3.95,"img":"https://fd14-photos.leclercdrive.fr/image.ashx?id=2056389&use=l&cat=p&typeid=i","cat":334130},{"id":11640,"n":"Mi-bas Well Elastivoile Satiné noir taille U x2","p":3.95,"img":"https://fd14-photos.leclercdrive.fr/image.ashx?id=2587536&use=l&cat=p&typeid=i","cat":334130},{"id":11642,"n":"Mi-bas Well Actiwell Circulation ibiza T39/41 x1","p":3.7,"img":"https://fd14-photos.leclercdrive.fr/image.ashx?id=2056407&use=l&cat=p&typeid=i","cat":334130},{"id":11643,"n":"Mi-bas Well Actiwell Circulation noir T39/41 x1","p":3.7,"img":"https://fd14-photos.leclercdrive.fr/image.ashx?id=2587539&use=l&cat=p&typeid=i","cat":334130},{"id":11645,"n":"Mi-bas Well Actiwell Circulation ibiza T36/38 x1","p":3.7,"img":"https://fd14-photos.leclercdrive.fr/image.ashx?id=2056413&use=l&cat=p&typeid=i","cat":334130},{"id":11646,"n":"Mi-bas Well Actiwell Circulation noir T36/38 x1","p":3.7,"img":"https://fd14-photos.leclercdrive.fr/image.ashx?id=2587542&use=l&cat=p&typeid=i","cat":334130},{"id":11647,"n":"Collant voile Well Body Galbe Noir - T1","p":5.2,"img":"https://fd14-photos.leclercdrive.fr/image.ashx?id=589096&use=l&cat=p&typeid=i","cat":334130},{"id":11654,"n":"Collant voile Tissaia Transparent noir T2 - x2","p":2.15,"u":"1,08 €/P","img":"https://fd14-photos.leclercdrive.fr/image.ashx?id=2193033&use=l&cat=p&typeid=i","cat":334130},{"id":11656,"n":"Collant voile Tissaia Transparent noir T3 - x2","p":2.15,"u":"1,08 €/P","img":"https://fd14-photos.leclercdrive.fr/image.ashx?id=2193036&use=l&cat=p&typeid=i","cat":334130},{"id":11660,"n":"Collant voile Tissaia Transparent noir T4 - x2","p":2.15,"u":"1,08 €/P","img":"https://fd14-photos.leclercdrive.fr/image.ashx?id=2193042&use=l&cat=p&typeid=i","cat":334130},{"id":11671,"n":"Collant voile Tissaia Résistant beige foncé T3 - x2","p":3.25,"u":"1,63 €/P","img":"https://fd14-photos.leclercdrive.fr/image.ashx?id=2193057&use=l&cat=p&typeid=i","cat":334130},{"id":11675,"n":"Collant voile Tissaia Résistant beige foncé T4 - x2","p":3.25,"u":"1,63 €/P","img":"https://fd14-photos.leclercdrive.fr/image.ashx?id=2193063&use=l&cat=p&typeid=i","cat":334130},{"id":11684,"n":"Collants Well Elastivoile Résistant noir T3","p":3.5,"img":"https://fd14-photos.leclercdrive.fr/image.ashx?id=2056545&use=l&cat=p&typeid=i","cat":334130},{"id":11690,"n":"Collant mousse Tissaia Confort beige moyen T3 - x2","p":1.95,"u":"0,98 €/P","img":"https://fd14-photos.leclercdrive.fr/image.ashx?id=2193087&use=l&cat=p&typeid=i","cat":334130},{"id":11692,"n":"Collant mousse Tissaia Confort beige moyen T4 - x2","p":1.95,"u":"0,98 €/P","img":"https://fd14-photos.leclercdrive.fr/image.ashx?id=2193090&use=l&cat=p&typeid=i","cat":334130},{"id":11736,"n":"Mi-bas opaque Tissaia Noir taille unique - x2","p":3.95,"u":"1,98 €/P","img":"https://fd14-photos.leclercdrive.fr/image.ashx?id=2193317&use=l&cat=p&typeid=i","cat":334130},{"id":11737,"n":"Mi-bas mousse Tissaia Noir taille unique - x3","p":1.95,"u":"0,65 €/P","img":"https://fd14-photos.leclercdrive.fr/image.ashx?id=2193320&use=l&cat=p&typeid=i","cat":334130},{"id":11740,"n":"Mi-bas mousse Tissaia Beige clair taille unique - x3","p":2.5,"u":"0,83 €/P","img":"https://fd14-photos.leclercdrive.fr/image.ashx?id=2193335&use=l&cat=p&typeid=i","cat":334130},{"id":11742,"n":"Mi-bas voile Tissaia Beige foncé taille unique - x3","p":2.3,"u":"0,77 €/P","img":"https://fd14-photos.leclercdrive.fr/image.ashx?id=2193341&use=l&cat=p&typeid=i","cat":334130},{"id":11795,"n":"Confiture Andros Fraises - 1kg","p":3.35,"u":"3,35 €/KG","img":"https://fd14-photos.leclercdrive.fr/image.ashx?id=2946892&use=l&cat=p&typeid=i","cat":284480},{"id":11809,"n":"Collants Well Elastivoile Résistant ibiza T4","p":3.5,"img":"https://fd14-photos.leclercdrive.fr/image.ashx?id=2560837&use=l&cat=p&typeid=i","cat":334130},{"id":11810,"n":"Collant Well Elastivoile Résistant noir T4","p":3.5,"img":"https://fd14-photos.leclercdrive.fr/image.ashx?id=2056374&use=l&cat=p&typeid=i","cat":334130},{"id":11878,"n":"AOC Bordeaux vin rouge Chantet Blanet - BIB 3L","p":9.99,"u":"3,33 €/L","img":"https://fd14-photos.leclercdrive.fr/image.ashx?id=2708456&use=l&cat=p&typeid=i","cat":289560},{"id":11879,"n":"AOC Côtes du Rhône vin rouge Grégoire XI - BIB 3L","p":9.99,"u":"3,33 €/L","img":"https://fd14-photos.leclercdrive.fr/image.ashx?id=2920169&use=l&cat=p&typeid=i","cat":289560},{"id":12063,"n":"Rasoirs jetables Bic sensitive 3 lames - x12","p":4.25,"u":"0,35 €/P","img":"https://fd14-photos.leclercdrive.fr/image.ashx?id=2768502&use=l&cat=p&typeid=i","cat":284616},{"id":12109,"n":"Purée de piments Suzi Wan 100g","p":1.35,"u":"13,50 €/KG","img":"https://fd14-photos.leclercdrive.fr/image.ashx?id=2892565&use=l&cat=p&typeid=i","cat":288992},{"id":12116,"n":"Sauce aigre douce Suzi Wan 400g","p":1.35,"u":"3,38 €/KG","img":"https://fd14-photos.leclercdrive.fr/image.ashx?id=2024300&use=l&cat=p&typeid=i","cat":288992},{"id":12122,"n":"Vermicelles de riz Suzi Wan 250g","p":2.0,"u":"8,00 €/KG","img":"https://fd14-photos.leclercdrive.fr/image.ashx?id=3002183&use=l&cat=p&typeid=i","cat":288992},{"id":12129,"n":"Vermicelles soja Suzi Wan 100g","p":1.8,"u":"18,00 €/KG","img":"https://fd14-photos.leclercdrive.fr/image.ashx?id=2886259&use=l&cat=p&typeid=i","cat":288992},{"id":12236,"n":"Spaghetti d'Alsace NRT 250g","p":1.37,"u":"5,48 €/KG","img":"https://fd14-photos.leclercdrive.fr/image.ashx?id=2839983&use=l&cat=p&typeid=i","cat":284427},{"id":12245,"n":"Galettes Bretonnes P'tit Déli Pépites chocolat 130g","p":1.31,"u":"10,08 €/KG","img":"https://fd14-photos.leclercdrive.fr/image.ashx?id=2387973&use=l&cat=p&typeid=i","cat":284487},{"id":12249,"n":"Torsades d'Alsace NRT 250g","p":1.4,"u":"5,60 €/KG","img":"https://fd14-photos.leclercdrive.fr/image.ashx?id=2839980&use=l&cat=p&typeid=i","cat":284427},{"id":12258,"n":"Gros sel de l'Ile de Ré NRT Sachet -1kg","p":2.06,"u":"2,06 €/KG","img":"https://fd14-photos.leclercdrive.fr/image.ashx?id=2802879&use=l&cat=p&typeid=i","cat":284457},{"id":12259,"n":"Fromage Mimolette vieille NRT  Label Rouge  - 200g","p":3.65,"u":"18,25 €/KG","img":"https://fd14-photos.leclercdrive.fr/image.ashx?id=2934829&use=l&cat=p&typeid=i","cat":314034},{"id":12342,"n":"Sucettes Chupa Chups Fresh cola - 192g","p":2.29,"u":"11,93 €/KG","img":"https://fd14-photos.leclercdrive.fr/image.ashx?id=2149489&use=l&cat=p&typeid=i","cat":304252},{"id":12362,"n":"Thon entier Pêche Océan Naturel - 2x140g","p":3.75,"u":"13,39 €/KG","img":"https://fd14-photos.leclercdrive.fr/image.ashx?id=2941423&use=l&cat=p&typeid=i","cat":303867},{"id":12363,"n":"Thon entier Pêche Océan Naturel - 3x93g","p":3.47,"u":"12,44 €/KG","img":"https://fd14-photos.leclercdrive.fr/image.ashx?id=2941411&use=l&cat=p&typeid=i","cat":303867},{"id":12365,"n":"Couscous royal Côté Table Volaille et merguez 980g","p":3.69,"u":"3,77 €/KG","img":"https://fd14-photos.leclercdrive.fr/image.ashx?id=2977144&use=l&cat=p&typeid=i","cat":325094},{"id":12368,"n":"Saucisses et haricots blancs Côté Table - 840g","p":3.15,"u":"3,75 €/KG","img":"https://fd14-photos.leclercdrive.fr/image.ashx?id=2980465&use=l&cat=p&typeid=i","cat":284441},{"id":12373,"n":"Moutarde Rustica Mi-forte - 415g","p":1.31,"u":"3,16 €/KG","img":"https://fd14-photos.leclercdrive.fr/image.ashx?id=1961437&use=l&cat=p&typeid=i","cat":288850},{"id":12376,"n":"Pâtes Alphabet Turini 500g","p":0.99,"u":"1,98 €/KG","img":"https://fd14-photos.leclercdrive.fr/image.ashx?id=2523700&use=l&cat=p&typeid=i","cat":284427},{"id":12380,"n":"Infusion Tiséa Digestion facilitée x25","p":0.99,"u":"24,75 €/KG","img":"https://fd14-photos.leclercdrive.fr/image.ashx?id=1216454&use=l&cat=p&typeid=i","cat":293234},{"id":12384,"n":"Thon entier Pêche Océan Huile de tournesol - 3x80g","p":2.48,"u":"10,33 €/KG","img":"https://fd14-photos.leclercdrive.fr/image.ashx?id=2941402&use=l&cat=p&typeid=i","cat":303867},{"id":12391,"n":"Sirop Frucci Fraise - 1L","p":3.5,"u":"3,50 €/L","img":"https://fd14-photos.leclercdrive.fr/image.ashx?id=2955662&use=l&cat=p&typeid=i","cat":295020},{"id":12394,"n":"Nectar Jafaden Abricot - 4x20cl","p":2.63,"u":"3,29 €/L","img":"https://fd14-photos.leclercdrive.fr/image.ashx?id=2955671&use=l&cat=p&typeid=i","cat":284524},{"id":12396,"n":"100% Pur jus de tomate Jafaden - 4x20cl","p":2.32,"u":"2,90 €/L","img":"https://fd14-photos.leclercdrive.fr/image.ashx?id=1663295&use=l&cat=p&typeid=i","cat":284523},{"id":12397,"n":"Vin mousseux d'Union Européenne Brut Blazer - 75 cl","p":3.15,"u":"4,20 €/L","img":"https://fd14-photos.leclercdrive.fr/image.ashx?id=2074969&use=l&cat=p&typeid=i","cat":284544},{"id":12398,"n":"Vin mousseux d'Union Européenne  Demi-sec Blazer - 75cl","p":3.19,"u":"4,25 €/L","img":"https://fd14-photos.leclercdrive.fr/image.ashx?id=2623953&use=l&cat=p&typeid=i","cat":284544},{"id":12422,"n":"Jus de citron vert Rustica 2x12,5cll","p":1.47,"u":"5,88 €/L","img":"https://fd14-photos.leclercdrive.fr/image.ashx?id=2123196&use=l&cat=p&typeid=i","cat":288383},{"id":12426,"n":"Pâtes Cheveux d'anges Turini 1kg","p":1.61,"u":"1,61 €/KG","img":"https://fd14-photos.leclercdrive.fr/image.ashx?id=2540939&use=l&cat=p&typeid=i","cat":284427},{"id":12438,"n":"Vinaigre Balsamique MAILLE Velours de Modène - 25cl","p":3.4,"u":"13,60 €/L","img":"https://fd14-photos.leclercdrive.fr/image.ashx?id=2889994&use=l&cat=p&typeid=i","cat":298543},{"id":12453,"n":"Soda Jean's Cola sans Caféine Zéro - Bouteille - 1,5L","p":0.96,"u":"0,64 €/L","img":"https://fd14-photos.leclercdrive.fr/image.ashx?id=2481754&use=l&cat=p&typeid=i","cat":284530},{"id":12464,"n":"Soda Jean's Cola Zéro Bouteille - 1,5L","p":0.45,"u":"0,30 €/L","img":"https://fd14-photos.leclercdrive.fr/image.ashx?id=2637883&use=l&cat=p&typeid=i","cat":284530},{"id":12467,"n":"Jus multifruits Jafaden Pur jus - 1L","p":1.99,"u":"1,99 €/L","img":"https://fd14-photos.leclercdrive.fr/image.ashx?id=2956035&use=l&cat=p&typeid=i","cat":284917},{"id":12469,"n":"100% Pur jus d'orange Jafaden  Sans pulpe - 1L","p":1.99,"u":"1,99 €/L","img":"https://fd14-photos.leclercdrive.fr/image.ashx?id=2842477&use=l&cat=p&typeid=i","cat":284521},{"id":12471,"n":"Thon entier Pêche Océan Huile de tournesol - 160g","p":1.63,"u":"10,19 €/KG","img":"https://fd14-photos.leclercdrive.fr/image.ashx?id=2941399&use=l&cat=p&typeid=i","cat":303867},{"id":12477,"n":"Cassoulet Saucisse de Toulouse Côté Table - 420g","p":2.11,"u":"5,02 €/KG","img":"https://fd14-photos.leclercdrive.fr/image.ashx?id=2977861&use=l&cat=p&typeid=i","cat":284440},{"id":12506,"n":"Marshmallows Copains Copines Vanille 300g","p":1.25,"u":"4,17 €/KG","img":"https://fd14-photos.leclercdrive.fr/image.ashx?id=2934646&use=l&cat=p&typeid=i","cat":304250},{"id":12527,"n":"Chocolat Pâtissier Tablette dOr Noir - 200g","p":1.79,"u":"8,95 €/KG","img":"https://fd14-photos.leclercdrive.fr/image.ashx?id=2723356&use=l&cat=p&typeid=i","cat":285562},{"id":12532,"n":"Café en grains Plantation Tradition - 1kg","p":10.15,"u":"10,15 €/KG","img":"https://fd14-photos.leclercdrive.fr/image.ashx?id=1900276&use=l&cat=p&typeid=i","cat":293237},{"id":12555,"n":"Mogette cuite au naturel NRT De Vendée - 530g","p":3.24,"u":"6,11 €/KG","img":"https://fd14-photos.leclercdrive.fr/image.ashx?id=2771025&use=l&cat=p&typeid=i","cat":312606},{"id":12557,"n":"Vinaigrette Rustica Echalote - 50cl","p":1.25,"u":"2,50 €/L","img":"https://fd14-photos.leclercdrive.fr/image.ashx?id=1972901&use=l&cat=p&typeid=i","cat":284456},{"id":12565,"n":"Haricots beurre Notre Jardin Extra fins - 220g","p":1.88,"u":"8,55 €/KG","img":"https://fd14-photos.leclercdrive.fr/image.ashx?id=2988039&use=l&cat=p&typeid=i","cat":312606},{"id":12567,"n":"Andouillettes de Troyes NRT  2x150g","p":3.49,"u":"11,63 €/KG","img":"https://fd14-photos.leclercdrive.fr/image.ashx?id=2991500&use=l&cat=p&typeid=i","cat":316012},{"id":12573,"n":"Eponges Mamison salle de bain Décorées x2","p":0.99,"u":"0,50 €/P","img":"https://fd14-photos.leclercdrive.fr/image.ashx?id=2199055&use=l&cat=p&typeid=i","cat":284667},{"id":12581,"n":"Soupe Déshydratée Thaï KNORR Nouilles & Champignons - 70cl","p":1.32,"u":"1,89 €/L","img":"https://fd14-photos.leclercdrive.fr/image.ashx?id=2772554&use=l&cat=p&typeid=i","cat":284463},{"id":12584,"n":"Pain grillé bio Bio Village Blé complet x12 - 250g","p":1.69,"u":"6,76 €/KG","img":"https://fd14-photos.leclercdrive.fr/image.ashx?id=1290239&use=l&cat=p&typeid=i","cat":284479},{"id":12587,"n":"Compote Douceur du Verger Gourdes multivariétés - 12x90g","p":3.93,"u":"3,64 €/KG","img":"https://fd14-photos.leclercdrive.fr/image.ashx?id=2837036&use=l&cat=p&typeid=i","cat":284508},{"id":12588,"n":"Sel régénérant Visior Lave-vaisselle - 4x1kg","p":2.69,"u":"0,67 €/KG","img":"https://fd14-photos.leclercdrive.fr/image.ashx?id=2463401&use=l&cat=p&typeid=i","cat":284657},{"id":12591,"n":"Soupe déshydratée Knorr 9 légumes - 75cl","p":0.9,"u":"1,20 €/L","img":"https://fd14-photos.leclercdrive.fr/image.ashx?id=2790585&use=l&cat=p&typeid=i","cat":284463},{"id":12593,"n":"Soupe déshydratée Knorr 9 légumes - 105g","p":0.9,"u":"8,57 €/KG","img":"https://fd14-photos.leclercdrive.fr/image.ashx?id=2875930&use=l&cat=p&typeid=i","cat":284463},{"id":12602,"n":"Ciboulette Rustica Coupé - 50g","p":1.65,"u":"33,00 €/KG","img":"https://fd14-photos.leclercdrive.fr/image.ashx?id=2365460&use=l&cat=p&typeid=i","cat":319804},{"id":12605,"n":"Cornichons Maille Le Mini 210g","p":2.75,"u":"13,10 €/KG","img":"https://fd14-photos.leclercdrive.fr/image.ashx?id=2877310&use=l&cat=p&typeid=i","cat":284458},{"id":12606,"n":"Marmite bouillon Knorr Poule - 224g","p":1.88,"u":"8,39 €/KG","img":"https://fd14-photos.leclercdrive.fr/image.ashx?id=2960288&use=l&cat=p&typeid=i","cat":288379},{"id":12608,"n":"Marmitte Bouillon Légumes KNORR 8 Capsules - 224g","p":1.95,"u":"8,71 €/KG","img":"https://fd14-photos.leclercdrive.fr/image.ashx?id=2829132&use=l&cat=p&typeid=i","cat":288379},{"id":12627,"n":"Crème Nourrissante Karité Dop Cheveux très sec, frisé - 300ml","p":3.65,"u":"12,17 €/L","img":"https://fd14-photos.leclercdrive.fr/image.ashx?id=590700&use=l&cat=p&typeid=i","cat":284608},{"id":12669,"n":"Sauce Burger AMORA 260g","p":1.5,"u":"5,77 €/KG","img":"https://fd14-photos.leclercdrive.fr/image.ashx?id=2893853&use=l&cat=p&typeid=i","cat":318431},{"id":12670,"n":"Basilic Rustica Coupé - 50g","p":1.69,"u":"33,80 €/KG","img":"https://fd14-photos.leclercdrive.fr/image.ashx?id=2365463&use=l&cat=p&typeid=i","cat":319804},{"id":12674,"n":"Nids d'Alsace NRT 250g","p":1.48,"u":"5,92 €/KG","img":"https://fd14-photos.leclercdrive.fr/image.ashx?id=2839968&use=l&cat=p&typeid=i","cat":284427},{"id":12675,"n":"Pizza Cuite sur pierre Turini 4 fromages - 400g","p":2.6,"u":"6,50 €/KG","img":"https://fd14-photos.leclercdrive.fr/image.ashx?id=2815229&use=l&cat=p&typeid=i","cat":284256},{"id":12676,"n":"Pizza Cuite sur pierre Turini Chorizo - 400g","p":2.69,"u":"6,73 €/KG","img":"https://fd14-photos.leclercdrive.fr/image.ashx?id=2815226&use=l&cat=p&typeid=i","cat":284256},{"id":12685,"n":"Biscuit P'tit Beurres chocolait P'tit Déli 268g","p":2.69,"u":"10,04 €/KG","img":"https://fd14-photos.leclercdrive.fr/image.ashx?id=2473975&use=l&cat=p&typeid=i","cat":284488},{"id":12691,"n":"Pizza Familiale 4 from. Turini Cuite sur pierre - 570g","p":3.85,"u":"6,75 €/KG","img":"https://fd14-photos.leclercdrive.fr/image.ashx?id=2815220&use=l&cat=p&typeid=i","cat":284256},{"id":12706,"n":"Dentifrice Dentamyl Soin complet 75ml","p":0.7,"u":"9,33 €/L","img":"https://fd14-photos.leclercdrive.fr/image.ashx?id=2276480&use=l&cat=p&typeid=i","cat":284612},{"id":12739,"n":"Friand viande Côté Table 2x110g","p":1.65,"u":"7,50 €/KG","img":"https://fd14-photos.leclercdrive.fr/image.ashx?id=2820436&use=l&cat=p&typeid=i","cat":333671},{"id":12771,"n":"Collants mousse Tissaia Elasthanne beige foncé T2 - x2","p":2.6,"u":"1,30 €/P","img":"https://fd14-photos.leclercdrive.fr/image.ashx?id=2193105&use=l&cat=p&typeid=i","cat":334130},{"id":12772,"n":"Boisson Jafaden Cranberry - 1L","p":1.92,"u":"1,92 €/L","img":"https://fd14-photos.leclercdrive.fr/image.ashx?id=2366283&use=l&cat=p&typeid=i","cat":284915},{"id":12776,"n":"Collants mousse Tissaia Elasthanne beige foncé T3 - x2","p":2.6,"u":"1,30 €/P","img":"https://fd14-photos.leclercdrive.fr/image.ashx?id=2193260&use=l&cat=p&typeid=i","cat":334130},{"id":12779,"n":"Collant mousse Tissaia Elasthanne beige foncé T4 - x2","p":2.6,"u":"1,30 €/P","img":"https://fd14-photos.leclercdrive.fr/image.ashx?id=2193272&use=l&cat=p&typeid=i","cat":334130},{"id":12794,"n":"Foie gras Pierre de Chaumeyrac IGP Entier du Sud Ouest - 240g","p":22.9,"u":"95,42 €/KG","img":"https://fd14-photos.leclercdrive.fr/image.ashx?id=2809072&use=l&cat=p&typeid=i","cat":316008},{"id":12795,"n":"Foie gras de canard entier  Pierre de Chaumeyrac - 300g","p":24.9,"u":"83,00 €/KG","img":"https://fd14-photos.leclercdrive.fr/image.ashx?id=2623959&use=l&cat=p&typeid=i","cat":316008},{"id":12816,"n":"Dentifrice blancheur Dentamyl Soin complet 75ml","p":0.98,"u":"13,07 €/L","img":"https://fd14-photos.leclercdrive.fr/image.ashx?id=2489110&use=l&cat=p&typeid=i","cat":284612},{"id":12914,"n":"Fromage persillé 125g","p":1.94,"u":"15,52 €/KG","img":"https://fd14-photos.leclercdrive.fr/image.ashx?id=2609553&use=l&cat=p&typeid=i","cat":314032},{"id":12917,"n":"Infusion bio Bio Village Pour le soir x20 - 30g","p":1.78,"u":"59,33 €/KG","img":"https://fd14-photos.leclercdrive.fr/image.ashx?id=2646020&use=l&cat=p&typeid=i","cat":293234},{"id":12925,"n":"Délice de tomates séchées NRT à la provençale - 90g","p":2.2,"u":"24,44 €/KG","img":"https://fd14-photos.leclercdrive.fr/image.ashx?id=2991163&use=l&cat=p&typeid=i","cat":315999},{"id":12927,"n":"Tapenade verte NRT à la provençale - 90g","p":2.6,"u":"28,89 €/KG","img":"https://fd14-photos.leclercdrive.fr/image.ashx?id=2991154&use=l&cat=p&typeid=i","cat":315999},{"id":12928,"n":"Tapenade noire NRT à la provençale - 90g","p":2.66,"u":"29,56 €/KG","img":"https://fd14-photos.leclercdrive.fr/image.ashx?id=2991085&use=l&cat=p&typeid=i","cat":315999},{"id":12930,"n":"Mélange forestier Notre Jardin 450g","p":4.84,"u":"10,76 €/KG","img":"https://fd14-photos.leclercdrive.fr/image.ashx?id=2873111&use=l&cat=p&typeid=i","cat":319823},{"id":12966,"n":"Assortiment biscuits fins P'tit Déli 200g","p":2.39,"u":"11,95 €/KG","img":"https://fd14-photos.leclercdrive.fr/image.ashx?id=1648818&use=l&cat=p&typeid=i","cat":284490},{"id":13014,"n":"Déodorant spray Scorpio Scorpio rouge - 150ml","p":2.5,"u":"16,67 €/L","img":"https://fd14-photos.leclercdrive.fr/image.ashx?id=2329780&use=l&cat=p&typeid=i","cat":284618},{"id":13072,"n":"Pâte de fruits Jacquot Grand Verger- 1kg","p":6.2,"u":"6,20 €/KG","img":"https://fd14-photos.leclercdrive.fr/image.ashx?id=2855175&use=l&cat=p&typeid=i","cat":327606},{"id":13300,"n":"Tube de colle liquide Esquisse Transparente gel - 30ml","p":0.99,"u":"33,00 €/L","img":"https://fd14-photos.leclercdrive.fr/image.ashx?id=1928779&use=l&cat=p&typeid=i","cat":334133},{"id":13350,"n":"Pâté Hénaff 260g","p":3.4,"u":"13,08 €/KG","img":"https://fd14-photos.leclercdrive.fr/image.ashx?id=2662178&use=l&cat=p&typeid=i","cat":305149},{"id":13351,"n":"Pâté de porc Hénaff 390g","p":4.4,"u":"11,28 €/KG","img":"https://fd14-photos.leclercdrive.fr/image.ashx?id=2280546&use=l&cat=p&typeid=i","cat":305149},{"id":13356,"n":"IGP Fleur de sel Le Guérandais Tradition -  125g","p":2.4,"u":"19,20 €/KG","img":"https://fd14-photos.leclercdrive.fr/image.ashx?id=2457881&use=l&cat=p&typeid=i","cat":284457},{"id":13383,"n":"Galettes bretonnes Le Glazik Pur beurre - 400g","p":3.8,"u":"9,50 €/KG","img":"https://fd14-photos.leclercdrive.fr/image.ashx?id=2509376&use=l&cat=p&typeid=i","cat":284487},{"id":13425,"n":"Beurre Moulé Paysan Breton Demi-sel - 80% MG - 500g","p":5.75,"u":"11,50 €/KG","img":"https://fd14-photos.leclercdrive.fr/image.ashx?id=2774499&use=l&cat=p&typeid=i","cat":284379},{"id":13427,"n":"Camembert Kergall Paysan Breton 45%MG - 250g","p":2.2,"u":"8,80 €/KG","img":"https://fd14-photos.leclercdrive.fr/image.ashx?id=2731807&use=l&cat=p&typeid=i","cat":314033},{"id":13428,"n":"Beurre Moulé Paysan Breton Demi-sel - 80% MG - 125g","p":1.75,"u":"14,00 €/KG","img":"https://fd14-photos.leclercdrive.fr/image.ashx?id=2939766&use=l&cat=p&typeid=i","cat":284379},{"id":13429,"n":"Mini-beurre Paysan Breton Demi-sel x20 - 82%MG - 200g","p":2.95,"u":"14,75 €/KG","img":"https://fd14-photos.leclercdrive.fr/image.ashx?id=2774571&use=l&cat=p&typeid=i","cat":284379},{"id":13434,"n":"Dessert Empresure Malo Chocolat - 4x125g","p":1.8,"u":"3,60 €/KG","img":"https://fd14-photos.leclercdrive.fr/image.ashx?id=2842684&use=l&cat=p&typeid=i","cat":285041},{"id":13440,"n":"Purée de fruit NATURNES Fruits du verger 6M+ - 4x130g","p":2.1,"u":"4,04 €/KG","img":"https://fd14-photos.leclercdrive.fr/image.ashx?id=2478387&use=l&cat=p&typeid=i","cat":312388},{"id":13532,"n":"Purée pomme de terre Pom'lisse Saveur d'antan - 4x125g - 500g","p":2.49,"u":"4,98 €/KG","img":"https://fd14-photos.leclercdrive.fr/image.ashx?id=2929867&use=l&cat=p&typeid=i","cat":284431},{"id":13570,"n":"Andouillettes de Troyes NRT 3x150g","p":4.99,"u":"11,09 €/KG","img":"https://fd14-photos.leclercdrive.fr/image.ashx?id=2753508&use=l&cat=p&typeid=i","cat":316012},{"id":13579,"n":"Nettoyant biberons Tigex 300ml","p":4.79,"u":"15,97 €/L","img":"https://fd14-photos.leclercdrive.fr/image.ashx?id=2689835&use=l&cat=p&typeid=i","cat":284742},{"id":13646,"n":"Rochers Equador Chocolat noir x7 245g","p":2.49,"u":"10,16 €/KG","img":"https://fd14-photos.leclercdrive.fr/image.ashx?id=2425458&use=l&cat=p&typeid=i","cat":327600},{"id":13649,"n":"Pansement Primoplast Cicatrisant hydrocolloïde x8","p":5.89,"img":"https://fd14-photos.leclercdrive.fr/image.ashx?id=2856480&use=l&cat=p&typeid=i","cat":284630},{"id":13650,"n":"Gel à l'arnica Primoplast 50g","p":1.66,"u":"33,20 €/KG","img":"https://fd14-photos.leclercdrive.fr/image.ashx?id=2856477&use=l&cat=p&typeid=i","cat":284630},{"id":13681,"n":"Pâté pur porc Côtés Table 2 Foie 1 campagne - 3x78g","p":1.9,"u":"8,12 €/KG","img":"https://fd14-photos.leclercdrive.fr/image.ashx?id=2518505&use=l&cat=p&typeid=i","cat":305149},{"id":13682,"n":"Pâté de campagne Côté Table Pur porc - 3x78g","p":1.84,"u":"7,86 €/KG","img":"https://fd14-photos.leclercdrive.fr/image.ashx?id=2478763&use=l&cat=p&typeid=i","cat":305149},{"id":13683,"n":"Pâté de foie Côté Table Pur porc - 3x78g","p":1.99,"u":"8,50 €/KG","img":"https://fd14-photos.leclercdrive.fr/image.ashx?id=2518502&use=l&cat=p&typeid=i","cat":305149},{"id":13684,"n":"Bouillon de légumes Rustica Cubes - 12x10g","p":0.67,"u":"5,58 €/KG","img":"https://fd14-photos.leclercdrive.fr/image.ashx?id=1753198&use=l&cat=p&typeid=i","cat":288379},{"id":13685,"n":"Bouillon de volaille Rustica Cubes - 12x10g","p":0.8,"u":"6,67 €/KG","img":"https://fd14-photos.leclercdrive.fr/image.ashx?id=1880027&use=l&cat=p&typeid=i","cat":288379},{"id":13686,"n":"Bouillon Pot au feu Rustica Cubes - 12x10g","p":1.39,"u":"11,58 €/KG","img":"https://fd14-photos.leclercdrive.fr/image.ashx?id=1880024&use=l&cat=p&typeid=i","cat":288379},{"id":13693,"n":"Gaufrettes fourrées Tokapi Chèvre et poivre - 75g","p":1.29,"u":"17,20 €/KG","img":"https://fd14-photos.leclercdrive.fr/image.ashx?id=2067944&use=l&cat=p&typeid=i","cat":297000},{"id":13698,"n":"Légumes couscous Notre Jardin 400g","p":1.43,"u":"3,58 €/KG","img":"https://fd14-photos.leclercdrive.fr/image.ashx?id=2468831&use=l&cat=p&typeid=i","cat":312612},{"id":13699,"n":"Gaufrettes fourrées Tokapi Gouda et noix - 75g","p":1.29,"u":"17,20 €/KG","img":"https://fd14-photos.leclercdrive.fr/image.ashx?id=2063329&use=l&cat=p&typeid=i","cat":297000},{"id":13703,"n":"Petits pois Notre Jardin A l'étuvée - Très fins - 560g","p":1.29,"u":"2,30 €/KG","img":"https://fd14-photos.leclercdrive.fr/image.ashx?id=1725294&use=l&cat=p&typeid=i","cat":312607},{"id":13715,"n":"Croquettes chat Purina One Stérilisé - Boeuf/Blé-1.5kg","p":6.8,"u":"4,53 €/KG","img":"https://fd14-photos.leclercdrive.fr/image.ashx?id=2488040&use=l&cat=p&typeid=i","cat":284680},{"id":13770,"n":"Croissants surgelés Epi d'Or Cuisson four - 6x60g","p":2.58,"u":"7,17 €/KG","img":"https://fd14-photos.leclercdrive.fr/image.ashx?id=2900088&use=l&cat=p&typeid=i","cat":284267},{"id":13776,"n":"Mouchoirs blancs 3 plis Caresse Boîte - x110","p":1.35,"u":"0,01 €/P","img":"https://fd14-photos.leclercdrive.fr/image.ashx?id=2858784&use=l&cat=p&typeid=i","cat":284638},{"id":13777,"n":"Lingettes bébé Eco+ Epaisses - x72","p":0.72,"u":"0,01 €/P","img":"https://fd14-photos.leclercdrive.fr/image.ashx?id=2874672&use=l&cat=p&typeid=i","cat":284738},{"id":13782,"n":"Déodorant Manava anti-traces 200ml","p":1.29,"u":"6,45 €/L","img":"https://fd14-photos.leclercdrive.fr/image.ashx?id=2692952&use=l&cat=p&typeid=i","cat":284595},{"id":13784,"n":"Gel douche et shampooing Carré Homme Energisante - 250ml","p":1.15,"u":"4,60 €/L","img":"https://fd14-photos.leclercdrive.fr/image.ashx?id=1544231&use=l&cat=p&typeid=i","cat":284619},{"id":13785,"n":"Shampooing Vitanove Réparateur - 250ml","p":1.45,"u":"5,80 €/L","img":"https://fd14-photos.leclercdrive.fr/image.ashx?id=1879257&use=l&cat=p&typeid=i","cat":284606},{"id":13786,"n":"Shampooing Vitanove Equilibrant - 250ml","p":1.7,"u":"6,80 €/L","img":"https://fd14-photos.leclercdrive.fr/image.ashx?id=1913165&use=l&cat=p&typeid=i","cat":284606},{"id":13787,"n":"Shampooing Vitanove Extra Color - 250ml","p":1.5,"u":"6,00 €/L","img":"https://fd14-photos.leclercdrive.fr/image.ashx?id=1889779&use=l&cat=p&typeid=i","cat":284606},{"id":13788,"n":"Après-shampooing Vitanove Extra color - 200ml","p":1.33,"u":"6,65 €/L","img":"https://fd14-photos.leclercdrive.fr/image.ashx?id=2618302&use=l&cat=p&typeid=i","cat":284607},{"id":13789,"n":"Shampooing Vitanove Lissant - 250ml","p":1.79,"u":"7,16 €/L","img":"https://fd14-photos.leclercdrive.fr/image.ashx?id=1907456&use=l&cat=p&typeid=i","cat":284606},{"id":13790,"n":"Après-shampooing Vitanove Lissant - 200ml","p":1.32,"u":"6,60 €/L","img":"https://fd14-photos.leclercdrive.fr/image.ashx?id=2618314&use=l&cat=p&typeid=i","cat":284607},{"id":13811,"n":"Nettoyant visage Argile Garnier Peaux à imperfections - 150ml","p":3.97,"u":"26,47 €/L","img":"https://fd14-photos.leclercdrive.fr/image.ashx?id=2867548&use=l&cat=p&typeid=i","cat":284603},{"id":13975,"n":"Salade Notre Jardin Mâche - 200g","p":1.52,"u":"7,60 €/KG","img":"https://fd14-photos.leclercdrive.fr/image.ashx?id=2662583&use=l&cat=p&typeid=i","cat":284353},{"id":13977,"n":"Salade Notre Jardin Coeurs de laitue - 320g","p":1.58,"u":"4,94 €/KG","img":"https://fd14-photos.leclercdrive.fr/image.ashx?id=2720142&use=l&cat=p&typeid=i","cat":284353},{"id":13978,"n":"Salade composée Notre Jardin 250g","p":1.21,"u":"4,84 €/KG","img":"https://fd14-photos.leclercdrive.fr/image.ashx?id=2663266&use=l&cat=p&typeid=i","cat":284353},{"id":13987,"n":"Bande cohésive Primoplast 2.5m x 6cm","p":2.75,"img":"https://fd14-photos.leclercdrive.fr/image.ashx?id=2955677&use=l&cat=p&typeid=i","cat":284630},{"id":13992,"n":"Recharge savon mains Manava Gel lavande - 250ml","p":0.49,"u":"1,96 €/L","img":"https://fd14-photos.leclercdrive.fr/image.ashx?id=2935477&use=l&cat=p&typeid=i","cat":284597},{"id":13995,"n":"Bandes extensibles Primoplast 4mx6cm - x2","p":1.3,"img":"https://fd14-photos.leclercdrive.fr/image.ashx?id=2856444&use=l&cat=p&typeid=i","cat":284630},{"id":14023,"n":"Rasoir Carré Homme 3 lames - x1","p":3.89,"img":"https://fd14-photos.leclercdrive.fr/image.ashx?id=2704621&use=l&cat=p&typeid=i","cat":284616},{"id":14027,"n":"Lingettes Hygiène intime Doulys x20","p":1.8,"img":"https://fd14-photos.leclercdrive.fr/image.ashx?id=1760077&use=l&cat=p&typeid=i","cat":284627},{"id":14029,"n":"Fromage Neufchâtel AOP  Nos Régions ont du Talent 200g","p":2.64,"u":"13,20 €/KG","img":"https://fd14-photos.leclercdrive.fr/image.ashx?id=2071227&use=l&cat=p&typeid=i","cat":329558},{"id":14031,"n":"Crème Décolorante Siliss Visage et Corps - 2x50ml","p":2.77,"u":"27,70 €/L","img":"https://fd14-photos.leclercdrive.fr/image.ashx?id=2743783&use=l&cat=p&typeid=i","cat":325351},{"id":14075,"n":"Lait de coco Tables du monde 400ml","p":1.52,"u":"3,80 €/L","img":"https://fd14-photos.leclercdrive.fr/image.ashx?id=1960758&use=l&cat=p&typeid=i","cat":288992},{"id":14087,"n":"Quenelles de veau Coté Table Sauce financière 400g","p":1.85,"u":"4,63 €/KG","img":"https://fd14-photos.leclercdrive.fr/image.ashx?id=2977864&use=l&cat=p&typeid=i","cat":284441},{"id":14099,"n":"Spray nettoyant Eco+ avec Javel 750ml","p":0.87,"u":"1,16 €/L","img":"https://fd14-photos.leclercdrive.fr/image.ashx?id=2837003&use=l&cat=p&typeid=i","cat":325357},{"id":14111,"n":"Houmous Tables du Monde 200g","p":1.43,"u":"7,15 €/KG","img":"https://fd14-photos.leclercdrive.fr/image.ashx?id=2872258&use=l&cat=p&typeid=i","cat":315999},{"id":14113,"n":"Rasoirs jetables Siliss 2 lames - x10","p":1.19,"u":"0,12 €/P","img":"https://fd14-photos.leclercdrive.fr/image.ashx?id=2602763&use=l&cat=p&typeid=i","cat":325352},{"id":14114,"n":"Brosse à dents Dentamyl Médium x4","p":0.95,"u":"0,24 €/P","img":"https://fd14-photos.leclercdrive.fr/image.ashx?id=2790922&use=l&cat=p&typeid=i","cat":284614},{"id":14118,"n":"Carottes râpées Eco+ Assaisonnées - 500g","p":0.84,"u":"1,68 €/KG","img":"https://fd14-photos.leclercdrive.fr/image.ashx?id=2850805&use=l&cat=p&typeid=i","cat":333657},{"id":14122,"n":"Bâtonnets crâbe Eco+ x24 - 400g","p":1.27,"u":"3,18 €/KG","img":"https://fd14-photos.leclercdrive.fr/image.ashx?id=2865239&use=l&cat=p&typeid=i","cat":285189},{"id":14126,"n":"Lasagnes bolognaise Eco+ 1kg","p":3.31,"u":"3,31 €/KG","img":"https://fd14-photos.leclercdrive.fr/image.ashx?id=2814842&use=l&cat=p&typeid=i","cat":333666},{"id":14129,"n":"Roulés au fromage Eco+ 520g","p":2.12,"u":"4,08 €/KG","img":"https://fd14-photos.leclercdrive.fr/image.ashx?id=2758493&use=l&cat=p&typeid=i","cat":333671},{"id":14131,"n":"Désodorisant Visior Lave-vaisselle Citron - x2","p":1.29,"u":"0,65 €/P","img":"https://fd14-photos.leclercdrive.fr/image.ashx?id=2951119&use=l&cat=p&typeid=i","cat":284657},{"id":14132,"n":"Bloc wc javel Syphon 2x40g","p":1.46,"u":"18,25 €/KG","img":"https://fd14-photos.leclercdrive.fr/image.ashx?id=2302540&use=l&cat=p&typeid=i","cat":284662},{"id":14135,"n":"Brosse à dents Eco+ Médium x2","p":0.29,"u":"0,15 €/P","img":"https://fd14-photos.leclercdrive.fr/image.ashx?id=2783783&use=l&cat=p&typeid=i","cat":284614},{"id":14158,"n":"Fromage Mystère du Prieuré Lait pasteurisé - 340g","p":2.65,"u":"7,79 €/KG","img":"https://fd14-photos.leclercdrive.fr/image.ashx?id=2900085&use=l&cat=p&typeid=i","cat":329184},{"id":14163,"n":"Crème nettoyante Clair 3en1 - Fraicheur - 750ml","p":1.44,"u":"1,92 €/L","img":"https://fd14-photos.leclercdrive.fr/image.ashx?id=2358324&use=l&cat=p&typeid=i","cat":325357},{"id":14164,"n":"Roquefort AOP Eco+ Lait cru brebis 150g","p":2.17,"u":"14,47 €/KG","img":"https://fd14-photos.leclercdrive.fr/image.ashx?id=2966629&use=l&cat=p&typeid=i","cat":314032},{"id":14167,"n":"Brosse à dents Dentamyl Extra souple x1","p":0.8,"img":"https://fd14-photos.leclercdrive.fr/image.ashx?id=2790925&use=l&cat=p&typeid=i","cat":284614},{"id":14168,"n":"Dentifrice Dentamyl Protection gencives 75ml","p":0.94,"u":"12,53 €/L","img":"https://fd14-photos.leclercdrive.fr/image.ashx?id=2489092&use=l&cat=p&typeid=i","cat":284612},{"id":14170,"n":"Nettoyant lave-vaisselle Visior 250ml","p":2.65,"u":"10,60 €/L","img":"https://fd14-photos.leclercdrive.fr/image.ashx?id=2946451&use=l&cat=p&typeid=i","cat":284657},{"id":14178,"n":"Taboulé aux légumes Bio Bio village - 200g","p":1.35,"u":"6,75 €/P","img":"https://fd14-photos.leclercdrive.fr/image.ashx?id=2077430&use=l&cat=p&typeid=i","cat":333657},{"id":14179,"n":"Betteraves rouges Bio Village Bio - 200g","p":1.99,"u":"9,95 €/KG","img":"https://fd14-photos.leclercdrive.fr/image.ashx?id=2659197&use=l&cat=p&typeid=i","cat":333657},{"id":14182,"n":"Déodorant stick Carré Homme Marine - 50ml","p":1.99,"u":"39,80 €/L","img":"https://fd14-photos.leclercdrive.fr/image.ashx?id=2481207&use=l&cat=p&typeid=i","cat":284618},{"id":14183,"n":"Lame de rasoir Siliss 3 lames - x4","p":3.59,"img":"https://fd14-photos.leclercdrive.fr/image.ashx?id=2699414&use=l&cat=p&typeid=i","cat":325352},{"id":14187,"n":"Masque réparateur Vitanove Secs abîmés cassants 300ml","p":2.75,"u":"9,17 €/L","img":"https://fd14-photos.leclercdrive.fr/image.ashx?id=2931769&use=l&cat=p&typeid=i","cat":284608},{"id":14190,"n":"Savon mains en crème Manava nourrissante à l'amande - 300ml","p":0.88,"u":"2,93 €/L","img":"https://fd14-photos.leclercdrive.fr/image.ashx?id=2935471&use=l&cat=p&typeid=i","cat":284597},{"id":14193,"n":"Masque capillaire Vitanove Extra color 300ml","p":2.69,"u":"8,97 €/L","img":"https://fd14-photos.leclercdrive.fr/image.ashx?id=2149095&use=l&cat=p&typeid=i","cat":284608},{"id":14195,"n":"Bande à découper Primoplast Peaux sensibles - 10x6cm","p":0.89,"img":"https://fd14-photos.leclercdrive.fr/image.ashx?id=2856417&use=l&cat=p&typeid=i","cat":284630},{"id":14196,"n":"Après-shampooing Vitanove Réparateur - 200ml","p":1.32,"u":"6,60 €/L","img":"https://fd14-photos.leclercdrive.fr/image.ashx?id=2939055&use=l&cat=p&typeid=i","cat":284607},{"id":14211,"n":"Lotion après-rasage Carré Homme Boisée tonifiant 100ml","p":2.01,"u":"20,10 €/L","img":"https://fd14-photos.leclercdrive.fr/image.ashx?id=2854222&use=l&cat=p&typeid=i","cat":288147},{"id":14212,"n":"Lotion après-rasage Carré Homme Marine tonifiant 100ml","p":2.01,"u":"20,10 €/L","img":"https://fd14-photos.leclercdrive.fr/image.ashx?id=2854219&use=l&cat=p&typeid=i","cat":288147},{"id":14217,"n":"Crème pieds Primoplast Nutri-réparatrice - 75ml","p":1.49,"u":"19,87 €/L","img":"https://fd14-photos.leclercdrive.fr/image.ashx?id=2832930&use=l&cat=p&typeid=i","cat":325354},{"id":14218,"n":"Dentifrice enfant Dentamyl Bubble gum - 3 à 6 ans - 50ml","p":0.65,"u":"13,00 €/L","img":"https://fd14-photos.leclercdrive.fr/image.ashx?id=2075185&use=l&cat=p&typeid=i","cat":288898},{"id":14219,"n":"Dentifrice enfant Dentamyl Menthe - 7 à 13 ans - 75ml","p":0.74,"u":"9,87 €/L","img":"https://fd14-photos.leclercdrive.fr/image.ashx?id=2489113&use=l&cat=p&typeid=i","cat":288898},{"id":14220,"n":"Shampooing Vitanove Volumateur - 250ml","p":1.79,"u":"7,16 €/L","img":"https://fd14-photos.leclercdrive.fr/image.ashx?id=1909519&use=l&cat=p&typeid=i","cat":284606},{"id":14222,"n":"Lait de toilette Mots d'Enfants Bébé peaux délicates - 250ml","p":1.4,"u":"5,60 €/L","img":"https://fd14-photos.leclercdrive.fr/image.ashx?id=3015024&use=l&cat=p&typeid=i","cat":284741},{"id":14223,"n":"Dépoussiérant meubles Clair Multi-surfaces 300ml","p":1.03,"u":"3,43 €/L","img":"https://fd14-photos.leclercdrive.fr/image.ashx?id=2856681&use=l&cat=p&typeid=i","cat":325364},{"id":14224,"n":"Gel wc Syphon surpuissant 750ml","p":1.07,"u":"1,43 €/L","img":"https://fd14-photos.leclercdrive.fr/image.ashx?id=2558790&use=l&cat=p&typeid=i","cat":284662},{"id":14243,"n":"Pain de mie nature Epi d'Or Grandes tranches - 825g","p":1.59,"u":"1,93 €/KG","img":"https://fd14-photos.leclercdrive.fr/image.ashx?id=2860724&use=l&cat=p&typeid=i","cat":284477},{"id":14260,"n":"Crottin Chavignol NRT AOP  Fromage de chèvre - 2x60g","p":3.59,"u":"29,92 €/KG","img":"https://fd14-photos.leclercdrive.fr/image.ashx?id=2519432&use=l&cat=p&typeid=i","cat":314031},{"id":14273,"n":"Fromage Pont-l'Evêque AOP  Nos Régions ont du Talent 220g","p":2.65,"u":"12,05 €/KG","img":"https://fd14-photos.leclercdrive.fr/image.ashx?id=2356344&use=l&cat=p&typeid=i","cat":329558},{"id":14278,"n":"Carottes râpées Bio Bio village - 200g","p":1.73,"u":"8,65 €/KG","img":"https://fd14-photos.leclercdrive.fr/image.ashx?id=2670374&use=l&cat=p&typeid=i","cat":333657},{"id":14292,"n":"Eau aromatisée Volvic Zest  Citron - 1,5L","p":1.05,"u":"0,70 €/L","img":"https://fd14-photos.leclercdrive.fr/image.ashx?id=2730253&use=l&cat=p&typeid=i","cat":284537},{"id":14293,"n":"Eau aromatisée Volvic Zest Citron - 6x50cl","p":3.1,"u":"1,03 €/L","img":"https://fd14-photos.leclercdrive.fr/image.ashx?id=2730256&use=l&cat=p&typeid=i","cat":284537},{"id":14327,"n":"Poêlée Côté Table Franc-Comtoise - 900g","p":4.19,"u":"4,66 €/KG","img":"https://fd14-photos.leclercdrive.fr/image.ashx?id=2048440&use=l&cat=p&typeid=i","cat":319823},{"id":14330,"n":"Poêlée de légumes Notre Jardin Légumes grillés - 750g","p":3.19,"u":"4,25 €/KG","img":"https://fd14-photos.leclercdrive.fr/image.ashx?id=2771369&use=l&cat=p&typeid=i","cat":319823},{"id":14334,"n":"Ratatouille Notre Jardin Cuisinée 750g","p":2.84,"u":"3,79 €/KG","img":"https://fd14-photos.leclercdrive.fr/image.ashx?id=2873129&use=l&cat=p&typeid=i","cat":319823},{"id":14344,"n":"Pain de mie Nature Harrys Longue conservation - 550g","p":2.05,"u":"3,73 €/KG","img":"https://fd14-photos.leclercdrive.fr/image.ashx?id=2518109&use=l&cat=p&typeid=i","cat":284477},{"id":14352,"n":"Savon Manava  Karité - 2x100g","p":0.98,"u":"4,90 €/KG","img":"https://fd14-photos.leclercdrive.fr/image.ashx?id=2455371&use=l&cat=p&typeid=i","cat":284597},{"id":14359,"n":"Change complet Chorys Taille L - x20","p":10.7,"u":"0,54 €/P","img":"https://fd14-photos.leclercdrive.fr/image.ashx?id=2699435&use=l&cat=p&typeid=i","cat":284628},{"id":14360,"n":"Yaourts à boire Délisse Petits Délis fruits - 8x100g","p":3.21,"u":"4,01 €/KG","img":"https://fd14-photos.leclercdrive.fr/image.ashx?id=2754886&use=l&cat=p&typeid=i","cat":284415},{"id":14371,"n":"Mousse à la crème Duodélisse Nature - 4x100g","p":1.49,"u":"3,73 €/KG","img":"https://fd14-photos.leclercdrive.fr/image.ashx?id=2387334&use=l&cat=p&typeid=i","cat":284409},{"id":14376,"n":"Dés de fromage Les Croisés Ail et fines herbes - 120g","p":1.54,"u":"12,83 €/KG","img":"https://fd14-photos.leclercdrive.fr/image.ashx?id=2741616&use=l&cat=p&typeid=i","cat":314027},{"id":14378,"n":"Dés de fromage Les Croisés Basilic ciboulette - 120g","p":1.69,"u":"14,08 €/KG","img":"https://fd14-photos.leclercdrive.fr/image.ashx?id=2741619&use=l&cat=p&typeid=i","cat":314027},{"id":14383,"n":"Blocs WC Syphon Activ' Effect  Lavande - x3","p":1.09,"u":"0,36 €/P","img":"https://fd14-photos.leclercdrive.fr/image.ashx?id=2320710&use=l&cat=p&typeid=i","cat":284662},{"id":14388,"n":"Abricots secs Maître Prunille Moelleux - 500g","p":5.94,"u":"11,88 €/KG","img":"https://fd14-photos.leclercdrive.fr/image.ashx?id=1745048&use=l&cat=p&typeid=i","cat":284357},{"id":14389,"n":"Abricots Maitre Prunille Moelleux - 250g","p":3.32,"u":"13,28 €/KG","img":"https://fd14-photos.leclercdrive.fr/image.ashx?id=1747031&use=l&cat=p&typeid=i","cat":284357},{"id":14427,"n":"Pastis Ricard Anisé 45% vol - 70cl","p":15.1,"u":"21,57 €/L","img":"https://fd14-photos.leclercdrive.fr/image.ashx?id=2976776&use=l&cat=p&typeid=i","cat":284548},{"id":14428,"n":"Whisky Clan Campbell Blended Scotch 40% vol - 1L","p":19.55,"u":"19,55 €/L","img":"https://fd14-photos.leclercdrive.fr/image.ashx?id=2868921&use=l&cat=p&typeid=i","cat":284547},{"id":14434,"n":"Pastis de Marseille Vivalis 45%vol - 70cl","p":12.89,"u":"18,41 €/L","img":"https://fd14-photos.leclercdrive.fr/image.ashx?id=2590406&use=l&cat=p&typeid=i","cat":284548},{"id":14447,"n":"Sirop Frucci Thé Pêche - 75cl","p":3.21,"u":"4,28 €/L","img":"https://fd14-photos.leclercdrive.fr/image.ashx?id=2909891&use=l&cat=p&typeid=i","cat":295020},{"id":14451,"n":"Sirop Frucci Menthe - 1L","p":2.42,"u":"2,42 €/L","img":"https://fd14-photos.leclercdrive.fr/image.ashx?id=2954067&use=l&cat=p&typeid=i","cat":295020},{"id":14452,"n":"Sirop Sport Citron - 1L","p":1.95,"u":"1,95 €/L","img":"https://fd14-photos.leclercdrive.fr/image.ashx?id=3011182&use=l&cat=p&typeid=i","cat":295020},{"id":14512,"n":"Sachets glaçons Elembal x15","p":0.8,"img":"https://fd14-photos.leclercdrive.fr/image.ashx?id=2671810&use=l&cat=p&typeid=i","cat":334134},{"id":14544,"n":"Serviettes papier Homeside Triple épaisseur 40x40 x50","p":2.99,"u":"0,06 €/P","img":"https://fd14-photos.leclercdrive.fr/image.ashx?id=1659681&use=l&cat=p&typeid=i","cat":334134},{"id":14563,"n":"Serviettes Eco+ papier blanc x200","p":1.23,"u":"0,01 €/P","img":"https://fd14-photos.leclercdrive.fr/image.ashx?id=1413111&use=l&cat=p&typeid=i","cat":334134},{"id":14574,"n":"Serviette incontinence Chorys Normal - x12","p":1.99,"u":"0,17 €/P","img":"https://fd14-photos.leclercdrive.fr/image.ashx?id=2393848&use=l&cat=p&typeid=i","cat":284628},{"id":14579,"n":"Papier toilette Mimosa Blanc - Ultra doux - x6","p":2.65,"u":"0,44 €/P","img":"https://fd14-photos.leclercdrive.fr/image.ashx?id=2816118&use=l&cat=p&typeid=i","cat":284634},{"id":14582,"n":"Bandes de cire froide Siliss Corps - Peaux sensibles - x40","p":2.15,"u":"0,05 €/P","img":"https://fd14-photos.leclercdrive.fr/image.ashx?id=2699426&use=l&cat=p&typeid=i","cat":325351},{"id":14625,"n":"Boisson énergétique Powerade Ice storm - 50cl","p":1.0,"u":"2,00 €/L","img":"https://fd14-photos.leclercdrive.fr/image.ashx?id=2970756&use=l&cat=p&typeid=i","cat":284533},{"id":14626,"n":"Boisson aux fruits Oasis Saveur Pêche Abricot - 2L","p":2.3,"u":"1,15 €/L","img":"https://fd14-photos.leclercdrive.fr/image.ashx?id=2688635&use=l&cat=p&typeid=i","cat":295018},{"id":14635,"n":"Soda Jean's Cola Bouteille - 4x50cl","p":2.75,"u":"1,38 €/L","img":"https://fd14-photos.leclercdrive.fr/image.ashx?id=2210786&use=l&cat=p&typeid=i","cat":284530},{"id":14636,"n":"Soda Jean's Cola Zéro Canette - 6x33cl","p":1.98,"u":"1,00 €/L","img":"https://fd14-photos.leclercdrive.fr/image.ashx?id=2346165&use=l&cat=p&typeid=i","cat":284530},{"id":14637,"n":"Biscuits P'tit Déli ronds Chocolat noir 200g","p":1.35,"u":"6,75 €/KG","img":"https://fd14-photos.leclercdrive.fr/image.ashx?id=2321935&use=l&cat=p&typeid=i","cat":284488},{"id":14654,"n":"Soupe liquide Liebig  Potiron - Brique 1L","p":2.78,"u":"2,78 €/L","img":"https://fd14-photos.leclercdrive.fr/image.ashx?id=2785355&use=l&cat=p&typeid=i","cat":284462},{"id":14659,"n":"Gel désinfectant mains Sanytol Au thé vert - 250ml","p":3.33,"u":"13,32 €/L","img":"https://fd14-photos.leclercdrive.fr/image.ashx?id=1754056&use=l&cat=p&typeid=i","cat":284630},{"id":14660,"n":"Gel désinfectant mains Sanytol Au thé vert - 75ml","p":1.89,"u":"25,20 €/L","img":"https://fd14-photos.leclercdrive.fr/image.ashx?id=2338730&use=l&cat=p&typeid=i","cat":284630},{"id":14661,"n":"Lingettes Hygiène Intime Usage Quotidien Intima Hamamélis x20","p":2.09,"u":"0,10 €/P","img":"https://fd14-photos.leclercdrive.fr/image.ashx?id=2886675&use=l&cat=p&typeid=i","cat":284627},{"id":14688,"n":"Biscuits Bjorg Fourrés Chocolat lait bio 225g","p":2.85,"u":"12,67 €/KG","img":"https://fd14-photos.leclercdrive.fr/image.ashx?id=2970927&use=l&cat=p&typeid=i","cat":284488},{"id":14713,"n":"Rasoirs jetables Bic Twin Lady x8","p":1.57,"u":"0,20 €/P","img":"https://fd14-photos.leclercdrive.fr/image.ashx?id=2887569&use=l&cat=p&typeid=i","cat":325352},{"id":14761,"n":"Baume Après-rasage Nivea Men Peaux Sensibles - 100ml","p":4.34,"u":"43,40 €/L","img":"https://fd14-photos.leclercdrive.fr/image.ashx?id=3014590&use=l&cat=p&typeid=i","cat":288147},{"id":14762,"n":"Piles TechPlus Foxter AA/LR6 - x4","p":1.59,"img":"https://fd14-photos.leclercdrive.fr/image.ashx?id=2162165&use=l&cat=p&typeid=i","cat":300572},{"id":14763,"n":"Shampooing Pétrol Hahn Force -  250ml","p":2.29,"u":"9,16 €/L","img":"https://fd14-photos.leclercdrive.fr/image.ashx?id=2104450&use=l&cat=p&typeid=i","cat":284621},{"id":14873,"n":"Pastilles javel La Croix x40","p":1.98,"u":"14,78 €/KG","img":"https://fd14-photos.leclercdrive.fr/image.ashx?id=2679693&use=l&cat=p&typeid=i","cat":284661},{"id":14880,"n":"Compote Charles & Alice Pommes Mangues - 4x100g","p":1.4,"u":"3,50 €/KG","img":"https://fd14-photos.leclercdrive.fr/image.ashx?id=2757347&use=l&cat=p&typeid=i","cat":284416},{"id":14887,"n":"Compote Charles & Alice Pommes - 4x100g","p":1.3,"u":"3,25 €/KG","img":"https://fd14-photos.leclercdrive.fr/image.ashx?id=2757677&use=l&cat=p&typeid=i","cat":284416},{"id":14888,"n":"Compote Charles & Alice Pommes Poires - 4x100g","p":1.4,"u":"3,50 €/KG","img":"https://fd14-photos.leclercdrive.fr/image.ashx?id=2936902&use=l&cat=p&typeid=i","cat":284416},{"id":14900,"n":"Saucisson sec Saint-Azay 15 tranches - 150g","p":2.19,"u":"14,60 €/KG","img":"https://fd14-photos.leclercdrive.fr/image.ashx?id=2631432&use=l&cat=p&typeid=i","cat":316007},{"id":14901,"n":"Mozzarella di Buffala AOP Les Croisés - 125g","p":1.65,"u":"13,20 €/KG","img":"https://fd14-photos.leclercdrive.fr/image.ashx?id=2146137&use=l&cat=p&typeid=i","cat":314026},{"id":14918,"n":"Dessert fruitier framboise Douceur du Verger s/sucre 4x97g","p":1.49,"u":"3,84 €/KG","img":"https://fd14-photos.leclercdrive.fr/image.ashx?id=3009785&use=l&cat=p&typeid=i","cat":284416},{"id":14919,"n":"Compote Douceur du Verger Pomme Abricot - 4x97g","p":1.23,"u":"3,17 €/KG","img":"https://fd14-photos.leclercdrive.fr/image.ashx?id=2983793&use=l&cat=p&typeid=i","cat":284416},{"id":14924,"n":"Lasagnes chèvre épinards Côté Table - 500g","p":2.83,"u":"5,66 €/KG","img":"https://fd14-photos.leclercdrive.fr/image.ashx?id=2647874&use=l&cat=p&typeid=i","cat":284254},{"id":14927,"n":"Fromage Emmental IGP NRT Grand cru Label Rouge - 250g","p":3.69,"u":"14,76 €/KG","img":"https://fd14-photos.leclercdrive.fr/image.ashx?id=2356388&use=l&cat=p&typeid=i","cat":314034},{"id":14931,"n":"Rhum blanc Old Nick 40%vol - 1L","p":14.5,"u":"14,50 €/L","img":"https://fd14-photos.leclercdrive.fr/image.ashx?id=2483750&use=l&cat=p&typeid=i","cat":284550},{"id":14932,"n":"Rhum blanc Saint James 40% vol - 70cl","p":11.3,"u":"16,14 €/L","img":"https://fd14-photos.leclercdrive.fr/image.ashx?id=2970948&use=l&cat=p&typeid=i","cat":284550},{"id":14934,"n":"Gin Gibson 37.5%vol - 70cl","p":11.5,"u":"16,43 €/L","img":"https://fd14-photos.leclercdrive.fr/image.ashx?id=2755396&use=l&cat=p&typeid=i","cat":284550},{"id":14983,"n":"Pastis de Marseille Vivalis 45%vol - 1,5L","p":25.35,"u":"16,90 €/L","img":"https://fd14-photos.leclercdrive.fr/image.ashx?id=2805015&use=l&cat=p&typeid=i","cat":284548},{"id":14993,"n":"Bière blonde Leffe Rituel 9% - 6x25cl","p":5.7,"u":"3,80 €/L","img":"https://fd14-photos.leclercdrive.fr/image.ashx?id=2548285&use=l&cat=p&typeid=i","cat":334852},{"id":15007,"n":"Protège-slips Doulys Ultra-mince Normal Plié - x30","p":1.19,"u":"0,04 €/P","img":"https://fd14-photos.leclercdrive.fr/image.ashx?id=2816109&use=l&cat=p&typeid=i","cat":284625},{"id":15010,"n":"Serviette incontinence Chorys Extra - x10","p":1.99,"u":"0,20 €/P","img":"https://fd14-photos.leclercdrive.fr/image.ashx?id=2393851&use=l&cat=p&typeid=i","cat":284628},{"id":15016,"n":"AOP Crémant d'Alsace Wolfberger Brut - 75cl","p":7.2,"u":"9,60 €/L","img":"https://fd14-photos.leclercdrive.fr/image.ashx?id=2323502&use=l&cat=p&typeid=i","cat":284544},{"id":15022,"n":"Jus de pamplemousse rose Bio Bio Village - 1L","p":3.83,"u":"3,83 €/L","img":"https://fd14-photos.leclercdrive.fr/image.ashx?id=1007628&use=l&cat=p&typeid=i","cat":284914},{"id":15023,"n":"Crème adhésive Dentamyl 50g","p":2.08,"u":"41,60 €/KG","img":"https://fd14-photos.leclercdrive.fr/image.ashx?id=2643372&use=l&cat=p&typeid=i","cat":285158},{"id":15025,"n":"Nectar Jafaden Pomme kiwi - 1L","p":2.35,"u":"2,35 €/L","img":"https://fd14-photos.leclercdrive.fr/image.ashx?id=2956053&use=l&cat=p&typeid=i","cat":284915},{"id":15034,"n":"Déodorant bille Bio Naïa 50ml","p":1.32,"u":"26,40 €/L","img":"https://fd14-photos.leclercdrive.fr/image.ashx?id=2481210&use=l&cat=p&typeid=i","cat":284595},{"id":15036,"n":"Huile sèche corps bio Bio Naïa Spray - 100ml","p":4.49,"u":"44,90 €/L","img":"https://fd14-photos.leclercdrive.fr/image.ashx?id=2610196&use=l&cat=p&typeid=i","cat":325349},{"id":15039,"n":"Crème visage bio Bio Naïa Hydratante 50ml","p":1.99,"u":"39,80 €/L","img":"https://fd14-photos.leclercdrive.fr/image.ashx?id=2436651&use=l&cat=p&typeid=i","cat":325345},{"id":15053,"n":"Déodorant Manava Grenade - 200ml","p":1.26,"u":"6,30 €/L","img":"https://fd14-photos.leclercdrive.fr/image.ashx?id=2699276&use=l&cat=p&typeid=i","cat":284595},{"id":15059,"n":"Gaufrettes P'tit Déli Praliné chocolat au lait - 175g","p":1.85,"u":"10,57 €/KG","img":"https://fd14-photos.leclercdrive.fr/image.ashx?id=2402802&use=l&cat=p&typeid=i","cat":284488},{"id":15089,"n":"Pain d'épices Bio au miel Bjorg 300g","p":1.85,"u":"6,17 €/KG","img":"https://fd14-photos.leclercdrive.fr/image.ashx?id=2890136&use=l&cat=p&typeid=i","cat":284367},{"id":15095,"n":"Boisson végétale Noisette Bio  Bjorg- 1L","p":2.45,"u":"2,45 €/L","img":"https://fd14-photos.leclercdrive.fr/image.ashx?id=2972970&use=l&cat=p&typeid=i","cat":316067},{"id":15125,"n":"Marrons glacés Equador 10 marrons entiers - 200g","p":10.34,"u":"51,70 €/KG","img":"https://fd14-photos.leclercdrive.fr/image.ashx?id=2228004&use=l&cat=p&typeid=i","cat":327603},{"id":15131,"n":"Nectar multifruits Jafaden 2L","p":2.5,"u":"1,25 €/L","img":"https://fd14-photos.leclercdrive.fr/image.ashx?id=2956032&use=l&cat=p&typeid=i","cat":284917},{"id":15142,"n":"Biscuits P'tit Déli Florentin Amande chocolat 100g","p":1.96,"u":"19,60 €/KG","img":"https://fd14-photos.leclercdrive.fr/image.ashx?id=2562701&use=l&cat=p&typeid=i","cat":284490},{"id":15145,"n":"Champignons Tables du Monde Noirs déshydratés 25g","p":2.49,"u":"99,60 €/KG","img":"https://fd14-photos.leclercdrive.fr/image.ashx?id=2920166&use=l&cat=p&typeid=i","cat":288992},{"id":15162,"n":"Rillettes pur porc Côté Table 3x78g","p":2.75,"u":"11,75 €/KG","img":"https://fd14-photos.leclercdrive.fr/image.ashx?id=2518514&use=l&cat=p&typeid=i","cat":305149},{"id":15163,"n":"Sablés fourrés P'tit Déli Noisette 125g","p":1.92,"u":"15,36 €/KG","img":"https://fd14-photos.leclercdrive.fr/image.ashx?id=2426770&use=l&cat=p&typeid=i","cat":284487},{"id":15181,"n":"Boisson aux fruits Oasis Saveur Fraise Framboise - 2L","p":2.4,"u":"1,20 €/L","img":"https://fd14-photos.leclercdrive.fr/image.ashx?id=2677819&use=l&cat=p&typeid=i","cat":295018},{"id":15183,"n":"Filets de maquereaux Saupiquet Escabèche - 169g","p":1.9,"u":"11,24 €/KG","img":"https://fd14-photos.leclercdrive.fr/image.ashx?id=2829970&use=l&cat=p&typeid=i","cat":303868},{"id":15256,"n":"Barre chocolat au lait Lion x6 barres - 252g","p":2.3,"u":"9,13 €/KG","img":"https://fd14-photos.leclercdrive.fr/image.ashx?id=2736991&use=l&cat=p&typeid=i","cat":284498},{"id":15288,"n":"Mouchoirs blancs 4 plis Caresse Mini étuis x15","p":1.16,"u":"0,08 €/P","img":"https://fd14-photos.leclercdrive.fr/image.ashx?id=2824262&use=l&cat=p&typeid=i","cat":284638},{"id":15305,"n":"Eau minérale Saint Antonin 6x1L","p":2.65,"u":"0,44 €/L","img":"https://fd14-photos.leclercdrive.fr/image.ashx?id=2653891&use=l&cat=p&typeid=i","cat":284535},{"id":15342,"n":"Chocolat Eco+ Noir - 5x100g","p":3.78,"u":"7,56 €/KG","img":"https://fd14-photos.leclercdrive.fr/image.ashx?id=2775460&use=l&cat=p&typeid=i","cat":284956},{"id":15384,"n":"Wings party Mexicain Maître Coq 400g","p":4.5,"u":"11,25 €/KG","img":"https://fd14-photos.leclercdrive.fr/image.ashx?id=2094307&use=l&cat=p&typeid=i","cat":333685},{"id":15431,"n":"Cappuccino nature  x10 stick - 140g","p":2.66,"u":"19,00 €/KG","img":"https://fd14-photos.leclercdrive.fr/image.ashx?id=2458055&use=l&cat=p&typeid=i","cat":284843},{"id":15476,"n":"Eau nettoyante Mots d'Enfants Hydratante - 250ml","p":1.68,"u":"6,72 €/L","img":"https://fd14-photos.leclercdrive.fr/image.ashx?id=3015048&use=l&cat=p&typeid=i","cat":284741},{"id":15525,"n":"Mini gâches briochettes NRT Chocolat noir x8 - 360g","p":2.75,"u":"7,64 €/KG","img":"https://fd14-photos.leclercdrive.fr/image.ashx?id=2670440&use=l&cat=p&typeid=i","cat":284478},{"id":15544,"n":"Crackers Tokapi  Fromage et graines - 65g","p":1.34,"u":"20,62 €/KG","img":"https://fd14-photos.leclercdrive.fr/image.ashx?id=2075247&use=l&cat=p&typeid=i","cat":297000},{"id":15564,"n":"Chips paysannes Pom'lisse Nature - 150g","p":1.01,"u":"6,73 €/KG","img":"https://fd14-photos.leclercdrive.fr/image.ashx?id=2652897&use=l&cat=p&typeid=i","cat":284447},{"id":15590,"n":"pain complet 3 céréales bio  bjorg 500g","p":2.2,"u":"4,40 €/KG","img":"https://fd14-photos.leclercdrive.fr/image.ashx?id=2752951&use=l&cat=p&typeid=i","cat":325069},{"id":15592,"n":"Fromage enfant Ficello Nature à effilocher x8 - 168g","p":3.2,"u":"19,05 €/KG","img":"https://fd14-photos.leclercdrive.fr/image.ashx?id=2375376&use=l&cat=p&typeid=i","cat":314030},{"id":15615,"n":"Multifruits Jafaden 100% Pur jus - 1,5L","p":1.99,"u":"1,33 €/L","img":"https://fd14-photos.leclercdrive.fr/image.ashx?id=2047865&use=l&cat=p&typeid=i","cat":284917},{"id":15626,"n":"Salade maxi Florette Laitue iceberg - 450g","p":2.36,"u":"5,24 €/KG","img":"https://fd14-photos.leclercdrive.fr/image.ashx?id=2090039&use=l&cat=p&typeid=i","cat":284353},{"id":15629,"n":"Salade maxi Florette Mâche - 200g","p":2.19,"u":"10,95 €/KG","img":"https://fd14-photos.leclercdrive.fr/image.ashx?id=2228849&use=l&cat=p&typeid=i","cat":284353},{"id":15643,"n":"Plateau crudités Florette 600g","p":5.79,"u":"9,65 €/KG","img":"https://fd14-photos.leclercdrive.fr/image.ashx?id=2962773&use=l&cat=p&typeid=i","cat":284352},{"id":15701,"n":"Filets hareng sans peau Baltic à la crème - 400g","p":3.25,"u":"8,13 €/KG","img":"https://fd14-photos.leclercdrive.fr/image.ashx?id=2845889&use=l&cat=p&typeid=i","cat":285190},{"id":15703,"n":"Jus de citron de Sicile Citros 20cl","p":0.9,"u":"4,50 €/L","img":"https://fd14-photos.leclercdrive.fr/image.ashx?id=2469130&use=l&cat=p&typeid=i","cat":288383},{"id":15741,"n":"Tampons Doulys Compact Super - x20","p":2.35,"u":"0,12 €/P","img":"https://fd14-photos.leclercdrive.fr/image.ashx?id=2965470&use=l&cat=p&typeid=i","cat":284626},{"id":15807,"n":"Boisson aux fruits Oasis Goût Pomme Cassis Framboise 2L","p":2.45,"u":"1,23 €/L","img":"https://fd14-photos.leclercdrive.fr/image.ashx?id=3014452&use=l&cat=p&typeid=i","cat":295018},{"id":15820,"n":"Coloration Excellence crème Blond foncé n°6","p":9.3,"img":"https://fd14-photos.leclercdrive.fr/image.ashx?id=2770365&use=l&cat=p&typeid=i","cat":288899},{"id":15821,"n":"Baume Soin lèvres Mixa Anti-dessèchement lot de 2","p":2.29,"u":"1,15 €/P","img":"https://fd14-photos.leclercdrive.fr/image.ashx?id=2425607&use=l&cat=p&typeid=i","cat":285485},{"id":15840,"n":"Coloration Casting crème gloss Noir ébène n°200 - 1 pièce","p":8.3,"img":"https://fd14-photos.leclercdrive.fr/image.ashx?id=2871973&use=l&cat=p&typeid=i","cat":288899},{"id":15841,"n":"Coloration Casting crème gloss Marron glacé n°415","p":8.3,"img":"https://fd14-photos.leclercdrive.fr/image.ashx?id=1630170&use=l&cat=p&typeid=i","cat":288899},{"id":15844,"n":"Coloration Casting crème gloss Chatain clair n°500","p":8.3,"img":"https://fd14-photos.leclercdrive.fr/image.ashx?id=2869083&use=l&cat=p&typeid=i","cat":288899},{"id":15845,"n":"Coloration Casting crème gloss Auburn n°426 - 1 pièce","p":8.3,"img":"https://fd14-photos.leclercdrive.fr/image.ashx?id=2869077&use=l&cat=p&typeid=i","cat":288899},{"id":15875,"n":"Eau de Cologne Bien Etre Naturelle - 250ml","p":4.44,"u":"17,76 €/L","img":"https://fd14-photos.leclercdrive.fr/image.ashx?id=2353665&use=l&cat=p&typeid=i","cat":291525},{"id":15895,"n":"Soin cheveux nutrition Garnier Cheveu bouclé à frisé - 200ml","p":2.4,"u":"12,00 €/L","img":"https://fd14-photos.leclercdrive.fr/image.ashx?id=2985354&use=l&cat=p&typeid=i","cat":284608},{"id":15908,"n":"Shampooing Pétrol Hahn original Cheveux normaux 250ml","p":2.35,"u":"9,40 €/L","img":"https://fd14-photos.leclercdrive.fr/image.ashx?id=2480512&use=l&cat=p&typeid=i","cat":284621},{"id":15909,"n":"Shampooing Pétrol Hahn Anti-chûte 250ml","p":2.32,"u":"9,28 €/L","img":"https://fd14-photos.leclercdrive.fr/image.ashx?id=2450649&use=l&cat=p&typeid=i","cat":284606},{"id":15910,"n":"Lait de toilette Mixa Bébé  Très Doux - 400ml","p":3.01,"u":"7,53 €/L","img":"https://fd14-photos.leclercdrive.fr/image.ashx?id=2548672&use=l&cat=p&typeid=i","cat":284740},{"id":15912,"n":"Mousse à raser Williams Peau sensible 200ml","p":1.65,"u":"8,25 €/L","img":"https://fd14-photos.leclercdrive.fr/image.ashx?id=2785976&use=l&cat=p&typeid=i","cat":284617},{"id":15916,"n":"Baume après rasage Nivéa For Men Hydratant - 100ml","p":6.0,"u":"60,00 €/L","img":"https://fd14-photos.leclercdrive.fr/image.ashx?id=2981653&use=l&cat=p&typeid=i","cat":288147},{"id":15919,"n":"Soin hydratant L'Oréal Paris Men Expert Anti-fatigue - 50ml","p":5.78,"u":"115,60 €/L","img":"https://fd14-photos.leclercdrive.fr/image.ashx?id=2811278&use=l&cat=p&typeid=i","cat":284622},{"id":15937,"n":"Serviette Hygienique Vania  Maxi confort normal plus - x16","p":1.75,"u":"0,11 €/P","img":"https://fd14-photos.leclercdrive.fr/image.ashx?id=2908027&use=l&cat=p&typeid=i","cat":284624},{"id":15969,"n":"Gel nettoyant canalisations  Destop Javel Agrumes - 750ml","p":2.63,"u":"3,51 €/L","img":"https://fd14-photos.leclercdrive.fr/image.ashx?id=2885956&use=l&cat=p&typeid=i","cat":284908},{"id":16020,"n":"Gambas ASC Pêche Océan Géantes tigrées 8/12pièces 400g","p":6.95,"u":"17,38 €/KG","img":"https://fd14-photos.leclercdrive.fr/image.ashx?id=2202754&use=l&cat=p&typeid=i","cat":319787},{"id":16043,"n":"Crevettes cuites Pêche Océan Décortiquées - MSC - 200g","p":4.19,"u":"20,95 €/KG","img":"https://fd14-photos.leclercdrive.fr/image.ashx?id=2478766&use=l&cat=p&typeid=i","cat":319787},{"id":16046,"n":"Fromage de chèvre Les Croisés Frais rond - 200g","p":1.89,"u":"9,45 €/KG","img":"https://fd14-photos.leclercdrive.fr/image.ashx?id=2742571&use=l&cat=p&typeid=i","cat":314031},{"id":16062,"n":"Sauce Pesto Genovese Barilla Au basilic frais - 190g","p":2.29,"u":"12,05 €/KG","img":"https://fd14-photos.leclercdrive.fr/image.ashx?id=2737585&use=l&cat=p&typeid=i","cat":287599},{"id":16063,"n":"Sauce Pesto Barilla Rosso - 200g","p":2.23,"u":"11,15 €/KG","img":"https://fd14-photos.leclercdrive.fr/image.ashx?id=2308348&use=l&cat=p&typeid=i","cat":287599},{"id":16094,"n":"Pansements bain Mercurochrome Bain 3 tailles x16","p":3.85,"u":"0,24 €/P","img":"https://fd14-photos.leclercdrive.fr/image.ashx?id=2663965&use=l&cat=p&typeid=i","cat":284630},{"id":16142,"n":"Eau de source de Montagne 6x1L","p":1.55,"u":"0,26 €/L","img":"https://fd14-photos.leclercdrive.fr/image.ashx?id=2597621&use=l&cat=p&typeid=i","cat":284535},{"id":16143,"n":"Mouchoirs Lotus Sensitive Etuis standard - x15","p":2.9,"img":"https://fd14-photos.leclercdrive.fr/image.ashx?id=2616114&use=l&cat=p&typeid=i","cat":284638},{"id":16159,"n":"Brume d'eau pure Inell 400ml","p":1.59,"u":"3,98 €/L","img":"https://fd14-photos.leclercdrive.fr/image.ashx?id=806289&use=l&cat=p&typeid=i","cat":290295},{"id":16171,"n":"Riz Thaï Bio Village Bio - 500g","p":2.33,"u":"4,66 €/KG","img":"https://fd14-photos.leclercdrive.fr/image.ashx?id=2441510&use=l&cat=p&typeid=i","cat":284428},{"id":16172,"n":"Mini Barres chocolatées Lion x18 barres - 350g","p":3.85,"u":"11,00 €/KG","img":"https://fd14-photos.leclercdrive.fr/image.ashx?id=2925553&use=l&cat=p&typeid=i","cat":284498},{"id":16254,"n":"Câpres surfines Rustica Au vinaigre - 60g","p":1.23,"u":"20,50 €/KG","img":"https://fd14-photos.leclercdrive.fr/image.ashx?id=1677666&use=l&cat=p&typeid=i","cat":284458},{"id":16271,"n":"Maïs Géant Vert extra croquant sans résidu pesticides - 285g","p":1.1,"u":"3,86 €/KG","img":"https://fd14-photos.leclercdrive.fr/image.ashx?id=2754267&use=l&cat=p&typeid=i","cat":312611},{"id":16272,"n":"Maïs Géant Vert extra tendre sans résidu pesticides - 285g","p":1.05,"u":"3,68 €/KG","img":"https://fd14-photos.leclercdrive.fr/image.ashx?id=2462448&use=l&cat=p&typeid=i","cat":312611},{"id":16303,"n":"Petits oignons Rustica Vinaigre doux - 190g","p":0.79,"u":"4,16 €/KG","img":"https://fd14-photos.leclercdrive.fr/image.ashx?id=2034109&use=l&cat=p&typeid=i","cat":284458},{"id":16430,"n":"Lait de coco bio Jardin Bio Bio - 400ml","p":2.15,"u":"5,38 €/L","img":"https://fd14-photos.leclercdrive.fr/image.ashx?id=2790132&use=l&cat=p&typeid=i","cat":288992},{"id":16431,"n":"Raviolis bio boeuf Jardin Bio 72cl","p":4.45,"u":"6,18 €/L","img":"https://fd14-photos.leclercdrive.fr/image.ashx?id=2972469&use=l&cat=p&typeid=i","cat":284442},{"id":16434,"n":"Raviolis aux 3 fromages Bio Bio village - 250g","p":2.9,"u":"11,60 €/KG","img":"https://fd14-photos.leclercdrive.fr/image.ashx?id=2843608&use=l&cat=p&typeid=i","cat":333682},{"id":16436,"n":"Pâtes torsades Bio Village Bio -  500g","p":0.72,"u":"1,44 €/KG","img":"https://fd14-photos.leclercdrive.fr/image.ashx?id=2625367&use=l&cat=p&typeid=i","cat":284427},{"id":16491,"n":"Yaourts Lait brebis Bio Village Bio Vanille - 2x125g","p":1.89,"u":"7,56 €/KG","img":"https://fd14-photos.leclercdrive.fr/image.ashx?id=2646994&use=l&cat=p&typeid=i","cat":314998},{"id":16492,"n":"Légumes pour couscous bio Jardin Bio - 660g","p":2.8,"u":"3,89 €/L","img":"https://fd14-photos.leclercdrive.fr/image.ashx?id=2534887&use=l&cat=p&typeid=i","cat":312612},{"id":16493,"n":"Pâte à tartiner bio Jardin Bio Cacao noisettes - 350g","p":3.3,"u":"9,43 €/KG","img":"https://fd14-photos.leclercdrive.fr/image.ashx?id=2918844&use=l&cat=p&typeid=i","cat":284481},{"id":16522,"n":"Soufflés cacahuète Eco+ 100g","p":0.35,"u":"3,50 €/KG","img":"https://fd14-photos.leclercdrive.fr/image.ashx?id=2678785&use=l&cat=p&typeid=i","cat":284449},{"id":16524,"n":"Pâtes Eco+ Spaghetti - 1kg","p":1.04,"u":"1,04 €/KG","img":"https://fd14-photos.leclercdrive.fr/image.ashx?id=2757494&use=l&cat=p&typeid=i","cat":284427},{"id":16525,"n":"Purée de pommes de terre Eco+ Déshydratée 4x125g","p":1.55,"u":"3,10 €/KG","img":"https://fd14-photos.leclercdrive.fr/image.ashx?id=2929858&use=l&cat=p&typeid=i","cat":284431},{"id":16527,"n":"Bouillon déshydraté Eco+ Volaille - 12x10g","p":0.67,"u":"5,58 €/KG","img":"https://fd14-photos.leclercdrive.fr/image.ashx?id=1735897&use=l&cat=p&typeid=i","cat":288379},{"id":16528,"n":"Bouillon déshydraté Eco+ Boeuf - 12x10g","p":0.69,"u":"5,75 €/KG","img":"https://fd14-photos.leclercdrive.fr/image.ashx?id=1735894&use=l&cat=p&typeid=i","cat":288379},{"id":16536,"n":"Sucre Eco+ En morceaux - 1kg","p":1.35,"u":"1,35 €/KG","img":"https://fd14-photos.leclercdrive.fr/image.ashx?id=2702274&use=l&cat=p&typeid=i","cat":284502},{"id":16550,"n":"Limonade Eco+ 1,5L","p":0.38,"u":"0,25 €/L","img":"https://fd14-photos.leclercdrive.fr/image.ashx?id=2762937&use=l&cat=p&typeid=i","cat":284531},{"id":16555,"n":"Boisson aromatisée Eco+ Exotique 2L","p":0.97,"u":"0,49 €/L","img":"https://fd14-photos.leclercdrive.fr/image.ashx?id=2982574&use=l&cat=p&typeid=i","cat":295018},{"id":16558,"n":"Thé glacé pêche Eco  2L","p":1.25,"u":"0,63 €/L","img":"https://fd14-photos.leclercdrive.fr/image.ashx?id=2584011&use=l&cat=p&typeid=i","cat":295019},{"id":16560,"n":"Lingettes multi-usages Eco+ Citron x50","p":0.62,"img":"https://fd14-photos.leclercdrive.fr/image.ashx?id=2308533&use=l&cat=p&typeid=i","cat":325358},{"id":16571,"n":"Tagliatelles fraiches Eco+ 500g","p":1.4,"u":"2,80 €/KG","img":"https://fd14-photos.leclercdrive.fr/image.ashx?id=2751850&use=l&cat=p&typeid=i","cat":333682},{"id":16576,"n":"Riz au lait Eco+ Saveur vanille 200g","p":0.57,"u":"2,85 €/KG","img":"https://fd14-photos.leclercdrive.fr/image.ashx?id=2779169&use=l&cat=p&typeid=i","cat":284418},{"id":16583,"n":"Pommes rissolées surgelées Eco+ 1kg","p":1.29,"u":"1,29 €/KG","img":"https://fd14-photos.leclercdrive.fr/image.ashx?id=2085934&use=l&cat=p&typeid=i","cat":319792},{"id":16737,"n":"Viande hachée 15% MG Férial 500g","p":7.29,"u":"14,58 €/KG","img":"https://fd14-photos.leclercdrive.fr/image.ashx?id=2904013&use=l&cat=p&typeid=i","cat":284332},{"id":16740,"n":"Steak haché Férial 5%mg - 125g","p":2.39,"u":"19,12 €/KG","img":"https://fd14-photos.leclercdrive.fr/image.ashx?id=2613306&use=l&cat=p&typeid=i","cat":284332},{"id":16741,"n":"Viande hachée 5% MG Férial 350g","p":5.79,"u":"16,54 €/KG","img":"https://fd14-photos.leclercdrive.fr/image.ashx?id=2904010&use=l&cat=p&typeid=i","cat":284332},{"id":16742,"n":"Steak haché Férial 15%mg - 800g","p":10.37,"u":"12,96 €/KG","img":"https://fd14-photos.leclercdrive.fr/image.ashx?id=2904004&use=l&cat=p&typeid=i","cat":284332},{"id":16744,"n":"Steak haché Férial  5%mg - 250g","p":4.95,"u":"19,80 €/KG","img":"https://fd14-photos.leclercdrive.fr/image.ashx?id=2598719&use=l&cat=p&typeid=i","cat":284332},{"id":16747,"n":"Viande hachée 15% MG Férial 350g","p":5.69,"u":"16,26 €/KG","img":"https://fd14-photos.leclercdrive.fr/image.ashx?id=2904007&use=l&cat=p&typeid=i","cat":284332},{"id":16765,"n":"Steak haché Férial pur boeuf 5%mg - 250g","p":4.72,"u":"18,88 €/KG","img":"https://fd14-photos.leclercdrive.fr/image.ashx?id=2903998&use=l&cat=p&typeid=i","cat":284332},{"id":16782,"n":"Steak haché Férial 15%mg 250g","p":3.69,"u":"14,76 €/KG","img":"https://fd14-photos.leclercdrive.fr/image.ashx?id=2904001&use=l&cat=p&typeid=i","cat":284332},{"id":16783,"n":"AOP Saumur brut Les Caractères - 75cl","p":4.49,"u":"5,99 €/L","img":"https://fd14-photos.leclercdrive.fr/image.ashx?id=2297488&use=l&cat=p&typeid=i","cat":284544},{"id":16800,"n":"Eau minérale naturelle Contrex 6x1L","p":2.4,"u":"0,40 €/L","img":"https://fd14-photos.leclercdrive.fr/image.ashx?id=2731720&use=l&cat=p&typeid=i","cat":284535},{"id":16805,"n":"Viande bovine Férial steak ** à griller - 280g","p":5.82,"u":"20,79 €/KG","img":"https://fd14-photos.leclercdrive.fr/image.ashx?id=2483557&use=l&cat=p&typeid=i","cat":284328},{"id":16806,"n":"Viande bovine Ferial 2x Faux filet *** à griller - 320g","p":7.99,"u":"24,97 €/KG","img":"https://fd14-photos.leclercdrive.fr/image.ashx?id=2591557&use=l&cat=p&typeid=i","cat":284328},{"id":16823,"n":"Viande bovine Férial 1x  entrecôte*** - 180g","p":5.95,"u":"33,06 €/KG","img":"https://fd14-photos.leclercdrive.fr/image.ashx?id=2494250&use=l&cat=p&typeid=i","cat":284328},{"id":16824,"n":"Bavette Viande bovine Férial  Aloyau ***à griller x2 - 280g","p":7.99,"u":"28,54 €/KG","img":"https://fd14-photos.leclercdrive.fr/image.ashx?id=2483560&use=l&cat=p&typeid=i","cat":284328},{"id":16828,"n":"Steak haché Férial 5%mg - 125g","p":2.55,"u":"20,40 €/KG","img":"https://fd14-photos.leclercdrive.fr/image.ashx?id=2627230&use=l&cat=p&typeid=i","cat":284332},{"id":16829,"n":"Fusilli Côté Snack Pâtes 4 fromages - 300g","p":1.89,"u":"6,30 €/KG","img":"https://fd14-photos.leclercdrive.fr/image.ashx?id=2748726&use=l&cat=p&typeid=i","cat":334983},{"id":16839,"n":"Viande bovine Férial Tournedos *** à griller 280g","p":9.91,"u":"35,39 €/KG","img":"https://fd14-photos.leclercdrive.fr/image.ashx?id=2494256&use=l&cat=p&typeid=i","cat":284328},{"id":16841,"n":"Génoises fourrées P'tit Déli Framboise cassis - 150g","p":1.06,"u":"7,07 €/KG","img":"https://fd14-photos.leclercdrive.fr/image.ashx?id=1546851&use=l&cat=p&typeid=i","cat":284489},{"id":16846,"n":"Viande bovine Férial *** À griller - 280g","p":6.59,"u":"23,54 €/KG","img":"https://fd14-photos.leclercdrive.fr/image.ashx?id=2494253&use=l&cat=p&typeid=i","cat":284328},{"id":16847,"n":"Chewing-gum Freedent white Menthe douce 70g","p":2.1,"u":"30,00 €/KG","img":"https://fd14-photos.leclercdrive.fr/image.ashx?id=2237289&use=l&cat=p&typeid=i","cat":304251},{"id":16848,"n":"Chewing gum Freedent white Menthe verte 70g","p":2.1,"u":"30,00 €/KG","img":"https://fd14-photos.leclercdrive.fr/image.ashx?id=2355899&use=l&cat=p&typeid=i","cat":304251},{"id":16849,"n":"Chewing-gum Freedent white Menthe forte 70g","p":2.0,"u":"28,57 €/KG","img":"https://fd14-photos.leclercdrive.fr/image.ashx?id=2237292&use=l&cat=p&typeid=i","cat":304251},{"id":16916,"n":"Croquette Tous Mes Amis Vitalité - viande de boeuf 10kg","p":12.99,"u":"1,30 €/KG","img":"https://fd14-photos.leclercdrive.fr/image.ashx?id=2078635&use=l&cat=p&typeid=i","cat":284672},{"id":16917,"n":"Steak haché Férial 15%mg - 250g","p":4.79,"u":"19,16 €/KG","img":"https://fd14-photos.leclercdrive.fr/image.ashx?id=2627233&use=l&cat=p&typeid=i","cat":284332},{"id":16920,"n":"Coeurs d'artichaut Notre Jardin 240g","p":2.49,"u":"10,38 €/KG","img":"https://fd14-photos.leclercdrive.fr/image.ashx?id=2501994&use=l&cat=p&typeid=i","cat":312611},{"id":16934,"n":"Viande bovine  Férial 1x  Faux filet *** à griller - 160g","p":4.51,"u":"28,19 €/KG","img":"https://fd14-photos.leclercdrive.fr/image.ashx?id=2591554&use=l&cat=p&typeid=i","cat":284328},{"id":16943,"n":"Sauce bolognaise Jardin Bio Au boeuf bio 350g","p":3.15,"u":"9,00 €/KG","img":"https://fd14-photos.leclercdrive.fr/image.ashx?id=2828211&use=l&cat=p&typeid=i","cat":287599},{"id":16996,"n":"Liquide de rinçage Visior Lave-vaisselle - 750ml","p":0.89,"u":"1,19 €/L","img":"https://fd14-photos.leclercdrive.fr/image.ashx?id=2874377&use=l&cat=p&typeid=i","cat":284657},{"id":17036,"n":"Mouchoirs blancs 3 plis Caresse Boîte mouchoirs papier x90","p":1.04,"u":"0,01 €/P","img":"https://fd14-photos.leclercdrive.fr/image.ashx?id=2777915&use=l&cat=p&typeid=i","cat":284638},{"id":17037,"n":"Rasoir Carré Homme 5 lames - x1","p":4.69,"img":"https://fd14-photos.leclercdrive.fr/image.ashx?id=2704657&use=l&cat=p&typeid=i","cat":284616},{"id":17104,"n":"Tuiles Tokapi  Nature - 170g","p":1.35,"u":"7,94 €/KG","img":"https://fd14-photos.leclercdrive.fr/image.ashx?id=2632849&use=l&cat=p&typeid=i","cat":287899},{"id":17105,"n":"Chips Tuiles Tokapi Crème oignon - 170g","p":1.35,"u":"7,94 €/KG","img":"https://fd14-photos.leclercdrive.fr/image.ashx?id=2643375&use=l&cat=p&typeid=i","cat":287899},{"id":17108,"n":"Brume d'eau pure Inell 150ml","p":1.3,"u":"8,67 €/L","img":"https://fd14-photos.leclercdrive.fr/image.ashx?id=2712980&use=l&cat=p&typeid=i","cat":290295},{"id":17112,"n":"Limonade Bio village Bio - 1L","p":1.1,"u":"1,10 €/L","img":"https://fd14-photos.leclercdrive.fr/image.ashx?id=1714368&use=l&cat=p&typeid=i","cat":284531},{"id":17113,"n":"Cidre bouché Bio village Bio 4% vol - 75cl","p":2.29,"u":"3,05 €/L","img":"https://fd14-photos.leclercdrive.fr/image.ashx?id=2907255&use=l&cat=p&typeid=i","cat":334880},{"id":17143,"n":"Croissants pur beurre           4x1p","p":2.9,"u":"0,73 €/P","img":"https://fd14-photos.leclercdrive.fr/image.ashx?id=597456&use=l&cat=p&typeid=i","cat":284984},{"id":17152,"n":"Pains aux céréales  300g","p":1.55,"u":"5,17 €/KG","img":"https://fd14-photos.leclercdrive.fr/image.ashx?id=2657163&use=l&cat=p&typeid=i","cat":284359},{"id":17158,"n":"Mozzarella Bio  Bio village - 125g","p":1.19,"u":"9,52 €/KG","img":"https://fd14-photos.leclercdrive.fr/image.ashx?id=2856350&use=l&cat=p&typeid=i","cat":314026},{"id":17165,"n":"Poulet blanc Maître coq Eleveur de nos régions - 1,3kg","p":7.91,"u":"6,08 €/KG","img":"https://fd14-photos.leclercdrive.fr/image.ashx?id=2926359&use=l&cat=p&typeid=i","cat":284336},{"id":17189,"n":"Biscuit petit dej P'tit Déli Miel/pépites chocolat - 400g","p":2.15,"u":"5,38 €/KG","img":"https://fd14-photos.leclercdrive.fr/image.ashx?id=1510156&use=l&cat=p&typeid=i","cat":284491},{"id":17218,"n":"Tétines silicone Mots D'enfants + 6 mois bout rond x2","p":1.45,"u":"0,73 €/P","img":"https://fd14-photos.leclercdrive.fr/image.ashx?id=597566&use=l&cat=p&typeid=i","cat":284743},{"id":17223,"n":"Mouchoirs blancs 3 plis Caresse Boîte déco décor aléatoire x70","p":1.52,"u":"0,02 €/P","img":"https://fd14-photos.leclercdrive.fr/image.ashx?id=2812548&use=l&cat=p&typeid=i","cat":284638},{"id":17292,"n":"Polenta Alpina Semoule de maïs - 500g","p":1.25,"u":"2,50 €/KG","img":"https://fd14-photos.leclercdrive.fr/image.ashx?id=2834485&use=l&cat=p&typeid=i","cat":284431},{"id":17293,"n":"Génoise mix milk Balconi Pâtissier x10 280g","p":1.8,"u":"10,00 €/KG","img":"https://fd14-photos.leclercdrive.fr/image.ashx?id=2878411&use=l&cat=p&typeid=i","cat":284495},{"id":17348,"n":"Lanières poivrons Notre Jardin 600g","p":2.15,"u":"3,58 €/KG","img":"https://fd14-photos.leclercdrive.fr/image.ashx?id=2916680&use=l&cat=p&typeid=i","cat":319805},{"id":17362,"n":"Moules ASC Pêche Océan Décortiquées - 500g","p":2.99,"u":"5,98 €/KG","img":"https://fd14-photos.leclercdrive.fr/image.ashx?id=2835023&use=l&cat=p&typeid=i","cat":319787},{"id":17389,"n":"Biscuits dorés extra P'tit Déli 2x150g","p":1.2,"u":"4,00 €/KG","img":"https://fd14-photos.leclercdrive.fr/image.ashx?id=2488359&use=l&cat=p&typeid=i","cat":284487},{"id":17390,"n":"Tampon à récurer Mamison x3","p":0.68,"u":"0,23 €/P","img":"https://fd14-photos.leclercdrive.fr/image.ashx?id=2216957&use=l&cat=p&typeid=i","cat":284667},{"id":17409,"n":"Lotion capillaire Carré Homme Cheveux blancs et gris 400ml","p":1.99,"u":"4,98 €/L","img":"https://fd14-photos.leclercdrive.fr/image.ashx?id=1961961&use=l&cat=p&typeid=i","cat":284621},{"id":17410,"n":"Gel anticalcaire Texil 750ml","p":2.59,"u":"3,45 €/L","img":"https://fd14-photos.leclercdrive.fr/image.ashx?id=2958711&use=l&cat=p&typeid=i","cat":284653},{"id":17413,"n":"Sacs congélation zip Elembal Petit modèle x25","p":1.45,"u":"0,06 €/P","img":"https://fd14-photos.leclercdrive.fr/image.ashx?id=2751883&use=l&cat=p&typeid=i","cat":334134},{"id":17417,"n":"AOC Rosé d'Anjou vin rosé Les Caractères - BIB 3L","p":12.49,"u":"4,16 €/L","img":"https://fd14-photos.leclercdrive.fr/image.ashx?id=1945799&use=l&cat=p&typeid=i","cat":289560},{"id":17425,"n":"Fromage blanc Délisse Vanille 2,5%MG - 8x100g","p":2.82,"u":"3,53 €/KG","img":"https://fd14-photos.leclercdrive.fr/image.ashx?id=3012827&use=l&cat=p&typeid=i","cat":284409},{"id":17445,"n":"AOP Saumur demi-sec Les Caractères - 75cl","p":4.49,"u":"5,99 €/L","img":"https://fd14-photos.leclercdrive.fr/image.ashx?id=2287400&use=l&cat=p&typeid=i","cat":284544},{"id":17469,"n":"Biscuits P'tit Déli Bâtonnets Chocolat blanc 150g","p":1.68,"u":"11,20 €/KG","img":"https://fd14-photos.leclercdrive.fr/image.ashx?id=2470195&use=l&cat=p&typeid=i","cat":284488},{"id":17476,"n":"Boudins noirs aux oignons Tradilège x3 - 375g","p":2.64,"u":"7,04 €/KG","img":"https://fd14-photos.leclercdrive.fr/image.ashx?id=2930754&use=l&cat=p&typeid=i","cat":316012},{"id":17478,"n":"Boudins noirs Tradilège Aux pommes 3x125g","p":3.54,"u":"9,44 €/KG","img":"https://fd14-photos.leclercdrive.fr/image.ashx?id=2580412&use=l&cat=p&typeid=i","cat":316012},{"id":17516,"n":"Figues sèches Layer 500g","p":3.85,"u":"7,70 €/KG","img":"https://fd14-photos.leclercdrive.fr/image.ashx?id=1745039&use=l&cat=p&typeid=i","cat":284357},{"id":17584,"n":"Dissolvant Maybelline New York Manucure Express - 125ml","p":2.6,"u":"20,80 €/L","img":"https://fd14-photos.leclercdrive.fr/image.ashx?id=2348367&use=l&cat=p&typeid=i","cat":325347},{"id":17627,"n":"Mini bûches glacées Eskiss Assortiment - 311g","p":2.29,"u":"7,36 €/KG","img":"https://fd14-photos.leclercdrive.fr/image.ashx?id=2791263&use=l&cat=p&typeid=i","cat":284266},{"id":17653,"n":"Fromage apéritif Apéricube Best of des saveurs 48 cubes","p":4.17,"u":"16,68 €/KG","img":"https://fd14-photos.leclercdrive.fr/image.ashx?id=2882662&use=l&cat=p&typeid=i","cat":314027},{"id":17694,"n":"Couches bébé Mots d'Enfants T4+ Ultra confort - 9/20kg - x144","p":20.5,"u":"0,14 €/P","img":"https://fd14-photos.leclercdrive.fr/image.ashx?id=2689426&use=l&cat=p&typeid=i","cat":284737},{"id":17709,"n":"Sauce au poivre Knorr A la crème fraiche - 30cl","p":1.37,"u":"4,57 €/L","img":"https://fd14-photos.leclercdrive.fr/image.ashx?id=2985096&use=l&cat=p&typeid=i","cat":288381},{"id":17710,"n":"Sauce Hollandaise Knorr Au jus de citron - 30cl","p":1.45,"u":"4,83 €/L","img":"https://fd14-photos.leclercdrive.fr/image.ashx?id=2985099&use=l&cat=p&typeid=i","cat":288381},{"id":17717,"n":"Blanc de poulet Tradilège x4 160g","p":1.44,"u":"9,00 €/KG","img":"https://fd14-photos.leclercdrive.fr/image.ashx?id=2925738&use=l&cat=p&typeid=i","cat":316010},{"id":17718,"n":"Blanc de dinde Tradilège 4 tranches 160g","p":1.61,"u":"10,06 €/KG","img":"https://fd14-photos.leclercdrive.fr/image.ashx?id=2989787&use=l&cat=p&typeid=i","cat":316010},{"id":17767,"n":"Gambas entières Pêche Océan ASC - 400g","p":7.49,"u":"18,73 €/KG","img":"https://fd14-photos.leclercdrive.fr/image.ashx?id=2147091&use=l&cat=p&typeid=i","cat":319787},{"id":17783,"n":"Chocolats Ferrero Rocher x24 pralines - 300g","p":9.95,"u":"33,17 €/KG","img":"https://fd14-photos.leclercdrive.fr/image.ashx?id=2944999&use=l&cat=p&typeid=i","cat":327600},{"id":17843,"n":"Saumon A l'oseille Marie crème légère  - 400g","p":5.1,"u":"12,75 €/KG","img":"https://fd14-photos.leclercdrive.fr/image.ashx?id=2394186&use=l&cat=p&typeid=i","cat":284254},{"id":17899,"n":"Knacks pur porc Tradilège Fumées au bois x10 - 350g","p":1.55,"u":"4,43 €/KG","img":"https://fd14-photos.leclercdrive.fr/image.ashx?id=2448321&use=l&cat=p&typeid=i","cat":316012},{"id":17917,"n":"Nettoyant canalisations Ouragan Fraîcheur mentholée - 1L","p":3.25,"u":"3,25 €/L","img":"https://fd14-photos.leclercdrive.fr/image.ashx?id=2367544&use=l&cat=p&typeid=i","cat":284662},{"id":17938,"n":"Flan nappé caramel Bio Bio Village - 4x125g","p":1.99,"u":"3,98 €/KG","img":"https://fd14-photos.leclercdrive.fr/image.ashx?id=2992627&use=l&cat=p&typeid=i","cat":284420},{"id":18000,"n":"Lait céréales Blédidej 12 mois Chocolat biscuité - 4x250ml","p":3.5,"u":"3,50 €/L","img":"https://fd14-photos.leclercdrive.fr/image.ashx?id=2921028&use=l&cat=p&typeid=i","cat":312226},{"id":18001,"n":"Lait céréales Blédidej 6 mois Briochée - 4x250ml","p":3.7,"u":"3,70 €/L","img":"https://fd14-photos.leclercdrive.fr/image.ashx?id=2921049&use=l&cat=p&typeid=i","cat":312226},{"id":18002,"n":"Lait céréales Blédidej 12 mois Biscuité vanille - 4x250ml","p":3.3,"u":"3,30 €/L","img":"https://fd14-photos.leclercdrive.fr/image.ashx?id=2921034&use=l&cat=p&typeid=i","cat":312226},{"id":18003,"n":"Lait céréales Blédidej 12 mois Vanille chocolat - 4x250ml","p":3.4,"u":"3,40 €/L","img":"https://fd14-photos.leclercdrive.fr/image.ashx?id=2921031&use=l&cat=p&typeid=i","cat":312226},{"id":18004,"n":"Lait céréales Blédidej 6 mois Cacao - 4x250ml","p":3.4,"u":"3,40 €/L","img":"https://fd14-photos.leclercdrive.fr/image.ashx?id=2921037&use=l&cat=p&typeid=i","cat":312226},{"id":18066,"n":"Nouilles chinoises Suzi Wan En nid - 250g","p":1.57,"u":"6,28 €/KG","img":"https://fd14-photos.leclercdrive.fr/image.ashx?id=2886253&use=l&cat=p&typeid=i","cat":288992},{"id":18070,"n":"Fromage frais bio Bio Village Fruits panachés - 12x50g","p":2.76,"u":"4,60 €/KG","img":"https://fd14-photos.leclercdrive.fr/image.ashx?id=2992630&use=l&cat=p&typeid=i","cat":284409},{"id":18096,"n":"Plat bébé Blédina 8 mois  Légumes saumon - 2x200g","p":2.5,"u":"6,25 €/KG","img":"https://fd14-photos.leclercdrive.fr/image.ashx?id=2975059&use=l&cat=p&typeid=i","cat":312236},{"id":18100,"n":"Lait céréales bébé Blédiner 12m Légumes soir - 2x250ml","p":1.7,"u":"3,40 €/L","img":"https://fd14-photos.leclercdrive.fr/image.ashx?id=2960144&use=l&cat=p&typeid=i","cat":312239},{"id":18102,"n":"Lait céréales bébé Blédiner 6m Légume soir - 4x250ml","p":3.36,"u":"3,36 €/L","img":"https://fd14-photos.leclercdrive.fr/image.ashx?id=2730061&use=l&cat=p&typeid=i","cat":312239},{"id":18123,"n":"Barres Copains Copines x16 - 200g","p":2.25,"u":"11,25 €/KG","img":"https://fd14-photos.leclercdrive.fr/image.ashx?id=2867335&use=l&cat=p&typeid=i","cat":284498},{"id":18124,"n":"Pêche poire cerise  Douceur du Verger - 4x70g","p":2.79,"u":"9,96 €/KG","img":"https://fd14-photos.leclercdrive.fr/image.ashx?id=2149378&use=l&cat=p&typeid=i","cat":284507},{"id":18125,"n":"Poire Comice 1kg","p":3.49,"u":"3,49 €/KG","img":"https://fd14-photos.leclercdrive.fr/image.ashx?id=1636419&use=l&cat=p&typeid=i","cat":284356},{"id":18202,"n":"Pomme de terre de consommation Vapeur et gratin - 2.5kg","p":2.99,"u":"1,20 €/KG","img":"https://fd14-photos.leclercdrive.fr/image.ashx?id=1633118&use=l&cat=p&typeid=i","cat":284352},{"id":18207,"n":"Lingettes démaquillantes Inell x25","p":1.34,"u":"0,05 €/P","img":"https://fd14-photos.leclercdrive.fr/image.ashx?id=2769579&use=l&cat=p&typeid=i","cat":284603},{"id":18208,"n":"Lingettes démaquillantes Inell x25","p":1.34,"u":"0,05 €/P","img":"https://fd14-photos.leclercdrive.fr/image.ashx?id=2752622&use=l&cat=p&typeid=i","cat":284603},{"id":18218,"n":"Chipolatas Férial x6 - 330g","p":3.49,"u":"10,58 €/KG","img":"https://fd14-photos.leclercdrive.fr/image.ashx?id=2837096&use=l&cat=p&typeid=i","cat":284334},{"id":18219,"n":"Merguez Férial x6 - 330g","p":4.19,"u":"12,70 €/KG","img":"https://fd14-photos.leclercdrive.fr/image.ashx?id=2840019&use=l&cat=p&typeid=i","cat":284334},{"id":18221,"n":"Lardons supérieurs Tradilège Nature - 2x100g","p":1.85,"u":"9,25 €/KG","img":"https://fd14-photos.leclercdrive.fr/image.ashx?id=2933340&use=l&cat=p&typeid=i","cat":316011},{"id":18223,"n":"Lardons supérieurs Tradilège Fumés - 2x100g","p":1.85,"u":"9,25 €/KG","img":"https://fd14-photos.leclercdrive.fr/image.ashx?id=2933343&use=l&cat=p&typeid=i","cat":316011},{"id":18224,"n":"Allumettes Tradilège Nature - 2x100g","p":1.75,"u":"8,75 €/KG","img":"https://fd14-photos.leclercdrive.fr/image.ashx?id=2933349&use=l&cat=p&typeid=i","cat":316011},{"id":18225,"n":"Allumettes Tradilège Fumées - 2x100g","p":1.75,"u":"8,75 €/KG","img":"https://fd14-photos.leclercdrive.fr/image.ashx?id=2933346&use=l&cat=p&typeid=i","cat":316011},{"id":18227,"n":"Lardons supérieurs Tradilège Nature - 160g","p":1.48,"u":"9,25 €/KG","img":"https://fd14-photos.leclercdrive.fr/image.ashx?id=2751949&use=l&cat=p&typeid=i","cat":316011},{"id":18230,"n":"Lardons supérieurs Tradilège Fumés - 160g","p":1.48,"u":"9,25 €/KG","img":"https://fd14-photos.leclercdrive.fr/image.ashx?id=2816636&use=l&cat=p&typeid=i","cat":316011},{"id":18231,"n":"Poitrine fumée Tradilège 4 tranches 300 gr","p":4.65,"u":"15,50 €/KG","img":"https://fd14-photos.leclercdrive.fr/image.ashx?id=2852273&use=l&cat=p&typeid=i","cat":316011},{"id":18234,"n":"Jambon blanc Tradilège A l'italienne 4 tranches 120g","p":2.19,"u":"18,25 €/KG","img":"https://fd14-photos.leclercdrive.fr/image.ashx?id=2984182&use=l&cat=p&typeid=i","cat":316009},{"id":18235,"n":"Mousse de foie Tradilège Supérieure 180g","p":1.29,"u":"7,17 €/KG","img":"https://fd14-photos.leclercdrive.fr/image.ashx?id=2693147&use=l&cat=p&typeid=i","cat":316008},{"id":18236,"n":"Mousse de foie Tradilège 2x50g","p":0.95,"u":"9,50 €/KG","img":"https://fd14-photos.leclercdrive.fr/image.ashx?id=2999625&use=l&cat=p&typeid=i","cat":316008},{"id":18238,"n":"Mousse de canard Tradilège 180g","p":1.19,"u":"6,61 €/KG","img":"https://fd14-photos.leclercdrive.fr/image.ashx?id=2994360&use=l&cat=p&typeid=i","cat":316008},{"id":18240,"n":"Mousse de canard Tradilège 2x50g","p":1.14,"u":"11,40 €/KG","img":"https://fd14-photos.leclercdrive.fr/image.ashx?id=2998886&use=l&cat=p&typeid=i","cat":316008},{"id":18241,"n":"Pâté de campagne Tradilège Supérieur 180g","p":1.29,"u":"7,17 €/KG","img":"https://fd14-photos.leclercdrive.fr/image.ashx?id=2844848&use=l&cat=p&typeid=i","cat":316008},{"id":18245,"n":"Rillettes du Mans Tradilège 220g","p":1.49,"u":"6,77 €/KG","img":"https://fd14-photos.leclercdrive.fr/image.ashx?id=2548124&use=l&cat=p&typeid=i","cat":316008},{"id":18246,"n":"Rillettes du Mans Tradilège 400g","p":2.49,"u":"6,23 €/KG","img":"https://fd14-photos.leclercdrive.fr/image.ashx?id=2580385&use=l&cat=p&typeid=i","cat":316008},{"id":18250,"n":"Saucisses Francfort Tradilège x4 240g","p":2.14,"u":"8,92 €/KG","img":"https://fd14-photos.leclercdrive.fr/image.ashx?id=2905955&use=l&cat=p&typeid=i","cat":316012},{"id":18251,"n":"Knacks Tradilège Fumées au bois - x4 - 140g","p":1.05,"u":"7,50 €/KG","img":"https://fd14-photos.leclercdrive.fr/image.ashx?id=2930739&use=l&cat=p&typeid=i","cat":316012},{"id":18252,"n":"Knacks Tradilège Fumées au bois - x6 - 210g","p":1.37,"u":"6,52 €/KG","img":"https://fd14-photos.leclercdrive.fr/image.ashx?id=2448318&use=l&cat=p&typeid=i","cat":316012},{"id":18257,"n":"Saucisses Cocktail Tradilège 400g","p":2.82,"u":"7,05 €/KG","img":"https://fd14-photos.leclercdrive.fr/image.ashx?id=2659082&use=l&cat=p&typeid=i","cat":316012},{"id":18258,"n":"Saucisse Tradilège Mini Knacks Pot micro ondable 200g","p":2.57,"u":"12,85 €/KG","img":"https://fd14-photos.leclercdrive.fr/image.ashx?id=2930921&use=l&cat=p&typeid=i","cat":316012},{"id":18259,"n":"Saucisson à l'ail Tradilège Fumé - 300g","p":2.08,"u":"6,93 €/KG","img":"https://fd14-photos.leclercdrive.fr/image.ashx?id=2930742&use=l&cat=p&typeid=i","cat":316006},{"id":18261,"n":"Andouille Tradilège 300g","p":4.5,"u":"15,00 €/KG","img":"https://fd14-photos.leclercdrive.fr/image.ashx?id=2930748&use=l&cat=p&typeid=i","cat":316012},{"id":18262,"n":"Cervelas supérieur Tradilège 300g","p":2.03,"u":"6,77 €/KG","img":"https://fd14-photos.leclercdrive.fr/image.ashx?id=2421636&use=l&cat=p&typeid=i","cat":316012},{"id":18263,"n":"Andouillettes Tradilège Nature x3 420g","p":4.19,"u":"9,98 €/KG","img":"https://fd14-photos.leclercdrive.fr/image.ashx?id=2728282&use=l&cat=p&typeid=i","cat":316012},{"id":18266,"n":"Dés de jambon Tradilège 2x75g","p":1.59,"u":"10,60 €/KG","img":"https://fd14-photos.leclercdrive.fr/image.ashx?id=2925732&use=l&cat=p&typeid=i","cat":316011},{"id":18267,"n":"Allumettes de jambon Tradilège 2x75g","p":1.11,"u":"7,40 €/KG","img":"https://fd14-photos.leclercdrive.fr/image.ashx?id=2925716&use=l&cat=p&typeid=i","cat":316011},{"id":18273,"n":"Blanc de dinde Tradilège 2 tranches 80g","p":1.51,"u":"18,88 €/KG","img":"https://fd14-photos.leclercdrive.fr/image.ashx?id=2905958&use=l&cat=p&typeid=i","cat":316010},{"id":18275,"n":"Blanc de poulet Tradilège x2 tranches - 80g","p":1.19,"u":"14,88 €/KG","img":"https://fd14-photos.leclercdrive.fr/image.ashx?id=2930751&use=l&cat=p&typeid=i","cat":316010},{"id":18276,"n":"Tripes à la mode de Caen  Tradilège - 500g","p":3.79,"u":"7,58 €/KG","img":"https://fd14-photos.leclercdrive.fr/image.ashx?id=2999628&use=l&cat=p&typeid=i","cat":333666},{"id":18277,"n":"Blanc de poulet Tradilège Aux fines herbes x4 120g","p":1.65,"u":"13,75 €/KG","img":"https://fd14-photos.leclercdrive.fr/image.ashx?id=2905961&use=l&cat=p&typeid=i","cat":316010},{"id":18278,"n":"Tripes à la provençale  Tradilège - 500g","p":3.79,"u":"7,58 €/KG","img":"https://fd14-photos.leclercdrive.fr/image.ashx?id=2252037&use=l&cat=p&typeid=i","cat":333666},{"id":18282,"n":"Saucisse de volaille Tradilège x6 210g","p":1.48,"u":"7,05 €/KG","img":"https://fd14-photos.leclercdrive.fr/image.ashx?id=2616069&use=l&cat=p&typeid=i","cat":316012},{"id":18287,"n":"Céréales Extra Kellogg's Chocolat au lait - 500g","p":3.13,"u":"6,26 €/KG","img":"https://fd14-photos.leclercdrive.fr/image.ashx?id=2692707&use=l&cat=p&typeid=i","cat":309512},{"id":18347,"n":"Porc : Paupiette Férial x6 780g","p":8.9,"u":"11,41 €/KG","img":"https://fd14-photos.leclercdrive.fr/image.ashx?id=2852291&use=l&cat=p&typeid=i","cat":284331},{"id":18351,"n":"Fromage à tartiner Les Croisés Nature - 25%mg - 150g","p":1.24,"u":"8,27 €/KG","img":"https://fd14-photos.leclercdrive.fr/image.ashx?id=1971010&use=l&cat=p&typeid=i","cat":314029},{"id":18353,"n":"Mini viennoiseries 12p","p":3.6,"u":"0,30 €/P","img":"https://fd14-photos.leclercdrive.fr/image.ashx?id=599241&use=l&cat=p&typeid=i","cat":284984},{"id":18362,"n":"Biscuit bébé Blédina 10 mois Boudoir - 120g","p":1.75,"u":"14,58 €/KG","img":"https://fd14-photos.leclercdrive.fr/image.ashx?id=2801114&use=l&cat=p&typeid=i","cat":312227},{"id":18363,"n":"Pots bébé bio Babybio Maïs poulet - 8 mois - 2x200g","p":2.8,"u":"7,00 €/KG","img":"https://fd14-photos.leclercdrive.fr/image.ashx?id=2827461&use=l&cat=p&typeid=i","cat":312236},{"id":18364,"n":"Haricots rouges D'aucy  250g","p":1.1,"u":"4,40 €/KG","img":"https://fd14-photos.leclercdrive.fr/image.ashx?id=2538434&use=l&cat=p&typeid=i","cat":312606},{"id":18431,"n":"Agneau 2x gigot*** Tranché à griller - 350g","p":7.14,"u":"20,40 €/KG","img":"https://fd14-photos.leclercdrive.fr/image.ashx?id=619322&use=l&cat=p&typeid=i","cat":284330},{"id":18437,"n":"Allumettes Bacon Tradilège Fumées - 2x100g","p":1.74,"u":"8,70 €/KG","img":"https://fd14-photos.leclercdrive.fr/image.ashx?id=2905952&use=l&cat=p&typeid=i","cat":316011},{"id":18441,"n":"Pur jus de fruits Jafaden Mandarine - 1L","p":2.05,"u":"2,05 €/L","img":"https://fd14-photos.leclercdrive.fr/image.ashx?id=1061843&use=l&cat=p&typeid=i","cat":284915},{"id":18521,"n":"Papier toilette Mimosa Blanc double épaisseur - x12","p":2.85,"u":"0,24 €/P","img":"https://fd14-photos.leclercdrive.fr/image.ashx?id=2434230&use=l&cat=p&typeid=i","cat":284634},{"id":18577,"n":"Papier toilette Mimosa Blanc - Ultra doux - x24","p":4.33,"u":"0,18 €/P","img":"https://fd14-photos.leclercdrive.fr/image.ashx?id=2796488&use=l&cat=p&typeid=i","cat":284634},{"id":18598,"n":"Yaourts à la Grecque Délisse Mûre Framboise - 4x150g","p":1.99,"u":"3,32 €/KG","img":"https://fd14-photos.leclercdrive.fr/image.ashx?id=2699441&use=l&cat=p&typeid=i","cat":314999},{"id":18652,"n":"Crépes Nature P'tit Déli x10 300g","p":1.69,"u":"5,63 €/KG","img":"https://fd14-photos.leclercdrive.fr/image.ashx?id=2391092&use=l&cat=p&typeid=i","cat":284494},{"id":18669,"n":"Snacks Tokapi 4 saveurs - 100g","p":0.87,"u":"8,70 €/KG","img":"https://fd14-photos.leclercdrive.fr/image.ashx?id=2588932&use=l&cat=p&typeid=i","cat":284449},{"id":18671,"n":"Tuiles Tokapi Paprika - 170g","p":1.35,"u":"7,94 €/KG","img":"https://fd14-photos.leclercdrive.fr/image.ashx?id=2632852&use=l&cat=p&typeid=i","cat":287899},{"id":18676,"n":"Allume-feu Silex cubes 18 sachets individuels","p":3.23,"img":"https://fd14-photos.leclercdrive.fr/image.ashx?id=2643584&use=l&cat=p&typeid=i","cat":300578},{"id":18723,"n":"Boulettes provençale Férial x12 - 300g","p":3.95,"u":"13,17 €/KG","img":"https://fd14-photos.leclercdrive.fr/image.ashx?id=2816627&use=l&cat=p&typeid=i","cat":284332},{"id":18746,"n":"Pavés de boeuf à l'échalote Férial x2 - 240g","p":4.79,"u":"19,96 €/KG","img":"https://fd14-photos.leclercdrive.fr/image.ashx?id=2854273&use=l&cat=p&typeid=i","cat":284328},{"id":18747,"n":"Pavés de boeuf marinés 3 poivre Férial x2 - 240g","p":4.75,"u":"19,79 €/KG","img":"https://fd14-photos.leclercdrive.fr/image.ashx?id=2854276&use=l&cat=p&typeid=i","cat":284328},{"id":18748,"n":"Pavés de boeuf marinés nature F x2 - 240g","p":4.99,"u":"20,79 €/KG","img":"https://fd14-photos.leclercdrive.fr/image.ashx?id=2854270&use=l&cat=p&typeid=i","cat":284328},{"id":18754,"n":"Boulettes nature Férial x12 - 300g","p":3.89,"u":"12,97 €/KG","img":"https://fd14-photos.leclercdrive.fr/image.ashx?id=2816624&use=l&cat=p&typeid=i","cat":284332},{"id":18853,"n":"Soin de jour Diadermine Lift+ Elastine Anti-rides - 50ml","p":6.75,"u":"135,00 €/L","img":"https://fd14-photos.leclercdrive.fr/image.ashx?id=2464024&use=l&cat=p&typeid=i","cat":325345},{"id":18953,"n":"Thon entier Pêche Océan Naturel - 186g","p":2.5,"u":"13,44 €/KG","img":"https://fd14-photos.leclercdrive.fr/image.ashx?id=2942193&use=l&cat=p&typeid=i","cat":303867},{"id":18968,"n":"Gâteaux mini marbrés P'tit Déli Chocolat x7 - 189g","p":1.65,"u":"8,73 €/KG","img":"https://fd14-photos.leclercdrive.fr/image.ashx?id=1947360&use=l&cat=p&typeid=i","cat":284495},{"id":18983,"n":"Crème glacée Eskiss Noix de coco - 494g","p":2.78,"u":"5,63 €/KG","img":"https://fd14-photos.leclercdrive.fr/image.ashx?id=2982607&use=l&cat=p&typeid=i","cat":284263},{"id":18996,"n":"Confiture Bonne Maman 4 fruits rouges - 370g","p":2.35,"u":"6,35 €/KG","img":"https://fd14-photos.leclercdrive.fr/image.ashx?id=2547474&use=l&cat=p&typeid=i","cat":284480},{"id":19023,"n":"Sirop Frucci Citron - 1L","p":2.04,"u":"2,04 €/L","img":"https://fd14-photos.leclercdrive.fr/image.ashx?id=2955653&use=l&cat=p&typeid=i","cat":295020},{"id":19066,"n":"Vodka Poliakov 37,5%vol - 1L","p":15.94,"u":"15,94 €/L","img":"https://fd14-photos.leclercdrive.fr/image.ashx?id=2576916&use=l&cat=p&typeid=i","cat":284550},{"id":19098,"n":"Cookies gros éclats Granola Chocolat - 184g","p":1.76,"u":"9,57 €/KG","img":"https://fd14-photos.leclercdrive.fr/image.ashx?id=2996413&use=l&cat=p&typeid=i","cat":325066},{"id":19102,"n":"Croquettes chat Purina One Stérilisé-Saumon/Céréales-1,5kg","p":6.65,"u":"4,43 €/KG","img":"https://fd14-photos.leclercdrive.fr/image.ashx?id=2541268&use=l&cat=p&typeid=i","cat":284680},{"id":19110,"n":"Boeuf Bourguignon Côté Table 300g","p":2.08,"u":"6,93 €/KG","img":"https://fd14-photos.leclercdrive.fr/image.ashx?id=2517679&use=l&cat=p&typeid=i","cat":284953},{"id":19117,"n":"Galettes Bjorg Bio Riz complet au sésame 130g","p":1.28,"u":"9,85 €/KG","img":"https://fd14-photos.leclercdrive.fr/image.ashx?id=2991975&use=l&cat=p&typeid=i","cat":318651},{"id":19138,"n":"Semoule Couscous Bio Village Semi complet Bio - 500g","p":1.44,"u":"2,88 €/KG","img":"https://fd14-photos.leclercdrive.fr/image.ashx?id=2814217&use=l&cat=p&typeid=i","cat":284429},{"id":19150,"n":"Compotes Andros Délice de rhubarbe - 4x100g","p":2.4,"u":"6,00 €/KG","img":"https://fd14-photos.leclercdrive.fr/image.ashx?id=2845461&use=l&cat=p&typeid=i","cat":284416},{"id":19155,"n":"Farine de blé Bio Francine 1kg","p":1.71,"u":"1,71 €/KG","img":"https://fd14-photos.leclercdrive.fr/image.ashx?id=2989117&use=l&cat=p&typeid=i","cat":284503},{"id":19199,"n":"Pain de mie La Boulangère à la  Farine complète Bio - 500g","p":1.95,"u":"3,90 €/KG","img":"https://fd14-photos.leclercdrive.fr/image.ashx?id=2912386&use=l&cat=p&typeid=i","cat":284477},{"id":19202,"n":"Galettes bio Bio Village 4 céréales x17 - 130g","p":0.91,"u":"7,00 €/KG","img":"https://fd14-photos.leclercdrive.fr/image.ashx?id=2816154&use=l&cat=p&typeid=i","cat":318651},{"id":19211,"n":"Lentilles Préparées Cassegrain Tendres et Fondants 265g","p":1.56,"u":"5,89 €/KG","img":"https://fd14-photos.leclercdrive.fr/image.ashx?id=2952460&use=l&cat=p&typeid=i","cat":312609},{"id":19231,"n":"Petit Pois Cassegrain Tendres et Fondants 140g","p":1.26,"u":"9,00 €/KG","img":"https://fd14-photos.leclercdrive.fr/image.ashx?id=2912974&use=l&cat=p&typeid=i","cat":312607},{"id":19232,"n":"Printanière Cassegrain Carotte, Petit Pois, Champignon - 265g","p":2.13,"u":"8,04 €/KG","img":"https://fd14-photos.leclercdrive.fr/image.ashx?id=2913001&use=l&cat=p&typeid=i","cat":312612},{"id":19240,"n":"Fruits au sirop St Mamet Poires Williams - 465g","p":3.05,"u":"6,56 €/KG","img":"https://fd14-photos.leclercdrive.fr/image.ashx?id=2630223&use=l&cat=p&typeid=i","cat":284507},{"id":19255,"n":"Croquettes chat Purina One Light Adulte -Poulet/Blé -1,5kg","p":6.95,"u":"4,63 €/KG","img":"https://fd14-photos.leclercdrive.fr/image.ashx?id=2432010&use=l&cat=p&typeid=i","cat":284680},{"id":19275,"n":"Fructose Vivis Boîte 500g","p":2.7,"u":"5,40 €/KG","img":"https://fd14-photos.leclercdrive.fr/image.ashx?id=2061840&use=l&cat=p&typeid=i","cat":324846},{"id":19285,"n":"Sauce crudités Rustica Fines herbes - 50cl","p":0.88,"u":"1,76 €/L","img":"https://fd14-photos.leclercdrive.fr/image.ashx?id=1972916&use=l&cat=p&typeid=i","cat":284456},{"id":19293,"n":"Lait céréales bébé Blédiner 12m Carotte pois soir - 2x250ml","p":1.66,"u":"3,32 €/L","img":"https://fd14-photos.leclercdrive.fr/image.ashx?id=2949856&use=l&cat=p&typeid=i","cat":312239},{"id":19296,"n":"Gressins Tokapi Sésame - 125g","p":1.17,"u":"9,36 €/KG","img":"https://fd14-photos.leclercdrive.fr/image.ashx?id=1993574&use=l&cat=p&typeid=i","cat":297000},{"id":19297,"n":"Lait céréales bébé Blédiner 6m Potiron soir - 2x250ml","p":1.7,"u":"3,40 €/L","img":"https://fd14-photos.leclercdrive.fr/image.ashx?id=2960141&use=l&cat=p&typeid=i","cat":312239},{"id":19298,"n":"Gressins Tokapi  Huile d'olive romarin - 125g","p":1.41,"u":"11,28 €/KG","img":"https://fd14-photos.leclercdrive.fr/image.ashx?id=1993577&use=l&cat=p&typeid=i","cat":297000},{"id":19301,"n":"Céréales Tipiak Méditerranéennes 2x200g","p":1.8,"u":"4,50 €/KG","img":"https://fd14-photos.leclercdrive.fr/image.ashx?id=2766253&use=l&cat=p&typeid=i","cat":284429},{"id":19304,"n":"Mini farfalle Turini 500g","p":1.26,"u":"2,52 €/KG","img":"https://fd14-photos.leclercdrive.fr/image.ashx?id=2607494&use=l&cat=p&typeid=i","cat":284427},{"id":19305,"n":"Pâtes Spaghetti Panzani 3 Minutes - 500G","p":1.18,"u":"2,36 €/KG","img":"https://fd14-photos.leclercdrive.fr/image.ashx?id=3008035&use=l&cat=p&typeid=i","cat":284427},{"id":19308,"n":"Epices pour guacamole Old el paso - 20g","p":1.1,"u":"55,00 €/KG","img":"https://fd14-photos.leclercdrive.fr/image.ashx?id=2858168&use=l&cat=p&typeid=i","cat":288993},{"id":19313,"n":"Tartelettes Bonne Maman A la framboise étui 135g","p":1.3,"u":"9,63 €/KG","img":"https://fd14-photos.leclercdrive.fr/image.ashx?id=2984383&use=l&cat=p&typeid=i","cat":284489},{"id":19353,"n":"Mao Croqui Haribo Sachet bonbons - 250g","p":1.35,"u":"5,40 €/KG","img":"https://fd14-photos.leclercdrive.fr/image.ashx?id=2805192&use=l&cat=p&typeid=i","cat":304250},{"id":19356,"n":"Infusion bio Jardin Bio Thym Menthe - x20 sachets - 30g","p":1.83,"u":"61,00 €/KG","img":"https://fd14-photos.leclercdrive.fr/image.ashx?id=2792654&use=l&cat=p&typeid=i","cat":293234},{"id":19364,"n":"Madeleines extra Ker Cadélac Coquilles moelleuses x24 - 600g","p":3.05,"u":"5,08 €/KG","img":"https://fd14-photos.leclercdrive.fr/image.ashx?id=2939511&use=l&cat=p&typeid=i","cat":284492},{"id":19386,"n":"Méli mélo céréales lég Tipiak 330g","p":2.05,"u":"6,21 €/KG","img":"https://fd14-photos.leclercdrive.fr/image.ashx?id=2563715&use=l&cat=p&typeid=i","cat":284429},{"id":19392,"n":"Café moulu Eco+ Robusta - 4x250g","p":8.89,"u":"8,89 €/KG","img":"https://fd14-photos.leclercdrive.fr/image.ashx?id=2176413&use=l&cat=p&typeid=i","cat":284750},{"id":19408,"n":"Soupe Velouté Bio Village Bio Légumes verts - 1L","p":2.91,"u":"2,91 €/L","img":"https://fd14-photos.leclercdrive.fr/image.ashx?id=2352237&use=l&cat=p&typeid=i","cat":284462},{"id":19411,"n":"Compote Allégée en sucres Eco+ Coupelle pomme - 4x100g","p":0.55,"u":"1,38 €/KG","img":"https://fd14-photos.leclercdrive.fr/image.ashx?id=2953188&use=l&cat=p&typeid=i","cat":284508},{"id":19416,"n":"Dessert fruitier Andros Pomme allégé 730g","p":1.25,"u":"1,71 €/KG","img":"https://fd14-photos.leclercdrive.fr/image.ashx?id=2369930&use=l&cat=p&typeid=i","cat":284508},{"id":19424,"n":"Spaghetti Turini Au blé complet - 500g","p":0.95,"u":"1,90 €/KG","img":"https://fd14-photos.leclercdrive.fr/image.ashx?id=2607497&use=l&cat=p&typeid=i","cat":284427},{"id":19426,"n":"Gâteaux L'Ourson Lulu LU Chocolat - 150g","p":1.3,"u":"8,67 €/KG","img":"https://fd14-photos.leclercdrive.fr/image.ashx?id=3014425&use=l&cat=p&typeid=i","cat":284495},{"id":19427,"n":"Pâtes penne Turini Blé complet - 500g","p":1.0,"u":"2,00 €/KG","img":"https://fd14-photos.leclercdrive.fr/image.ashx?id=2607500&use=l&cat=p&typeid=i","cat":284427},{"id":19432,"n":"Pains au chocolat Eco+ x10 - 450g","p":1.55,"u":"3,44 €/KG","img":"https://fd14-photos.leclercdrive.fr/image.ashx?id=2702327&use=l&cat=p&typeid=i","cat":296366},{"id":19433,"n":"Pain au lait Eco+ x10 - 400g","p":1.03,"u":"2,58 €/KG","img":"https://fd14-photos.leclercdrive.fr/image.ashx?id=2643578&use=l&cat=p&typeid=i","cat":293505},{"id":19435,"n":"Barres de céréales Special K Kellogg's Chocolat lait - 6x20g","p":2.1,"u":"17,50 €/KG","img":"https://fd14-photos.leclercdrive.fr/image.ashx?id=2306366&use=l&cat=p&typeid=i","cat":285869},{"id":19459,"n":"Flageolets cuisinés Roquelaure A l'auvergnate - 820g","p":2.1,"u":"2,56 €/KG","img":"https://fd14-photos.leclercdrive.fr/image.ashx?id=2928399&use=l&cat=p&typeid=i","cat":312606},{"id":19463,"n":"Sticks dentaires Lydog Moyen chien - x7 - 180g","p":1.39,"u":"7,72 €/KG","img":"https://fd14-photos.leclercdrive.fr/image.ashx?id=1878598&use=l&cat=p&typeid=i","cat":294527},{"id":19471,"n":"Mélange Le Sélect Vico Graines variées - 100g","p":2.05,"u":"20,50 €/KG","img":"https://fd14-photos.leclercdrive.fr/image.ashx?id=2569839&use=l&cat=p&typeid=i","cat":284448},{"id":19478,"n":"Gobelets Homeside Biodégradables 25cl x12","p":2.0,"u":"0,17 €/P","img":"https://fd14-photos.leclercdrive.fr/image.ashx?id=1659690&use=l&cat=p&typeid=i","cat":334134},{"id":19491,"n":"Couscous tunisien Côté Table Kefta merguez - 300g","p":2.19,"u":"7,30 €/KG","img":"https://fd14-photos.leclercdrive.fr/image.ashx?id=2499498&use=l&cat=p&typeid=i","cat":284953},{"id":19493,"n":"Colin d'alaska Côté Table Barquette micro-ondable 300g","p":1.99,"u":"6,63 €/KG","img":"https://fd14-photos.leclercdrive.fr/image.ashx?id=2770311&use=l&cat=p&typeid=i","cat":284953},{"id":19535,"n":"Stick lèvres Inell Nourrissant - 2 pièces","p":1.99,"u":"1,00 €/P","img":"https://fd14-photos.leclercdrive.fr/image.ashx?id=2841622&use=l&cat=p&typeid=i","cat":285485},{"id":19542,"n":"Filets de saumon rose Findus Pacifique - MSC - x4 - 400g","p":8.95,"u":"22,38 €/KG","img":"https://fd14-photos.leclercdrive.fr/image.ashx?id=2735326&use=l&cat=p&typeid=i","cat":319786},{"id":19575,"n":"Lait démaquillant Inell Douceur 250ml","p":1.65,"u":"6,60 €/L","img":"https://fd14-photos.leclercdrive.fr/image.ashx?id=2691622&use=l&cat=p&typeid=i","cat":284603},{"id":19585,"n":"Galettes Créperie Guerlédan Pur blé noir breton x6  - 400g","p":3.7,"u":"9,25 €/KG","img":"https://fd14-photos.leclercdrive.fr/image.ashx?id=2043999&use=l&cat=p&typeid=i","cat":333672},{"id":19586,"n":"Crêpes au lait de ferme Crêperie Guerlédan x6 - 400g","p":3.95,"u":"9,88 €/KG","img":"https://fd14-photos.leclercdrive.fr/image.ashx?id=2044684&use=l&cat=p&typeid=i","cat":284494},{"id":19601,"n":"Gâteaux marbrés P'tit Déli x14 378g","p":2.97,"u":"7,86 €/KG","img":"https://fd14-photos.leclercdrive.fr/image.ashx?id=1947363&use=l&cat=p&typeid=i","cat":284495},{"id":19609,"n":"Tuiles Tokapi Fromage - 170g","p":1.39,"u":"8,18 €/KG","img":"https://fd14-photos.leclercdrive.fr/image.ashx?id=2609568&use=l&cat=p&typeid=i","cat":287899},{"id":19645,"n":"Mini-crêpes fourrées Tokapi Cheddar - 65g","p":1.99,"u":"30,62 €/KG","img":"https://fd14-photos.leclercdrive.fr/image.ashx?id=1847626&use=l&cat=p&typeid=i","cat":297000},{"id":19699,"n":"Sucre pure canne blond Beghin Say - 1kg","p":2.77,"u":"2,77 €/KG","img":"https://fd14-photos.leclercdrive.fr/image.ashx?id=2977321&use=l&cat=p&typeid=i","cat":284502},{"id":19702,"n":"Sucre en poudre Béghin Say 750g","p":1.46,"u":"1,95 €/KG","img":"https://fd14-photos.leclercdrive.fr/image.ashx?id=2866352&use=l&cat=p&typeid=i","cat":284502},{"id":19723,"n":"Sacs congélation zip Elembal Grand x15","p":1.8,"u":"0,12 €/P","img":"https://fd14-photos.leclercdrive.fr/image.ashx?id=2751889&use=l&cat=p&typeid=i","cat":334134},{"id":19729,"n":"Biscuit P'tit Déli Palmiers Chocolat au lait 110g","p":1.25,"u":"11,36 €/KG","img":"https://fd14-photos.leclercdrive.fr/image.ashx?id=2573403&use=l&cat=p&typeid=i","cat":284488},{"id":19738,"n":"Duo Mâche Roquette Florette 175g","p":2.26,"u":"12,91 €/KG","img":"https://fd14-photos.leclercdrive.fr/image.ashx?id=2333929&use=l&cat=p&typeid=i","cat":284353},{"id":19743,"n":"Déodorant atomiseur Carré Homme Musc 200ml","p":1.37,"u":"6,85 €/L","img":"https://fd14-photos.leclercdrive.fr/image.ashx?id=2375998&use=l&cat=p&typeid=i","cat":284618},{"id":19744,"n":"Déodorant atomiseur Carré Homme Marine 200ml","p":1.37,"u":"6,85 €/L","img":"https://fd14-photos.leclercdrive.fr/image.ashx?id=2390707&use=l&cat=p&typeid=i","cat":284618},{"id":19750,"n":"Cotons Duo Démaquillants Inell Duo carré - Disques x50","p":1.24,"u":"0,02 €/P","img":"https://fd14-photos.leclercdrive.fr/image.ashx?id=1709937&use=l&cat=p&typeid=i","cat":285593},{"id":19758,"n":"Essuie-tout Bobine Uni Vert Compact - 500 feuilles x1","p":4.5,"img":"https://fd14-photos.leclercdrive.fr/image.ashx?id=2684826&use=l&cat=p&typeid=i","cat":284635},{"id":19788,"n":"Stick lèvres Inell Hydratant - 2 pièces","p":1.52,"u":"0,76 €/P","img":"https://fd14-photos.leclercdrive.fr/image.ashx?id=2776042&use=l&cat=p&typeid=i","cat":285485},{"id":19796,"n":"Papier aluminium Elembal 30m","p":2.75,"img":"https://fd14-photos.leclercdrive.fr/image.ashx?id=2940905&use=l&cat=p&typeid=i","cat":334134},{"id":19798,"n":"Dissolvant doux Inell Sans acétone - 150ml","p":1.4,"u":"9,33 €/L","img":"https://fd14-photos.leclercdrive.fr/image.ashx?id=2691640&use=l&cat=p&typeid=i","cat":325347},{"id":19814,"n":"Piles alcalines Foxter AA/LR6 1,5V - x8","p":1.69,"u":"0,21 €/P","img":"https://fd14-photos.leclercdrive.fr/image.ashx?id=2162174&use=l&cat=p&typeid=i","cat":300572},{"id":19815,"n":"Piles alcalines Foxter AAA/LR3 1,5V - x8","p":1.69,"img":"https://fd14-photos.leclercdrive.fr/image.ashx?id=2162153&use=l&cat=p&typeid=i","cat":300572},{"id":19856,"n":"Pâtes Barilla Coquillettes - 1kg","p":2.11,"u":"2,11 €/KG","img":"https://fd14-photos.leclercdrive.fr/image.ashx?id=2392230&use=l&cat=p&typeid=i","cat":284427},{"id":19868,"n":"Gâteau de riz Délisse 500g","p":1.79,"u":"3,58 €/KG","img":"https://fd14-photos.leclercdrive.fr/image.ashx?id=2938415&use=l&cat=p&typeid=i","cat":284418},{"id":19874,"n":"Clafoutis La Laitière Aux cerises - 4x85g","p":2.6,"u":"7,65 €/KG","img":"https://fd14-photos.leclercdrive.fr/image.ashx?id=2628230&use=l&cat=p&typeid=i","cat":284419},{"id":19877,"n":"Mozzarella Spécial Cuisine Les Croisés - 400g","p":2.94,"u":"7,35 €/KG","img":"https://fd14-photos.leclercdrive.fr/image.ashx?id=2992531&use=l&cat=p&typeid=i","cat":314026},{"id":19879,"n":"Liégois Délisse Framboise - 4x100g","p":1.69,"u":"4,23 €/KG","img":"https://fd14-photos.leclercdrive.fr/image.ashx?id=2694280&use=l&cat=p&typeid=i","cat":285042},{"id":19881,"n":"Dés Salakis herbes de Provence Fromage brebis - 300g","p":3.35,"u":"11,17 €/KG","img":"https://fd14-photos.leclercdrive.fr/image.ashx?id=2729686&use=l&cat=p&typeid=i","cat":314026},{"id":19909,"n":"Yaourts Lait entier Bio Village Bio Vanille - 12x125g","p":3.27,"u":"2,18 €/KG","img":"https://fd14-photos.leclercdrive.fr/image.ashx?id=2032376&use=l&cat=p&typeid=i","cat":286006},{"id":19913,"n":"Mousse liégeoise Viennois  Chocolat - 4x90g","p":1.62,"u":"4,50 €/KG","img":"https://fd14-photos.leclercdrive.fr/image.ashx?id=2785172&use=l&cat=p&typeid=i","cat":285042},{"id":19920,"n":"Dessert aux fruits Sojasun Morceaux de cerises - 4x100g","p":1.6,"u":"4,00 €/P","img":"https://fd14-photos.leclercdrive.fr/image.ashx?id=2355677&use=l&cat=p&typeid=i","cat":316071},{"id":19935,"n":"Pizza Crousti-moelleuse Marie 4 fromages - 3x390g","p":6.35,"u":"5,43 €/KG","img":"https://fd14-photos.leclercdrive.fr/image.ashx?id=2996803&use=l&cat=p&typeid=i","cat":284256},{"id":19948,"n":"fromage blanc sous mousse gervita fraise melba - 4x100g","p":2.1,"u":"5,25 €/KG","img":"https://fd14-photos.leclercdrive.fr/image.ashx?id=2103400&use=l&cat=p&typeid=i","cat":284409},{"id":19957,"n":"Purée brocolis Notre Jardin Nature 750g","p":1.57,"u":"2,09 €/KG","img":"https://fd14-photos.leclercdrive.fr/image.ashx?id=2856163&use=l&cat=p&typeid=i","cat":319805},{"id":19965,"n":"yaourt aux fruits rouges danone recette crémeuse - 8x125g","p":2.8,"u":"2,80 €/KG","img":"https://fd14-photos.leclercdrive.fr/image.ashx?id=1731503&use=l&cat=p&typeid=i","cat":284410},{"id":19991,"n":"Fromage frais Délisse Fruits panachés - 6x100g","p":2.56,"u":"4,27 €/KG","img":"https://fd14-photos.leclercdrive.fr/image.ashx?id=2913669&use=l&cat=p&typeid=i","cat":284414},{"id":19993,"n":"Crème dessert Délisse Vanille sur lit chocolat 4x125g","p":1.42,"u":"2,84 €/KG","img":"https://fd14-photos.leclercdrive.fr/image.ashx?id=2841950&use=l&cat=p&typeid=i","cat":285041},{"id":20010,"n":"Yaourts lait entier nature Bio  Bio village - 12x125g","p":2.46,"u":"1,64 €/KG","img":"https://fd14-photos.leclercdrive.fr/image.ashx?id=2841962&use=l&cat=p&typeid=i","cat":284409},{"id":20011,"n":"Super glue Power Flex 3g","p":3.4,"img":"https://fd14-photos.leclercdrive.fr/image.ashx?id=2500539&use=l&cat=p&typeid=i","cat":300576},{"id":20012,"n":"Pack confiturier Le Parfait 6 x 385ml","p":7.44,"u":"3,22 €/L","img":"https://fd14-photos.leclercdrive.fr/image.ashx?id=2807486&use=l&cat=p&typeid=i","cat":284710},{"id":20013,"n":"Compote Charles & Alice Pommes Abricots - 4x100g","p":1.4,"u":"3,50 €/KG","img":"https://fd14-photos.leclercdrive.fr/image.ashx?id=2757350&use=l&cat=p&typeid=i","cat":284416},{"id":20015,"n":"Compote Charles & Alice Pommes Pêches - 4x100g","p":1.5,"u":"3,75 €/KG","img":"https://fd14-photos.leclercdrive.fr/image.ashx?id=2757680&use=l&cat=p&typeid=i","cat":284416},{"id":20024,"n":"Camembert J.Gillot noir AOP 45%mg - 250g","p":3.85,"u":"15,40 €/KG","img":"https://fd14-photos.leclercdrive.fr/image.ashx?id=2914504&use=l&cat=p&typeid=i","cat":314033},{"id":20032,"n":"Whisky Jack Daniel's Old N°7 1L","p":28.5,"pp":25.65,"u":"25,65 €/L","img":"https://fd14-photos.leclercdrive.fr/image.ashx?id=2805189&use=l&cat=p&typeid=i","cat":284547},{"id":20038,"n":"Crème aux œufs La Laitière lit de caramel - 4x100g","p":1.8,"u":"4,50 €/KG","img":"https://fd14-photos.leclercdrive.fr/image.ashx?id=2744593&use=l&cat=p&typeid=i","cat":284419},{"id":20043,"n":"Gâteaux de riz La Laitière   Caramel - 4x100g","p":2.45,"u":"6,13 €/KG","img":"https://fd14-photos.leclercdrive.fr/image.ashx?id=2630202&use=l&cat=p&typeid=i","cat":284418},{"id":20050,"n":"Bière belge Duvel 8,5%vol. - 33cl","p":1.75,"u":"5,30 €/L","img":"https://fd14-photos.leclercdrive.fr/image.ashx?id=2389304&use=l&cat=p&typeid=i","cat":334872},{"id":20058,"n":"Madère Cruz 17%vol sous blister 20cl","p":3.0,"u":"15,00 €/L","img":"https://fd14-photos.leclercdrive.fr/image.ashx?id=2484044&use=l&cat=p&typeid=i","cat":284913},{"id":20060,"n":"Biscuits Gouda Delacre Canasta  Fourrés fromage - 75g","p":1.71,"u":"22,80 €/KG","img":"https://fd14-photos.leclercdrive.fr/image.ashx?id=2661841&use=l&cat=p&typeid=i","cat":297000},{"id":20085,"n":"Bière bleue Chimay Brune - 9%vol. - 33cl","p":1.6,"u":"4,85 €/L","img":"https://fd14-photos.leclercdrive.fr/image.ashx?id=1758849&use=l&cat=p&typeid=i","cat":334872},{"id":20086,"n":"Bière brune Chimay Rouge - 7%vol. - 33cl","p":1.5,"u":"4,55 €/L","img":"https://fd14-photos.leclercdrive.fr/image.ashx?id=1758843&use=l&cat=p&typeid=i","cat":334872},{"id":20110,"n":"Jus d'orange Jafaden A base de concentré  - 6x1L","p":10.56,"u":"1,76 €/L","img":"https://fd14-photos.leclercdrive.fr/image.ashx?id=2842486&use=l&cat=p&typeid=i","cat":284521},{"id":20138,"n":"Chips Pom'Lisse Nature - 200g","p":1.19,"u":"5,95 €/KG","img":"https://fd14-photos.leclercdrive.fr/image.ashx?id=2441258&use=l&cat=p&typeid=i","cat":284447},{"id":20146,"n":"Brique de brebis Les Croisés 150g","p":2.45,"u":"16,33 €/KG","img":"https://fd14-photos.leclercdrive.fr/image.ashx?id=2645903&use=l&cat=p&typeid=i","cat":314031},{"id":20175,"n":"Petits pots bébé P'TIT SOUPER  7 légumes 8M+ - 2x200g","p":2.01,"u":"5,03 €/KG","img":"https://fd14-photos.leclercdrive.fr/image.ashx?id=2526508&use=l&cat=p&typeid=i","cat":312239},{"id":20180,"n":"Crème Fraîche Elle&Vire Epaisse Légère - 12% MG - 33cl","p":1.65,"u":"5,00 €/L","img":"https://fd14-photos.leclercdrive.fr/image.ashx?id=2871949&use=l&cat=p&typeid=i","cat":284381},{"id":20210,"n":"Coulommiers Bon Mayennais 45%mg - 350g","p":2.95,"u":"8,43 €/KG","img":"https://fd14-photos.leclercdrive.fr/image.ashx?id=2677945&use=l&cat=p&typeid=i","cat":314033},{"id":20213,"n":"Camembert Cœur de Lion  8 portions - 240g","p":2.7,"u":"11,25 €/KG","img":"https://fd14-photos.leclercdrive.fr/image.ashx?id=2767962&use=l&cat=p&typeid=i","cat":314033},{"id":20217,"n":"Préparation pour crème brûlée Délisse - 2x100g","p":1.45,"u":"7,25 €/KG","img":"https://fd14-photos.leclercdrive.fr/image.ashx?id=3001205&use=l&cat=p&typeid=i","cat":284419},{"id":20220,"n":"Flan Délisse Chocolat - 12x100g","p":3.45,"u":"2,88 €/KG","img":"https://fd14-photos.leclercdrive.fr/image.ashx?id=2362264&use=l&cat=p&typeid=i","cat":284420},{"id":20221,"n":"Mascarpone Casa Azzurra 250g","p":2.4,"u":"9,60 €/KG","img":"https://fd14-photos.leclercdrive.fr/image.ashx?id=2290266&use=l&cat=p&typeid=i","cat":314026},{"id":20222,"n":"Ricotta Casa Azzurra 250g","p":1.4,"u":"5,60 €/KG","img":"https://fd14-photos.leclercdrive.fr/image.ashx?id=1849630&use=l&cat=p&typeid=i","cat":314026},{"id":20223,"n":"Riz au lait Délisse  Nature - 4x115g","p":1.42,"u":"3,09 €/KG","img":"https://fd14-photos.leclercdrive.fr/image.ashx?id=2595104&use=l&cat=p&typeid=i","cat":284418},{"id":20228,"n":"Crème aux oeufs Délisse Lit caramel - 4x100g","p":1.59,"u":"3,98 €/KG","img":"https://fd14-photos.leclercdrive.fr/image.ashx?id=2970616&use=l&cat=p&typeid=i","cat":284419},{"id":20230,"n":"Semoule au lait Délisse Vanille - 8x115g","p":2.16,"u":"2,35 €/KG","img":"https://fd14-photos.leclercdrive.fr/image.ashx?id=2558380&use=l&cat=p&typeid=i","cat":284418},{"id":20239,"n":"Gâteaux fourrés P'tit Déli Chocolat x7 - 189g","p":2.18,"u":"11,53 €/KG","img":"https://fd14-photos.leclercdrive.fr/image.ashx?id=2554517&use=l&cat=p&typeid=i","cat":284495},{"id":20247,"n":"Lait écrémé Bio Village Bio - UHT - Bouteille : 1L","p":1.1,"u":"1,10 €/L","img":"https://fd14-photos.leclercdrive.fr/image.ashx?id=2981915&use=l&cat=p&typeid=i","cat":284949},{"id":20288,"n":"Soufflés Snack's Tokapi Cacahuète - 55g","p":0.39,"u":"7,09 €/KG","img":"https://fd14-photos.leclercdrive.fr/image.ashx?id=1947492&use=l&cat=p&typeid=i","cat":284449},{"id":20291,"n":"Déodorant bille Manava Vanille 50ml","p":0.96,"u":"19,20 €/L","img":"https://fd14-photos.leclercdrive.fr/image.ashx?id=2481213&use=l&cat=p&typeid=i","cat":284595},{"id":20292,"n":"Déodorant bille Manava Anti traces 50ml","p":0.79,"u":"15,80 €/L","img":"https://fd14-photos.leclercdrive.fr/image.ashx?id=2481216&use=l&cat=p&typeid=i","cat":284595},{"id":20294,"n":"Lapin entier Loeul et Piriot Découpé - 1kg","p":17.15,"u":"17,15 €/KG","img":"https://fd14-photos.leclercdrive.fr/image.ashx?id=1745573&use=l&cat=p&typeid=i","cat":284338},{"id":20296,"n":"Râbles de lapin Loeul et Piriot 360g","p":9.9,"u":"27,50 €/KG","img":"https://fd14-photos.leclercdrive.fr/image.ashx?id=1745579&use=l&cat=p&typeid=i","cat":284338},{"id":20300,"n":"Tarte Tomates Chèvre Courgette Côté Table - 400g","p":2.8,"u":"7,00 €/KG","img":"https://fd14-photos.leclercdrive.fr/image.ashx?id=2791767&use=l&cat=p&typeid=i","cat":284257},{"id":20309,"n":"Jambon supérieur Tradilège -25% de sel - Découenné x4-160g","p":2.01,"u":"12,56 €/KG","img":"https://fd14-photos.leclercdrive.fr/image.ashx?id=2991518&use=l&cat=p&typeid=i","cat":316009},{"id":20375,"n":"Saucisson Justin Bridou Bâton de Berger Noisette - 250g","p":4.1,"u":"16,40 €/KG","img":"https://fd14-photos.leclercdrive.fr/image.ashx?id=2948054&use=l&cat=p&typeid=i","cat":316006},{"id":20380,"n":"Jambon cru 6 tranches Aoste sans conservateur - 165g","p":4.6,"u":"27,88 €/KG","img":"https://fd14-photos.leclercdrive.fr/image.ashx?id=2950285&use=l&cat=p&typeid=i","cat":316007},{"id":20408,"n":"Déodorant bille Carré homme Anti traces et transpirant 50ml","p":0.69,"u":"13,80 €/L","img":"https://fd14-photos.leclercdrive.fr/image.ashx?id=2596772&use=l&cat=p&typeid=i","cat":284618},{"id":20414,"n":"Essuie-tout blanc Mimosa Super absorbant - x2","p":2.75,"u":"1,38 €/P","img":"https://fd14-photos.leclercdrive.fr/image.ashx?id=2752619&use=l&cat=p&typeid=i","cat":284635},{"id":20447,"n":"Chips Pom'lisse Nature - 350g","p":1.89,"u":"5,40 €/KG","img":"https://fd14-photos.leclercdrive.fr/image.ashx?id=2498596&use=l&cat=p&typeid=i","cat":284447},{"id":20452,"n":"Paëlla Valenciana Fleury Michon 400g","p":3.35,"u":"8,38 €/KG","img":"https://fd14-photos.leclercdrive.fr/image.ashx?id=2656739&use=l&cat=p&typeid=i","cat":333665},{"id":20455,"n":"Taboulé à la menthe Bonduelle 300g","p":1.4,"u":"4,67 €/KG","img":"https://fd14-photos.leclercdrive.fr/image.ashx?id=2907893&use=l&cat=p&typeid=i","cat":333657},{"id":20465,"n":"Poulet et purée Fleury Michon courgettes et tomates - 300g","p":2.4,"u":"8,00 €/KG","img":"https://fd14-photos.leclercdrive.fr/image.ashx?id=3003284&use=l&cat=p&typeid=i","cat":333665},{"id":20468,"n":"Blanc de poulet Fleury Michon -25% de sel - x2 - 80g","p":1.4,"u":"17,50 €/KG","img":"https://fd14-photos.leclercdrive.fr/image.ashx?id=2885971&use=l&cat=p&typeid=i","cat":316010},{"id":20477,"n":"Sauce à l'oseille Tipiak 300g","p":2.35,"u":"7,83 €/KG","img":"https://fd14-photos.leclercdrive.fr/image.ashx?id=2223704&use=l&cat=p&typeid=i","cat":319786},{"id":20478,"n":"Sauce beurre blanc Tipiak 300g","p":2.5,"u":"8,33 €/KG","img":"https://fd14-photos.leclercdrive.fr/image.ashx?id=2604617&use=l&cat=p&typeid=i","cat":319786},{"id":20480,"n":"Sauce beurre citron Tipiak 300g","p":2.5,"u":"8,33 €/KG","img":"https://fd14-photos.leclercdrive.fr/image.ashx?id=2604614&use=l&cat=p&typeid=i","cat":319786},{"id":20495,"n":"Boisson Jafaden Cranberry Light - 1L","p":1.59,"u":"1,59 €/L","img":"https://fd14-photos.leclercdrive.fr/image.ashx?id=2366286&use=l&cat=p&typeid=i","cat":284915},{"id":20501,"n":"Yaourts aux fruits Délisse Fruits Jaunes - 8x125g","p":2.29,"u":"2,29 €/KG","img":"https://fd14-photos.leclercdrive.fr/image.ashx?id=2533319&use=l&cat=p&typeid=i","cat":284410},{"id":20605,"n":"Compote bio Bio Village Coupelle pomme - 4x100g","p":1.65,"u":"4,13 €/KG","img":"https://fd14-photos.leclercdrive.fr/image.ashx?id=2085275&use=l&cat=p&typeid=i","cat":284508},{"id":20612,"n":"Thon Pêche Océan A la catalane - 2x135g","p":1.87,"u":"6,93 €/KG","img":"https://fd14-photos.leclercdrive.fr/image.ashx?id=2941432&use=l&cat=p&typeid=i","cat":303867},{"id":20634,"n":"Lait céréales Blédidej 6 mois Vanille - 4x250ml","p":3.22,"u":"3,22 €/L","img":"https://fd14-photos.leclercdrive.fr/image.ashx?id=2921046&use=l&cat=p&typeid=i","cat":312226},{"id":20635,"n":"Litière agglomérante Catsan  Pour chat - 5L","p":5.98,"u":"1,20 €/L","img":"https://fd14-photos.leclercdrive.fr/image.ashx?id=2681925&use=l&cat=p&typeid=i","cat":284683},{"id":20653,"n":"Lait démaquillant Inell Peaux normales et mixtes 250ml","p":1.89,"u":"7,56 €/L","img":"https://fd14-photos.leclercdrive.fr/image.ashx?id=2691619&use=l&cat=p&typeid=i","cat":284603},{"id":20684,"n":"Cordon bleu de poulet Eco+ 800g","p":4.08,"u":"5,10 €/KG","img":"https://fd14-photos.leclercdrive.fr/image.ashx?id=2779871&use=l&cat=p&typeid=i","cat":319780},{"id":20685,"n":"Purée 4 légumes Notre Jardin 750g","p":2.24,"u":"2,99 €/KG","img":"https://fd14-photos.leclercdrive.fr/image.ashx?id=2856160&use=l&cat=p&typeid=i","cat":319805},{"id":20692,"n":"Filet de saumon Fleury Michon purée de brocolis - 300g","p":3.8,"u":"12,67 €/KG","img":"https://fd14-photos.leclercdrive.fr/image.ashx?id=3003278&use=l&cat=p&typeid=i","cat":333665},{"id":20696,"n":"Sandwich Club Sodebo Simple&Bon  Jambon Emmental - 145g","p":1.43,"u":"9,86 €/KG","img":"https://fd14-photos.leclercdrive.fr/image.ashx?id=2851497&use=l&cat=p&typeid=i","cat":333658},{"id":20697,"n":"Sandwich Suédois Sodebo Jambon Cheddar 135g","p":1.65,"u":"12,22 €/KG","img":"https://fd14-photos.leclercdrive.fr/image.ashx?id=2912095&use=l&cat=p&typeid=i","cat":333658},{"id":20715,"n":"Betterave rouge Bio  Bio Village - 500g","p":1.25,"u":"2,50 €/KG","img":"https://fd14-photos.leclercdrive.fr/image.ashx?id=2888434&use=l&cat=p&typeid=i","cat":284352},{"id":20717,"n":"Sirop Frucci Cassis - 1L","p":3.11,"u":"3,11 €/L","img":"https://fd14-photos.leclercdrive.fr/image.ashx?id=2955665&use=l&cat=p&typeid=i","cat":295020},{"id":20726,"n":"Yaourts Malo Nature Bio - 4x125g","p":1.65,"u":"3,30 €/KG","img":"https://fd14-photos.leclercdrive.fr/image.ashx?id=2908630&use=l&cat=p&typeid=i","cat":284409},{"id":20727,"n":"Yaourts Malo Vanille Bio - 4x125g","p":2.0,"u":"4,00 €/KG","img":"https://fd14-photos.leclercdrive.fr/image.ashx?id=2908633&use=l&cat=p&typeid=i","cat":286006},{"id":20729,"n":"Yaourt sucré Malo 16x125g","p":3.85,"u":"1,93 €/KG","img":"https://fd14-photos.leclercdrive.fr/image.ashx?id=2684704&use=l&cat=p&typeid=i","cat":284409},{"id":20744,"n":"Philadelphia Nature - 150g","p":1.6,"u":"10,67 €/KG","img":"https://fd14-photos.leclercdrive.fr/image.ashx?id=1586142&use=l&cat=p&typeid=i","cat":314029},{"id":20753,"n":"Mouchoirs The Original Kleenex® Etuis mini x24","p":2.8,"u":"0,12 €/P","img":"https://fd14-photos.leclercdrive.fr/image.ashx?id=2840301&use=l&cat=p&typeid=i","cat":284638},{"id":20758,"n":"Riz cantonais Tables du Monde 900g","p":4.07,"u":"4,52 €/KG","img":"https://fd14-photos.leclercdrive.fr/image.ashx?id=2903953&use=l&cat=p&typeid=i","cat":284254},{"id":20773,"n":"Anneaux d'encornets Pêche Océan 500g","p":6.4,"u":"12,80 €/KG","img":"https://fd14-photos.leclercdrive.fr/image.ashx?id=3012391&use=l&cat=p&typeid=i","cat":319787},{"id":20775,"n":"Carottes râpées Menu Fraîcheur  1kg","p":1.98,"u":"1,98 €/KG","img":"https://fd14-photos.leclercdrive.fr/image.ashx?id=2850814&use=l&cat=p&typeid=i","cat":333657},{"id":20776,"n":"Taboulé Menu Fraîcheur A l'orientale - 1kg","p":2.77,"u":"2,77 €/KG","img":"https://fd14-photos.leclercdrive.fr/image.ashx?id=2846559&use=l&cat=p&typeid=i","cat":333657},{"id":20777,"n":"Piémontaise Menu Fraîcheur  Au jambon - 1kg","p":4.27,"u":"4,27 €/KG","img":"https://fd14-photos.leclercdrive.fr/image.ashx?id=2965488&use=l&cat=p&typeid=i","cat":333657},{"id":20785,"n":"Graisse de canard Montfort 320g","p":3.25,"u":"10,16 €/KG","img":"https://fd14-photos.leclercdrive.fr/image.ashx?id=2896156&use=l&cat=p&typeid=i","cat":316008},{"id":20789,"n":"Déodorant Carré Homme Anti-transpirant 200ml","p":1.36,"u":"6,80 €/L","img":"https://fd14-photos.leclercdrive.fr/image.ashx?id=2610693&use=l&cat=p&typeid=i","cat":284618},{"id":20819,"n":"Café moulu Coïc Matin breton - 250g","p":4.45,"pp":4.05,"u":"16,20 €/KG","img":"https://fd14-photos.leclercdrive.fr/image.ashx?id=2768198&use=l&cat=p&typeid=i","cat":284750},{"id":20820,"n":"Café Coïc Couleurs de Bretagne moulu 250g","p":4.45,"pp":4.05,"u":"16,20 €/KG","img":"https://fd14-photos.leclercdrive.fr/image.ashx?id=2471226&use=l&cat=p&typeid=i","cat":284750},{"id":20821,"n":"Café moulu Coïc Escale bretonne - 250g","p":4.45,"pp":4.05,"u":"16,20 €/KG","img":"https://fd14-photos.leclercdrive.fr/image.ashx?id=2471229&use=l&cat=p&typeid=i","cat":284750},{"id":20829,"n":"AOP Cabernet d'Anjou rosé Domaine des Forges - 75cl","p":3.7,"u":"4,93 €/L","img":"https://fd14-photos.leclercdrive.fr/image.ashx?id=2180115&use=l&cat=p&typeid=i","cat":289558},{"id":20834,"n":"AOP Saumur Champigny rouge Charles de Villeneuve - 75cl","p":5.2,"pp":3.9,"u":"5,20 €/L","img":"https://fd14-photos.leclercdrive.fr/image.ashx?id=2859275&use=l&cat=p&typeid=i","cat":289556},{"id":20838,"n":"Fromage frais Malo Panaché de fruits - 8x100g","p":2.95,"pp":2.06,"u":"2,58 €/KG","img":"https://fd14-photos.leclercdrive.fr/image.ashx?id=2459270&use=l&cat=p&typeid=i","cat":284410},{"id":20840,"n":"Yaourts Mamie Nova Panaché de fruits - 6x150g","p":3.4,"u":"3,78 €/KG","img":"https://fd14-photos.leclercdrive.fr/image.ashx?id=2886954&use=l&cat=p&typeid=i","cat":284410},{"id":20858,"n":"Saucisses de Toulouse Férial x4 - 500g","p":4.16,"u":"8,32 €/KG","img":"https://fd14-photos.leclercdrive.fr/image.ashx?id=3004669&use=l&cat=p&typeid=i","cat":284334},{"id":20862,"n":"Sauce Provençale Turini 190g","p":0.58,"u":"3,05 €/KG","img":"https://fd14-photos.leclercdrive.fr/image.ashx?id=2386152&use=l&cat=p&typeid=i","cat":287599},{"id":20880,"n":"Le Parmentier de saumon Maison Briau - 750g","p":8.95,"u":"11,93 €/KG","img":"https://fd14-photos.leclercdrive.fr/image.ashx?id=2850605&use=l&cat=p&typeid=i","cat":333666},{"id":20881,"n":"La Brandade de morue  Maison Briau - 750g","p":6.95,"u":"9,27 €/KG","img":"https://fd14-photos.leclercdrive.fr/image.ashx?id=2850602&use=l&cat=p&typeid=i","cat":285094},{"id":20986,"n":"Sauce Napolitaine Turini 190g","p":0.85,"u":"4,47 €/KG","img":"https://fd14-photos.leclercdrive.fr/image.ashx?id=2552430&use=l&cat=p&typeid=i","cat":287599},{"id":21017,"n":"Poisson Pané Findus  Colin d'Alaska - x10 - 510g","p":3.9,"u":"7,65 €/KG","img":"https://fd14-photos.leclercdrive.fr/image.ashx?id=2735332&use=l&cat=p&typeid=i","cat":319788},{"id":21221,"n":"Déodorant bille Nivea  Pearl & Beauty - 50ml","p":2.1,"u":"42,00 €/L","img":"https://fd14-photos.leclercdrive.fr/image.ashx?id=2871061&use=l&cat=p&typeid=i","cat":284595},{"id":21223,"n":"Déodorant Bille Homme Nivea Men Cool Kick 48H - 50ml","p":2.15,"u":"43,00 €/L","img":"https://fd14-photos.leclercdrive.fr/image.ashx?id=2945727&use=l&cat=p&typeid=i","cat":284618},{"id":21373,"n":"Jambon fumé grill Petitgas À poêler 3 tranches 300g","p":4.95,"u":"16,50 €/KG","img":"https://fd14-photos.leclercdrive.fr/image.ashx?id=1730010&use=l&cat=p&typeid=i","cat":316009},{"id":21485,"n":"Eau gazeuse La Pétillante Naturelle - 6x1L","p":2.34,"u":"0,39 €/L","img":"https://fd14-photos.leclercdrive.fr/image.ashx?id=2452966&use=l&cat=p&typeid=i","cat":284536},{"id":21572,"n":"Baguette La Boulangère Viennoise fendue 340g","p":1.4,"u":"4,12 €/KG","img":"https://fd14-photos.leclercdrive.fr/image.ashx?id=2912392&use=l&cat=p&typeid=i","cat":284985},{"id":21573,"n":"Bonbons LUTTI Arlequin Original 250g","p":1.4,"u":"5,60 €/KG","img":"https://fd14-photos.leclercdrive.fr/image.ashx?id=2817422&use=l&cat=p&typeid=i","cat":304252},{"id":21592,"n":"Filets de cabillaud Findus MSC - x10 - 510g","p":7.15,"u":"14,02 €/KG","img":"https://fd14-photos.leclercdrive.fr/image.ashx?id=2735329&use=l&cat=p&typeid=i","cat":319788},{"id":21606,"n":"Cornichons Maille extra fins 380g","p":3.15,"u":"8,29 €/KG","img":"https://fd14-photos.leclercdrive.fr/image.ashx?id=2945826&use=l&cat=p&typeid=i","cat":284458},{"id":21609,"n":"Cornichons Extra-Fins MAILLE 220g","p":2.28,"u":"10,36 €/KG","img":"https://fd14-photos.leclercdrive.fr/image.ashx?id=2945823&use=l&cat=p&typeid=i","cat":284458},{"id":21610,"n":"Lotion fraîcheur Inell Tonique - 250ml","p":1.29,"u":"5,16 €/L","img":"https://fd14-photos.leclercdrive.fr/image.ashx?id=2694172&use=l&cat=p&typeid=i","cat":284603},{"id":21611,"n":"Lotion douceur Inell Tonique - 250ml","p":1.29,"u":"5,16 €/L","img":"https://fd14-photos.leclercdrive.fr/image.ashx?id=2707561&use=l&cat=p&typeid=i","cat":284603},{"id":21612,"n":"Liquide vaisselle Eco+ Citron 1L","p":0.66,"u":"0,66 €/L","img":"https://fd14-photos.leclercdrive.fr/image.ashx?id=2874368&use=l&cat=p&typeid=i","cat":284655},{"id":21642,"n":"Brioche tressée La Boulangère 800g","p":4.9,"u":"6,13 €/KG","img":"https://fd14-photos.leclercdrive.fr/image.ashx?id=2926401&use=l&cat=p&typeid=i","cat":284478},{"id":21655,"n":"Boîtes chiens Lydog Mitonnées Agneau poulet veau - 3x410g","p":3.9,"u":"3,17 €/KG","img":"https://fd14-photos.leclercdrive.fr/image.ashx?id=2710488&use=l&cat=p&typeid=i","cat":288578},{"id":21662,"n":"Boîte chiens Lydog Bouchées Poulet légumes - 1,2kg","p":2.02,"u":"1,68 €/KG","img":"https://fd14-photos.leclercdrive.fr/image.ashx?id=2042984&use=l&cat=p&typeid=i","cat":288578},{"id":21663,"n":"Bouchées au poulet foie et  aux carottes Lydog - 1.23kg","p":2.39,"u":"1,94 €/KG","img":"https://fd14-photos.leclercdrive.fr/image.ashx?id=2691225&use=l&cat=p&typeid=i","cat":288578},{"id":21676,"n":"Bûche de chèvre Ste Maure Sélection Soignon - 200g","p":2.75,"u":"13,75 €/KG","img":"https://fd14-photos.leclercdrive.fr/image.ashx?id=2799925&use=l&cat=p&typeid=i","cat":314031},{"id":21678,"n":"AOP Munster Ermitage 50%mg - 200g","p":2.9,"u":"14,50 €/KG","img":"https://fd14-photos.leclercdrive.fr/image.ashx?id=2311279&use=l&cat=p&typeid=i","cat":329558},{"id":21686,"n":"Saucisson sec Saint Azay Spécialité 200g","p":2.99,"u":"14,95 €/KG","img":"https://fd14-photos.leclercdrive.fr/image.ashx?id=2970613&use=l&cat=p&typeid=i","cat":316006},{"id":21687,"n":"Fromage Cheddar Burger Les Croisés 10 Tranches - 200g","p":1.25,"u":"6,25 €/KG","img":"https://fd14-photos.leclercdrive.fr/image.ashx?id=2946835&use=l&cat=p&typeid=i","cat":314028},{"id":21688,"n":"Fromage Emmental Croque Les Croisés 10 Tranches - 200g","p":1.19,"u":"5,95 €/KG","img":"https://fd14-photos.leclercdrive.fr/image.ashx?id=2893316&use=l&cat=p&typeid=i","cat":314028},{"id":21696,"n":"Fromage Gruyère NRT IGP 250g","p":3.95,"u":"15,80 €/KG","img":"https://fd14-photos.leclercdrive.fr/image.ashx?id=2466229&use=l&cat=p&typeid=i","cat":314034},{"id":21699,"n":"Crème fraîche Eco  Epaisse - 30% MG - 50cl","p":1.89,"u":"3,78 €/L","img":"https://fd14-photos.leclercdrive.fr/image.ashx?id=2981445&use=l&cat=p&typeid=i","cat":284381},{"id":21703,"n":"Fromage frais Eco+ Nature 20%MG - 1kg","p":1.79,"u":"1,79 €/KG","img":"https://fd14-photos.leclercdrive.fr/image.ashx?id=2699919&use=l&cat=p&typeid=i","cat":284409},{"id":21772,"n":"Calissons d'Aix le Roy René 500g","p":12.25,"u":"24,50 €/KG","img":"https://fd14-photos.leclercdrive.fr/image.ashx?id=2395372&use=l&cat=p&typeid=i","cat":327606},{"id":21877,"n":"Purée surgelée Pom'lisse Pommes de terre 750g","p":1.85,"u":"2,47 €/KG","img":"https://fd14-photos.leclercdrive.fr/image.ashx?id=2759777&use=l&cat=p&typeid=i","cat":319793},{"id":21878,"n":"Jambon cru Aoste Grandes tranches - 55g","p":2.1,"u":"38,18 €/KG","img":"https://fd14-photos.leclercdrive.fr/image.ashx?id=2555610&use=l&cat=p&typeid=i","cat":316007},{"id":22040,"n":"Mini bûches glacées Eskiss Assortiment chocolat x6 - 310g","p":2.29,"u":"7,39 €/KG","img":"https://fd14-photos.leclercdrive.fr/image.ashx?id=2221944&use=l&cat=p&typeid=i","cat":284266},{"id":22087,"n":"Sucettes Chupa Chups Mini Assortiment x30 180g","p":2.29,"u":"12,72 €/KG","img":"https://fd14-photos.leclercdrive.fr/image.ashx?id=2647606&use=l&cat=p&typeid=i","cat":304250},{"id":22115,"n":"Cidre brut Les Goelleries Bretagne 4.5%vol. - 1,5L","p":1.87,"u":"1,25 €/L","img":"https://fd14-photos.leclercdrive.fr/image.ashx?id=2842274&use=l&cat=p&typeid=i","cat":334880},{"id":22116,"n":"Pain de mie complet Epi d'Or Grandes tranches - 550g","p":1.22,"u":"2,22 €/KG","img":"https://fd14-photos.leclercdrive.fr/image.ashx?id=2861292&use=l&cat=p&typeid=i","cat":284477},{"id":22117,"n":"Pain de mie complet Epi d'Or Grandes tranches - 825g","p":1.78,"u":"2,16 €/KG","img":"https://fd14-photos.leclercdrive.fr/image.ashx?id=2331502&use=l&cat=p&typeid=i","cat":284477},{"id":22140,"n":"Crème anglaise Délisse 3x20cl","p":2.65,"u":"4,42 €/L","img":"https://fd14-photos.leclercdrive.fr/image.ashx?id=3002590&use=l&cat=p&typeid=i","cat":284382},{"id":22206,"n":"Blanc de poulet Tradilège Tranché en sel réduit x2 80g","p":1.22,"u":"15,25 €/KG","img":"https://fd14-photos.leclercdrive.fr/image.ashx?id=2979583&use=l&cat=p&typeid=i","cat":316010},{"id":22207,"n":"Blanc de Poulet Tradilège -25% de sel - 4 Tranches - 160g","p":1.89,"u":"11,81 €/KG","img":"https://fd14-photos.leclercdrive.fr/image.ashx?id=2974969&use=l&cat=p&typeid=i","cat":316010},{"id":22208,"n":"Lait écrémé Bio Bio Village UHT - Bouteille : 6x1L","p":6.6,"u":"1,10 €/L","img":"https://fd14-photos.leclercdrive.fr/image.ashx?id=2970012&use=l&cat=p&typeid=i","cat":284949},{"id":22209,"n":"Lait entier UHT Bio Bio village Bouteille - 6x1L","p":8.4,"u":"1,40 €/L","img":"https://fd14-photos.leclercdrive.fr/image.ashx?id=2970021&use=l&cat=p&typeid=i","cat":285610},{"id":22212,"n":"Vin de l'Union Européenne rouge Vieux Papes - BIB 5L","p":11.75,"u":"2,35 €/L","img":"https://fd14-photos.leclercdrive.fr/image.ashx?id=2136139&use=l&cat=p&typeid=i","cat":289556},{"id":22229,"n":"Terrines chats Tous mes ami Foie volaille - 800g","p":1.9,"u":"2,38 €/KG","img":"https://fd14-photos.leclercdrive.fr/image.ashx?id=2294656&use=l&cat=p&typeid=i","cat":285601},{"id":22234,"n":"Crêpes Crêperie de Guerledan x6 Fraîches au lait de ferme 300g","p":3.65,"u":"12,17 €/KG","img":"https://fd14-photos.leclercdrive.fr/image.ashx?id=2044687&use=l&cat=p&typeid=i","cat":284494},{"id":22235,"n":"Crêpe de froment Crêperie Robin Grandes x12 - 400g","p":3.75,"u":"9,38 €/KG","img":"https://fd14-photos.leclercdrive.fr/image.ashx?id=1626401&use=l&cat=p&typeid=i","cat":284494},{"id":22248,"n":"Sandwich Baguette Mega Viennois  Sodebo Jambon Œuf - 270g","p":2.1,"u":"7,78 €/KG","img":"https://fd14-photos.leclercdrive.fr/image.ashx?id=2689850&use=l&cat=p&typeid=i","cat":333658},{"id":22249,"n":"Sandwich Baguette Mega Viennois  Sodebo Thon Oeuf - 270g","p":1.9,"u":"7,04 €/KG","img":"https://fd14-photos.leclercdrive.fr/image.ashx?id=2694596&use=l&cat=p&typeid=i","cat":333658},{"id":22349,"n":"Moule à manqué Homeside Revêtement antiadhésif - 26cm","p":5.99,"img":"https://fd14-photos.leclercdrive.fr/image.ashx?id=2856724&use=l&cat=p&typeid=i","cat":298490},{"id":22373,"n":"Carré pour la vaisselle Mamison x5","p":1.35,"img":"https://fd14-photos.leclercdrive.fr/image.ashx?id=2622010&use=l&cat=p&typeid=i","cat":284667},{"id":22374,"n":"Chiffons secs Clair Dépouissiérants x20","p":1.97,"img":"https://fd14-photos.leclercdrive.fr/image.ashx?id=1237966&use=l&cat=p&typeid=i","cat":325364},{"id":22388,"n":"IGP Ile de Beauté vin rosé Terres Ocrées 11.5%vol - BIB 3L","p":12.99,"u":"4,33 €/L","img":"https://fd14-photos.leclercdrive.fr/image.ashx?id=2412022&use=l&cat=p&typeid=i","cat":289560},{"id":22389,"n":"AOC Touraine Sauvignon vin  blanc Les Caractères - BIB 3L","p":14.99,"u":"5,00 €/L","img":"https://fd14-photos.leclercdrive.fr/image.ashx?id=2927851&use=l&cat=p&typeid=i","cat":289560},{"id":22477,"n":"Pignons de pin Couleurs Vives 125g","p":5.99,"u":"47,92 €/KG","img":"https://fd14-photos.leclercdrive.fr/image.ashx?id=2617201&use=l&cat=p&typeid=i","cat":284357},{"id":22487,"n":"IGP Pays d'Oc rosé Roche Mazet Grenache Cinsault - BIB 3L","p":10.3,"u":"3,43 €/L","img":"https://fd14-photos.leclercdrive.fr/image.ashx?id=2597118&use=l&cat=p&typeid=i","cat":289560},{"id":22488,"n":"IGP Pays d'Oc rouge Roche Mazet Cabernet Sauvignon 12.5% BIB 3L","p":10.25,"u":"3,42 €/L","img":"https://fd14-photos.leclercdrive.fr/image.ashx?id=2597121&use=l&cat=p&typeid=i","cat":289560},{"id":22489,"n":"IGP Pays d'oc blancRoche Mazet Sauvignon - BIB 3L","p":10.5,"u":"3,50 €/L","img":"https://fd14-photos.leclercdrive.fr/image.ashx?id=2597124&use=l&cat=p&typeid=i","cat":289557},{"id":22506,"n":"Yaourts aromatisés Délisse 4 saveurs - 8x125g","p":2.79,"u":"2,79 €/KG","img":"https://fd14-photos.leclercdrive.fr/image.ashx?id=2758713&use=l&cat=p&typeid=i","cat":286006},{"id":22515,"n":"Boisson énergisante X-tense Canette - 6x25cl","p":2.34,"u":"1,56 €/L","img":"https://fd14-photos.leclercdrive.fr/image.ashx?id=2956062&use=l&cat=p&typeid=i","cat":284533},{"id":22516,"n":"Rhum blanc Charrette 49%vol. - 1.5L","p":22.8,"u":"15,20 €/L","img":"https://fd14-photos.leclercdrive.fr/image.ashx?id=1946420&use=l&cat=p&typeid=i","cat":284550},{"id":22565,"n":"Yaourt Malo Vanille lait entier 4x125g","p":2.05,"u":"4,10 €/KG","img":"https://fd14-photos.leclercdrive.fr/image.ashx?id=2908021&use=l&cat=p&typeid=i","cat":286006},{"id":22566,"n":"Yaourts Malo Nature - 4x125g","p":1.55,"u":"3,10 €/KG","img":"https://fd14-photos.leclercdrive.fr/image.ashx?id=2908018&use=l&cat=p&typeid=i","cat":284409},{"id":22572,"n":"Fromage frais Malo 7%MG Aux Fruits - 4x100g","p":1.75,"u":"4,38 €/KG","img":"https://fd14-photos.leclercdrive.fr/image.ashx?id=2504755&use=l&cat=p&typeid=i","cat":284410},{"id":22576,"n":"Yaourt aux fruits Malo Pêche Abricot - 4x125g","p":2.25,"u":"4,50 €/KG","img":"https://fd14-photos.leclercdrive.fr/image.ashx?id=2892655&use=l&cat=p&typeid=i","cat":284410},{"id":22577,"n":"Yaourt aux fruits Malo Fraise Framboise - 4x125g","p":2.25,"u":"4,50 €/KG","img":"https://fd14-photos.leclercdrive.fr/image.ashx?id=2892652&use=l&cat=p&typeid=i","cat":284410},{"id":22653,"n":"Crème entière fluide UHT Bio Bio Village 30% MG - 25cl","p":1.8,"u":"7,20 €/L","img":"https://fd14-photos.leclercdrive.fr/image.ashx?id=2801795&use=l&cat=p&typeid=i","cat":284381},{"id":22654,"n":"Fromage St Nectaire NRT AOP  600g","p":8.56,"u":"14,27 €/KG","img":"https://fd14-photos.leclercdrive.fr/image.ashx?id=2550854&use=l&cat=p&typeid=i","cat":329184},{"id":22659,"n":"Cancoillotte nature NRT IGP 250g","p":1.99,"u":"7,96 €/KG","img":"https://fd14-photos.leclercdrive.fr/image.ashx?id=2663845&use=l&cat=p&typeid=i","cat":314037},{"id":22660,"n":"Cancoillotte à l'ail NRT IGP 250g","p":1.99,"u":"7,96 €/KG","img":"https://fd14-photos.leclercdrive.fr/image.ashx?id=2663848&use=l&cat=p&typeid=i","cat":314037},{"id":22663,"n":"Taboulé Bonduelle A la menthe - 500g","p":2.25,"u":"4,50 €/KG","img":"https://fd14-photos.leclercdrive.fr/image.ashx?id=2902657&use=l&cat=p&typeid=i","cat":333657},{"id":22700,"n":"Gâteau de semoule Yabon Nappage chocolat - 4x125g","p":2.81,"u":"5,62 €/KG","img":"https://fd14-photos.leclercdrive.fr/image.ashx?id=2642675&use=l&cat=p&typeid=i","cat":284506},{"id":22754,"n":"Bière blonde Leffe 6,6% - format promo 24x25cl","p":13.95,"u":"2,33 €/L","img":"https://fd14-photos.leclercdrive.fr/image.ashx?id=2111076&use=l&cat=p&typeid=i","cat":334852},{"id":22776,"n":"Plateau charcuterie Petitgas 4 saisons, assortiment - 300g","p":5.29,"u":"17,63 €/KG","img":"https://fd14-photos.leclercdrive.fr/image.ashx?id=2589338&use=l&cat=p&typeid=i","cat":316007},{"id":22786,"n":"Desserts lactés Délisse Chocolat caramel - 6x60g","p":1.36,"u":"3,78 €/KG","img":"https://fd14-photos.leclercdrive.fr/image.ashx?id=2968622&use=l&cat=p&typeid=i","cat":285041},{"id":22799,"n":"Mayonnaise Lesieur 710g","p":3.15,"u":"4,44 €/KG","img":"https://fd14-photos.leclercdrive.fr/image.ashx?id=2917693&use=l&cat=p&typeid=i","cat":298295},{"id":22803,"n":"Brioche tranchée Epi d'Or Nature - 700g","p":2.22,"u":"3,17 €/KG","img":"https://fd14-photos.leclercdrive.fr/image.ashx?id=2860733&use=l&cat=p&typeid=i","cat":284478},{"id":22804,"n":"Boisson végétale Bio Village Soja nature bio - 1l","p":0.88,"u":"0,88 €/L","img":"https://fd14-photos.leclercdrive.fr/image.ashx?id=2372350&use=l&cat=p&typeid=i","cat":316067},{"id":22887,"n":"Beurre Bio Grand Fermage Doux - 82% MG - 250g","p":2.97,"u":"11,88 €/KG","img":"https://fd14-photos.leclercdrive.fr/image.ashx?id=2951842&use=l&cat=p&typeid=i","cat":284379},{"id":22893,"n":"Cidre doux Les Goelleries 2%vol. - 1,5L","p":2.09,"u":"1,39 €/L","img":"https://fd14-photos.leclercdrive.fr/image.ashx?id=2842280&use=l&cat=p&typeid=i","cat":334880},{"id":22894,"n":"Nettoyant spray Clair Ultra dégraissant - 750ml","p":1.18,"u":"1,57 €/L","img":"https://fd14-photos.leclercdrive.fr/image.ashx?id=2840386&use=l&cat=p&typeid=i","cat":325357},{"id":22895,"n":"Nettoyant spray Clair javel Salle de bains 750ml","p":1.45,"u":"1,93 €/L","img":"https://fd14-photos.leclercdrive.fr/image.ashx?id=2840473&use=l&cat=p&typeid=i","cat":325357},{"id":22900,"n":"Eau de Cologne Belles Saisons Lavande 250ml","p":1.69,"u":"6,76 €/L","img":"https://fd14-photos.leclercdrive.fr/image.ashx?id=2851655&use=l&cat=p&typeid=i","cat":291525},{"id":22902,"n":"Savon de Marseille Epsil Textiles délicats 400g","p":1.72,"u":"4,30 €/KG","img":"https://fd14-photos.leclercdrive.fr/image.ashx?id=2034938&use=l&cat=p&typeid=i","cat":284651},{"id":22906,"n":"Gel à raser Carré Homme Sensitive - 75ml","p":1.13,"u":"15,07 €/L","img":"https://fd14-photos.leclercdrive.fr/image.ashx?id=2762952&use=l&cat=p&typeid=i","cat":284617},{"id":22913,"n":"Gel désinfectant mains Primoplast - 75ml","p":0.96,"u":"12,80 €/L","img":"https://fd14-photos.leclercdrive.fr/image.ashx?id=2856489&use=l&cat=p&typeid=i","cat":284630},{"id":22960,"n":"Gants de ménage Mamison Taille M 1 paire","p":1.01,"img":"https://fd14-photos.leclercdrive.fr/image.ashx?id=2635679&use=l&cat=p&typeid=i","cat":284668},{"id":22963,"n":"Gants Mamison ultra résistant Taille M 1 paire","p":1.64,"img":"https://fd14-photos.leclercdrive.fr/image.ashx?id=676218&use=l&cat=p&typeid=i","cat":284668},{"id":22967,"n":"Tampon à récurer Mamison Surfaces fragiles xs","p":1.32,"u":"0,66 €/P","img":"https://fd14-photos.leclercdrive.fr/image.ashx?id=2669699&use=l&cat=p&typeid=i","cat":284667},{"id":22968,"n":"Eponges grattantes Mamison Surfaces délicates x2","p":1.49,"u":"0,75 €/P","img":"https://fd14-photos.leclercdrive.fr/image.ashx?id=2202392&use=l&cat=p&typeid=i","cat":284667},{"id":22969,"n":"Lavette Mamison multi-usages Microfibre plusieurs coloris x2","p":0.84,"u":"0,42 €/P","img":"https://fd14-photos.leclercdrive.fr/image.ashx?id=2595095&use=l&cat=p&typeid=i","cat":284667},{"id":22975,"n":"Crème visage hydrante  Inell Peau normale - 50ml","p":1.96,"u":"39,20 €/L","img":"https://fd14-photos.leclercdrive.fr/image.ashx?id=2691634&use=l&cat=p&typeid=i","cat":325345},{"id":22976,"n":"Crème visage nourrissante Inell Peau sèche - 50ml","p":1.96,"u":"39,20 €/L","img":"https://fd14-photos.leclercdrive.fr/image.ashx?id=2771124&use=l&cat=p&typeid=i","cat":325345},{"id":22979,"n":"Gel nettoyant Inell visage Purifiant px norm. mixtes 150ml","p":2.58,"u":"17,20 €/L","img":"https://fd14-photos.leclercdrive.fr/image.ashx?id=1961443&use=l&cat=p&typeid=i","cat":284603},{"id":22981,"n":"Eau de Cologne Belles Saisons Fraîcheur 250ml","p":1.69,"u":"6,76 €/L","img":"https://fd14-photos.leclercdrive.fr/image.ashx?id=2949179&use=l&cat=p&typeid=i","cat":291525},{"id":22996,"n":"Nettoyant détachant Clair Tapis moquettes 600ml","p":2.16,"u":"3,60 €/L","img":"https://fd14-photos.leclercdrive.fr/image.ashx?id=2242721&use=l&cat=p&typeid=i","cat":284907},{"id":23012,"n":"Huile d'Argan Floressance Pure Argan Bio - 50ml","p":7.95,"u":"159,00 €/L","img":"https://fd14-photos.leclercdrive.fr/image.ashx?id=2990688&use=l&cat=p&typeid=i","cat":325349},{"id":23040,"n":"Café moulu Méo L'original Bio - 500g","p":8.27,"u":"16,54 €/KG","img":"https://fd14-photos.leclercdrive.fr/image.ashx?id=2571287&use=l&cat=p&typeid=i","cat":284750},{"id":23122,"n":"Fromage enfant Ficello Emmental à effilocher x4 - 84g","p":1.8,"u":"21,43 €/KG","img":"https://fd14-photos.leclercdrive.fr/image.ashx?id=2409553&use=l&cat=p&typeid=i","cat":314030},{"id":23123,"n":"Fromage enfant Ficello Nature à effilocher x4 -84g","p":1.8,"u":"21,43 €/KG","img":"https://fd14-photos.leclercdrive.fr/image.ashx?id=2375373&use=l&cat=p&typeid=i","cat":314030},{"id":23132,"n":"Pâte feuilletée Tablier Blanc Epaisse - 280g","p":1.55,"u":"5,54 €/KG","img":"https://fd14-photos.leclercdrive.fr/image.ashx?id=2635910&use=l&cat=p&typeid=i","cat":333681},{"id":23133,"n":"Pâte brisée Tablier Blanc Epaisse - 280g","p":1.65,"u":"5,89 €/KG","img":"https://fd14-photos.leclercdrive.fr/image.ashx?id=2635913&use=l&cat=p&typeid=i","cat":333681},{"id":23149,"n":"Bière Grimbergen Brassin De Noël 6.5%vol. - 12x25cl","p":9.49,"pp":7.12,"u":"2,37 €/L","img":"https://fd14-photos.leclercdrive.fr/image.ashx?id=2877715&use=l&cat=p&typeid=i","cat":334852},{"id":23169,"n":"Papier toilette Mimosa Blanc - Ultra Moelleux - x6","p":3.29,"u":"0,55 €/P","img":"https://fd14-photos.leclercdrive.fr/image.ashx?id=2780674&use=l&cat=p&typeid=i","cat":284634},{"id":23179,"n":"Pur jus 7 fruits Bio Village Bio - 1L","p":4.16,"u":"4,16 €/L","img":"https://fd14-photos.leclercdrive.fr/image.ashx?id=2520047&use=l&cat=p&typeid=i","cat":284917},{"id":23180,"n":"Rasoirs jetables Carré Homme 3 lames - x4","p":2.55,"img":"https://fd14-photos.leclercdrive.fr/image.ashx?id=2704666&use=l&cat=p&typeid=i","cat":284616},{"id":23181,"n":"Lames de rasoir Carré Homme 5 lames - x4","p":4.99,"img":"https://fd14-photos.leclercdrive.fr/image.ashx?id=2704663&use=l&cat=p&typeid=i","cat":284616},{"id":23182,"n":"Rasoirs jetables Siliss 3 lames - x4","p":1.99,"u":"0,50 €/P","img":"https://fd14-photos.leclercdrive.fr/image.ashx?id=2992525&use=l&cat=p&typeid=i","cat":325352},{"id":23188,"n":"Tomato Ketchup Heinz - 250g","p":1.07,"u":"4,28 €/KG","img":"https://fd14-photos.leclercdrive.fr/image.ashx?id=2943801&use=l&cat=p&typeid=i","cat":284455},{"id":23190,"n":"Mayonnaise AMORA Recette Fouettée - 398g","p":2.93,"u":"7,36 €/KG","img":"https://fd14-photos.leclercdrive.fr/image.ashx?id=2598684&use=l&cat=p&typeid=i","cat":298295},{"id":23212,"n":"Compote Douceur du Verger Coupelle pomme framboise-4x100g","p":1.63,"u":"4,08 €/KG","img":"https://fd14-photos.leclercdrive.fr/image.ashx?id=2663494&use=l&cat=p&typeid=i","cat":284508},{"id":23215,"n":"Biscuits Cookies P'tit Déli Chocolat raisin cranberrie 200g","p":1.44,"u":"7,20 €/KG","img":"https://fd14-photos.leclercdrive.fr/image.ashx?id=1076898&use=l&cat=p&typeid=i","cat":325066},{"id":23216,"n":"Sauce Hollandaise Rustica 32g","p":0.64,"u":"20,00 €/KG","img":"https://fd14-photos.leclercdrive.fr/image.ashx?id=2188832&use=l&cat=p&typeid=i","cat":288381},{"id":23219,"n":"Sauce Pesto Turini Basilic - 185g","p":1.3,"u":"7,03 €/KG","img":"https://fd14-photos.leclercdrive.fr/image.ashx?id=2546248&use=l&cat=p&typeid=i","cat":287599},{"id":23221,"n":"Sauce Tomates Turini Basilic - 420g","p":1.15,"u":"2,74 €/KG","img":"https://fd14-photos.leclercdrive.fr/image.ashx?id=2487458&use=l&cat=p&typeid=i","cat":287599},{"id":23225,"n":"Compote bio Bio Village Coupelle pomme fraise - 4x100g","p":2.33,"u":"5,83 €/KG","img":"https://fd14-photos.leclercdrive.fr/image.ashx?id=2475179&use=l&cat=p&typeid=i","cat":284508},{"id":23235,"n":"Papillotes Préparation Maggi Côtes de porc au barbecue - 18g","p":0.74,"u":"41,11 €/KG","img":"https://fd14-photos.leclercdrive.fr/image.ashx?id=2953971&use=l&cat=p&typeid=i","cat":288380},{"id":23244,"n":"Désodorisant frigo Bien Air Sans parfum 40g","p":1.83,"u":"45,75 €/KG","img":"https://fd14-photos.leclercdrive.fr/image.ashx?id=2287737&use=l&cat=p&typeid=i","cat":311628},{"id":23248,"n":"Tampons Doulys Compact Mini - x20","p":2.86,"u":"0,14 €/P","img":"https://fd14-photos.leclercdrive.fr/image.ashx?id=2965497&use=l&cat=p&typeid=i","cat":284626},{"id":23249,"n":"Savon de Marseille Epsil Textiles délicats 4x200g","p":1.86,"u":"2,33 €/KG","img":"https://fd14-photos.leclercdrive.fr/image.ashx?id=2379591&use=l&cat=p&typeid=i","cat":284651},{"id":23252,"n":"Cubes allume-feu Silex Sans odeur 100% naturel x40","p":1.54,"u":"0,04 €/P","img":"https://fd14-photos.leclercdrive.fr/image.ashx?id=2931772&use=l&cat=p&typeid=i","cat":300578},{"id":23254,"n":"Baume après-rasage Carré Homme Apaisant px sensibles 100ml","p":2.58,"u":"25,80 €/L","img":"https://fd14-photos.leclercdrive.fr/image.ashx?id=2854237&use=l&cat=p&typeid=i","cat":288147},{"id":23255,"n":"Déodorant Carré Homme Vétiver longue durée 200ml","p":1.26,"u":"6,30 €/L","img":"https://fd14-photos.leclercdrive.fr/image.ashx?id=2375992&use=l&cat=p&typeid=i","cat":284618},{"id":23268,"n":"Vin mousseux de France rosé  Muscador Doux 11.5%vol. - 75cl","p":2.55,"u":"3,40 €/L","img":"https://fd14-photos.leclercdrive.fr/image.ashx?id=2157055&use=l&cat=p&typeid=i","cat":284544},{"id":23271,"n":"Vin mousseux de France blanc Muscador doux 11.5% Vol 75cl","p":2.55,"u":"3,40 €/L","img":"https://fd14-photos.leclercdrive.fr/image.ashx?id=2157052&use=l&cat=p&typeid=i","cat":284544},{"id":23304,"n":"Feuilletés paniers Côté Table Saumon - 4x100g","p":4.35,"u":"10,88 €/KG","img":"https://fd14-photos.leclercdrive.fr/image.ashx?id=2549400&use=l&cat=p&typeid=i","cat":319776},{"id":23336,"n":"Soufflés Grignot' Tokapi Bacon - 90g","p":0.89,"u":"9,89 €/KG","img":"https://fd14-photos.leclercdrive.fr/image.ashx?id=2059480&use=l&cat=p&typeid=i","cat":284449},{"id":23363,"n":"Lait bébé poudre Nidal Nestlé 1er âge - 0-6 mois - 800g","p":12.55,"u":"15,69 €/KG","img":"https://fd14-photos.leclercdrive.fr/image.ashx?id=2811638&use=l&cat=p&typeid=i","cat":284726},{"id":23365,"n":"Lait bébé 2A NIDAL GEST  6-12 mois - 800g","p":12.25,"u":"15,31 €/KG","img":"https://fd14-photos.leclercdrive.fr/image.ashx?id=2890799&use=l&cat=p&typeid=i","cat":284727},{"id":23372,"n":"Ricotta Les Croisés - 250g","p":1.29,"u":"5,16 €/KG","img":"https://fd14-photos.leclercdrive.fr/image.ashx?id=2133294&use=l&cat=p&typeid=i","cat":314026},{"id":23381,"n":"Absorbeur humidité Foxter + 1 recharge neutre - 1kg","p":7.99,"u":"7,99 €/KG","img":"https://fd14-photos.leclercdrive.fr/image.ashx?id=2162330&use=l&cat=p&typeid=i","cat":300576},{"id":23408,"n":"Crêpes au lait frais fermier Bertel - 360g - x6","p":3.4,"u":"9,44 €/KG","img":"https://fd14-photos.leclercdrive.fr/image.ashx?id=1871995&use=l&cat=p&typeid=i","cat":333672},{"id":23429,"n":"Croquettes chat Tous mes amis Chatons - 2kg","p":4.07,"u":"2,04 €/KG","img":"https://fd14-photos.leclercdrive.fr/image.ashx?id=2047037&use=l&cat=p&typeid=i","cat":284680},{"id":23430,"n":"Croquettes chat Tous mes amis Lapin/volailles - 2kg","p":3.99,"u":"2,00 €/KG","img":"https://fd14-photos.leclercdrive.fr/image.ashx?id=2301605&use=l&cat=p&typeid=i","cat":284680},{"id":23432,"n":"Croquettes Lydog Petits chiens - Vollaile - 2kg","p":4.12,"u":"2,06 €/KG","img":"https://fd14-photos.leclercdrive.fr/image.ashx?id=2191126&use=l&cat=p&typeid=i","cat":294526},{"id":23433,"n":"Croquettes chiens Lydog Allégées - Volaille - 4kg","p":6.99,"u":"1,75 €/KG","img":"https://fd14-photos.leclercdrive.fr/image.ashx?id=1194873&use=l&cat=p&typeid=i","cat":284672},{"id":23437,"n":"Maïs Notre Jardin Croquant - 285g","p":0.85,"u":"2,98 €/KG","img":"https://fd14-photos.leclercdrive.fr/image.ashx?id=1993188&use=l&cat=p&typeid=i","cat":312611},{"id":23438,"n":"Soufflés RingsTokapi Oignon - 60g","p":0.77,"u":"12,83 €/KG","img":"https://fd14-photos.leclercdrive.fr/image.ashx?id=2482939&use=l&cat=p&typeid=i","cat":284449},{"id":23439,"n":"Crème dessert Délisse Choco Billes bicompartiment 4x117g","p":1.99,"u":"4,25 €/KG","img":"https://fd14-photos.leclercdrive.fr/image.ashx?id=2965482&use=l&cat=p&typeid=i","cat":285041},{"id":23444,"n":"Quenelles Côté Table volaille Au naturel 255g","p":1.37,"u":"5,37 €/KG","img":"https://fd14-photos.leclercdrive.fr/image.ashx?id=2977870&use=l&cat=p&typeid=i","cat":284441},{"id":23450,"n":"Yaourts aux fruits Délisse Fruits rouges - 8x125g","p":2.29,"u":"2,29 €/KG","img":"https://fd14-photos.leclercdrive.fr/image.ashx?id=2616736&use=l&cat=p&typeid=i","cat":284410},{"id":23485,"n":"Terrines de st Jacques Guyader 120g","p":2.95,"u":"24,58 €/KG","img":"https://fd14-photos.leclercdrive.fr/image.ashx?id=2504725&use=l&cat=p&typeid=i","cat":285191},{"id":23486,"n":"Terrines saumon Guyader 120g","p":2.95,"u":"24,58 €/KG","img":"https://fd14-photos.leclercdrive.fr/image.ashx?id=2504722&use=l&cat=p&typeid=i","cat":285191},{"id":23489,"n":"Rillettes de St Jacques Guyader 120g","p":2.6,"pp":1.82,"u":"15,17 €/KG","img":"https://fd14-photos.leclercdrive.fr/image.ashx?id=2750465&use=l&cat=p&typeid=i","cat":285191},{"id":23502,"n":"Pâtés de campagne Tradilège Supérieur VPF 2x50g","p":1.0,"u":"10,00 €/KG","img":"https://fd14-photos.leclercdrive.fr/image.ashx?id=2771612&use=l&cat=p&typeid=i","cat":316008},{"id":23522,"n":"Bûche de chèvre Les Croisés Format famililal 25%mg 300g","p":2.95,"u":"9,83 €/KG","img":"https://fd14-photos.leclercdrive.fr/image.ashx?id=2949415&use=l&cat=p&typeid=i","cat":314031},{"id":23546,"n":"Poêlée savoyarde Marie Aux lardons fumés - 900g","p":4.5,"u":"5,00 €/KG","img":"https://fd14-photos.leclercdrive.fr/image.ashx?id=2996782&use=l&cat=p&typeid=i","cat":319823},{"id":23552,"n":"Lait bébé poudre Nidal Nestlé 2e âge -6-12 mois - 800g","p":10.28,"u":"12,85 €/KG","img":"https://fd14-photos.leclercdrive.fr/image.ashx?id=2805597&use=l&cat=p&typeid=i","cat":284727},{"id":23553,"n":"Lait bébé 1A NIDAL GEST  0-6 mois - 800g","p":14.2,"u":"17,75 €/KG","img":"https://fd14-photos.leclercdrive.fr/image.ashx?id=2890796&use=l&cat=p&typeid=i","cat":284726},{"id":23594,"n":"Fromage raclette Les Croisés Saveur vin blanc - 26%mg - 250g","p":2.99,"u":"11,96 €/KG","img":"https://fd14-photos.leclercdrive.fr/image.ashx?id=2791791&use=l&cat=p&typeid=i","cat":314037},{"id":23595,"n":"Fromage raclette Les Croisés 3 poivres 26%mg 250g","p":2.99,"u":"11,96 €/KG","img":"https://fd14-photos.leclercdrive.fr/image.ashx?id=2791782&use=l&cat=p&typeid=i","cat":314037},{"id":23598,"n":"Fromage raclette Les Croisés Sans croûte - 28%mg - 400g","p":3.95,"u":"9,88 €/KG","img":"https://fd14-photos.leclercdrive.fr/image.ashx?id=2969752&use=l&cat=p&typeid=i","cat":314037},{"id":23628,"n":"Fond de volaille Rustica 110g","p":2.21,"u":"20,09 €/KG","img":"https://fd14-photos.leclercdrive.fr/image.ashx?id=2140914&use=l&cat=p&typeid=i","cat":288379},{"id":23633,"n":"Crème dessert Délisse Vanille sur lit caramel 4x125g","p":1.47,"u":"2,94 €/KG","img":"https://fd14-photos.leclercdrive.fr/image.ashx?id=2441276&use=l&cat=p&typeid=i","cat":285041},{"id":23636,"n":"Bouillon de volaille Rustica Dégraissé - Tablettes 12x10g","p":0.91,"u":"7,58 €/KG","img":"https://fd14-photos.leclercdrive.fr/image.ashx?id=1880033&use=l&cat=p&typeid=i","cat":288379},{"id":23709,"n":"Riz à la Cantonaise Marie 900g","p":4.4,"u":"4,89 €/KG","img":"https://fd14-photos.leclercdrive.fr/image.ashx?id=2996791&use=l&cat=p&typeid=i","cat":284254},{"id":23712,"n":"Saumon fumé Eco+ Atlantique - 200g","p":4.67,"u":"23,35 €/KG","img":"https://fd14-photos.leclercdrive.fr/image.ashx?id=2815725&use=l&cat=p&typeid=i","cat":285188},{"id":23715,"n":"Samoussa Tables du Monde Au boeuf - x4 - 220g","p":3.29,"u":"14,95 €/KG","img":"https://fd14-photos.leclercdrive.fr/image.ashx?id=2807190&use=l&cat=p&typeid=i","cat":333673},{"id":23726,"n":"Aluminium Eco+ 30m","p":1.91,"u":"0,06 €/MT","img":"https://fd14-photos.leclercdrive.fr/image.ashx?id=2880216&use=l&cat=p&typeid=i","cat":334134},{"id":23728,"n":"Huile de tournesol Eco+ 1L","p":1.75,"u":"1,75 €/L","img":"https://fd14-photos.leclercdrive.fr/image.ashx?id=2913636&use=l&cat=p&typeid=i","cat":284453},{"id":23729,"n":"Tomato Ketchup Eco+ 560g","p":0.96,"u":"1,71 €/KG","img":"https://fd14-photos.leclercdrive.fr/image.ashx?id=2954328&use=l&cat=p&typeid=i","cat":284455},{"id":23753,"n":"Alcool modifié Primoplast 70° 250ml","p":1.85,"u":"7,40 €/L","img":"https://fd14-photos.leclercdrive.fr/image.ashx?id=2856498&use=l&cat=p&typeid=i","cat":284630},{"id":23754,"n":"Eau oxygénée Primoplast 250ml","p":1.8,"u":"7,20 €/L","img":"https://fd14-photos.leclercdrive.fr/image.ashx?id=2832936&use=l&cat=p&typeid=i","cat":284630},{"id":23779,"n":"Camembert 21% MG Bio Bio Village - 250g","p":2.57,"u":"10,28 €/KG","img":"https://fd14-photos.leclercdrive.fr/image.ashx?id=2970750&use=l&cat=p&typeid=i","cat":314033},{"id":23782,"n":"Mi-bas voile résistant Tissaia Beige rosé taille unique - x3","p":2.7,"u":"0,90 €/P","img":"https://fd14-photos.leclercdrive.fr/image.ashx?id=2193353&use=l&cat=p&typeid=i","cat":334130},{"id":23791,"n":"Tartines craquantes Epi d'Or Au blé complet - 250g","p":1.29,"u":"5,16 €/KG","img":"https://fd14-photos.leclercdrive.fr/image.ashx?id=2473987&use=l&cat=p&typeid=i","cat":284479},{"id":23794,"n":"Pain grillé Epi d'Or Blé complet x24 - 500g","p":1.72,"u":"3,44 €/KG","img":"https://fd14-photos.leclercdrive.fr/image.ashx?id=2610696&use=l&cat=p&typeid=i","cat":284479},{"id":23799,"n":"Riz rond Comptoir du Grain Dessert - 1kg","p":1.94,"u":"1,94 €/KG","img":"https://fd14-photos.leclercdrive.fr/image.ashx?id=1957084&use=l&cat=p&typeid=i","cat":284428},{"id":23827,"n":"Cordon Bleu poulet Père Dodu  Les Bons plans x10 - 1kg","p":6.95,"u":"6,95 €/KG","img":"https://fd14-photos.leclercdrive.fr/image.ashx?id=2971095&use=l&cat=p&typeid=i","cat":333683},{"id":23881,"n":"Coulommiers Les Croisés  10 portions - 24%mg - 350g","p":3.19,"u":"9,11 €/KG","img":"https://fd14-photos.leclercdrive.fr/image.ashx?id=2339948&use=l&cat=p&typeid=i","cat":314033},{"id":23936,"n":"Fromage blanc jockey Stracciatella - 4x120g","p":1.98,"u":"4,13 €/KG","img":"https://fd14-photos.leclercdrive.fr/image.ashx?id=2280011&use=l&cat=p&typeid=i","cat":314999},{"id":23963,"n":"Beurre Tendre Les Croisés Demi-sel Allegé - 40% MG - 250g","p":2.25,"u":"9,00 €/KG","img":"https://fd14-photos.leclercdrive.fr/image.ashx?id=2839912&use=l&cat=p&typeid=i","cat":284379},{"id":23967,"n":"Lait demi-écrémé Grandlait Candia Bouteille - 6x50cl","p":4.8,"u":"1,60 €/L","img":"https://fd14-photos.leclercdrive.fr/image.ashx?id=2916195&use=l&cat=p&typeid=i","cat":284377},{"id":23968,"n":"Roquefort AOP Les Croisés Tranché 150g","p":2.29,"u":"15,27 €/KG","img":"https://fd14-photos.leclercdrive.fr/image.ashx?id=2676537&use=l&cat=p&typeid=i","cat":314032},{"id":23973,"n":"Fusili Côté Snack Pâtes Carbonara - 300g","p":1.89,"u":"6,30 €/KG","img":"https://fd14-photos.leclercdrive.fr/image.ashx?id=2517682&use=l&cat=p&typeid=i","cat":334983},{"id":24028,"n":"Croque Fromage Père Dodu  x10 - 1kg - Les Bons Plans","p":6.95,"u":"6,95 €/KG","img":"https://fd14-photos.leclercdrive.fr/image.ashx?id=2966050&use=l&cat=p&typeid=i","cat":333683},{"id":24035,"n":"Echalotes semoule Rustica 36g","p":1.29,"u":"35,83 €/KG","img":"https://fd14-photos.leclercdrive.fr/image.ashx?id=2772951&use=l&cat=p&typeid=i","cat":298297},{"id":24043,"n":"Thé vert Britley Menthe x25 sachets - 40g","p":0.79,"u":"19,75 €/KG","img":"https://fd14-photos.leclercdrive.fr/image.ashx?id=2672930&use=l&cat=p&typeid=i","cat":293233},{"id":24047,"n":"Yaourts aromatisés Délisse Vanille - 4x125g","p":1.29,"u":"2,58 €/KG","img":"https://fd14-photos.leclercdrive.fr/image.ashx?id=2758710&use=l&cat=p&typeid=i","cat":286006},{"id":24083,"n":"Nuggets de Poulet  Père Dodu  x50 - 1kg - Les Bons plans","p":6.95,"u":"6,95 €/KG","img":"https://fd14-photos.leclercdrive.fr/image.ashx?id=2957086&use=l&cat=p&typeid=i","cat":333684},{"id":24095,"n":"Jus de clémentines préssées Andros - 1,5L","p":3.8,"u":"2,53 €/L","img":"https://fd14-photos.leclercdrive.fr/image.ashx?id=2902984&use=l&cat=p&typeid=i","cat":285435},{"id":24162,"n":"Vinaigre balsamique Bio Village Bio 50cl","p":3.47,"u":"6,94 €/L","img":"https://fd14-photos.leclercdrive.fr/image.ashx?id=2346095&use=l&cat=p&typeid=i","cat":298543},{"id":24163,"n":"Infusion Tiséa Tilleul Citron 25 sachets 34g","p":1.69,"u":"48,29 €/KG","img":"https://fd14-photos.leclercdrive.fr/image.ashx?id=2441282&use=l&cat=p&typeid=i","cat":293234},{"id":24164,"n":"Thé vert Briley 32.5g","p":0.79,"u":"24,69 €/KG","img":"https://fd14-photos.leclercdrive.fr/image.ashx?id=2441279&use=l&cat=p&typeid=i","cat":293233},{"id":24186,"n":"Bandes à découper Mercurochrome 5 bandes - 10x6cm","p":2.7,"img":"https://fd14-photos.leclercdrive.fr/image.ashx?id=2862152&use=l&cat=p&typeid=i","cat":284630},{"id":24193,"n":"Bouchées à la reine Côté Table 2x 155g","p":3.69,"u":"23,81 €/KG","img":"https://fd14-photos.leclercdrive.fr/image.ashx?id=2826921&use=l&cat=p&typeid=i","cat":333671},{"id":24258,"n":"Philadelphia Nature - 300g","p":2.9,"u":"9,67 €/KG","img":"https://fd14-photos.leclercdrive.fr/image.ashx?id=2787863&use=l&cat=p&typeid=i","cat":314029},{"id":24293,"n":"Céréales Extra Kellogg's Chocolat Noir Noisettes - 500g","p":3.59,"u":"7,18 €/KG","img":"https://fd14-photos.leclercdrive.fr/image.ashx?id=2692284&use=l&cat=p&typeid=i","cat":309512},{"id":24296,"n":"Sauce apéritif Old El Paso Salsa doux - 312g","p":2.25,"u":"7,21 €/KG","img":"https://fd14-photos.leclercdrive.fr/image.ashx?id=2859944&use=l&cat=p&typeid=i","cat":288993},{"id":24326,"n":"Pizza Turini Chorizo - 200g","p":1.64,"u":"8,20 €/KG","img":"https://fd14-photos.leclercdrive.fr/image.ashx?id=3010572&use=l&cat=p&typeid=i","cat":333679},{"id":24363,"n":"Boisson lactée Délisse Chocolat - 6x20cl","p":2.17,"u":"1,81 €/L","img":"https://fd14-photos.leclercdrive.fr/image.ashx?id=3015245&use=l&cat=p&typeid=i","cat":295246},{"id":24390,"n":"Pétales de blé Eco+ Chocolat - 750g","p":2.03,"u":"2,71 €/KG","img":"https://fd14-photos.leclercdrive.fr/image.ashx?id=2260553&use=l&cat=p&typeid=i","cat":309513},{"id":24395,"n":"AOC Rasteau rouge Ortas Cave de Rasteau -75cl","p":7.5,"u":"10,00 €/L","img":"https://fd14-photos.leclercdrive.fr/image.ashx?id=1883876&use=l&cat=p&typeid=i","cat":289556},{"id":24410,"n":"Bonbons Copains Copines Tendres fruits - 360 g","p":2.05,"u":"5,69 €/KG","img":"https://fd14-photos.leclercdrive.fr/image.ashx?id=2502678&use=l&cat=p&typeid=i","cat":304250},{"id":24419,"n":"Caramels durs Confiséo A la crème fraîche - 175g","p":1.62,"u":"9,26 €/KG","img":"https://fd14-photos.leclercdrive.fr/image.ashx?id=1966385&use=l&cat=p&typeid=i","cat":304252},{"id":24474,"n":"Petites crevettes roses Pêche Océan - 125g","p":2.49,"u":"19,92 €/KG","img":"https://fd14-photos.leclercdrive.fr/image.ashx?id=2953635&use=l&cat=p&typeid=i","cat":284343},{"id":24642,"n":"Déodorant Rexona Confidence Stick anti-transpirant - 45ml","p":4.2,"u":"93,33 €/L","img":"https://fd14-photos.leclercdrive.fr/image.ashx?id=2738194&use=l&cat=p&typeid=i","cat":284595},{"id":24652,"n":"Déodorant Stick Rexona Anti- Transpirant CleanScent 96H 45ml","p":3.84,"u":"85,33 €/L","img":"https://fd14-photos.leclercdrive.fr/image.ashx?id=2895101&use=l&cat=p&typeid=i","cat":284595},{"id":24659,"n":"Secret de mousse la Laitière Chocolat au lait - 8x59g","p":2.75,"u":"5,83 €/KG","img":"https://fd14-photos.leclercdrive.fr/image.ashx?id=3007984&use=l&cat=p&typeid=i","cat":284417},{"id":24666,"n":"Roquefort AOP Société Fromage de brebis - 100g","p":2.6,"u":"26,00 €/KG","img":"https://fd14-photos.leclercdrive.fr/image.ashx?id=2729683&use=l&cat=p&typeid=i","cat":314032},{"id":24667,"n":"Fromage Lou Pérac Bleu de brebis 125g","p":2.8,"u":"22,40 €/KG","img":"https://fd14-photos.leclercdrive.fr/image.ashx?id=2270545&use=l&cat=p&typeid=i","cat":314031},{"id":24671,"n":"Crème Chantilly Bridelice Légère fouettée 20%mg - 250g","p":2.5,"u":"10,00 €/KG","img":"https://fd14-photos.leclercdrive.fr/image.ashx?id=2939313&use=l&cat=p&typeid=i","cat":284382},{"id":24674,"n":"Dentifrice Dentamyl 2en1 blancheur 75ml","p":1.33,"u":"17,73 €/L","img":"https://fd14-photos.leclercdrive.fr/image.ashx?id=2613834&use=l&cat=p&typeid=i","cat":284612},{"id":24694,"n":"Brosses à dent souple Dentamyl x4","p":1.21,"u":"0,30 €/P","img":"https://fd14-photos.leclercdrive.fr/image.ashx?id=2790946&use=l&cat=p&typeid=i","cat":284614},{"id":24729,"n":"Shampooing Pétrole Hahn Stop pellicules - 250ml","p":2.35,"u":"9,40 €/L","img":"https://fd14-photos.leclercdrive.fr/image.ashx?id=2293946&use=l&cat=p&typeid=i","cat":284606},{"id":24759,"n":"Mini nems Tables du Monde porc x5/poulet x5 +sauce - 220g","p":2.99,"u":"13,59 €/KG","img":"https://fd14-photos.leclercdrive.fr/image.ashx?id=2613276&use=l&cat=p&typeid=i","cat":333673},{"id":24843,"n":"Magret de canard Montfort Sous vide - 360g","p":6.95,"u":"19,31 €/KG","img":"https://fd14-photos.leclercdrive.fr/image.ashx?id=2730973&use=l&cat=p&typeid=i","cat":284339},{"id":24844,"n":"IGP Magret de Canard Montfort Sud ouest fumé bois hètre - 80g","p":3.6,"u":"45,00 €/KG","img":"https://fd14-photos.leclercdrive.fr/image.ashx?id=2684949&use=l&cat=p&typeid=i","cat":316007},{"id":24845,"n":"IGP Magret de canard Montfort Sud ouest séché au poivre - 80g","p":3.75,"u":"46,88 €/KG","img":"https://fd14-photos.leclercdrive.fr/image.ashx?id=2684952&use=l&cat=p&typeid=i","cat":284339},{"id":24894,"n":"Déjeunettes x4  450g","p":1.35,"u":"3,00 €/KG","img":"https://fd14-photos.leclercdrive.fr/image.ashx?id=2062957&use=l&cat=p&typeid=i","cat":284359},{"id":24906,"n":"Mozzarella mini billes  Les Croisés - 150g","p":1.7,"u":"11,33 €/KG","img":"https://fd14-photos.leclercdrive.fr/image.ashx?id=2463468&use=l&cat=p&typeid=i","cat":314026},{"id":24961,"n":"Soin de jour L'Oréal Paris Age Perfect anti-âge - 50ml","p":11.97,"pp":7.9,"u":"158,00 €/L","img":"https://fd14-photos.leclercdrive.fr/image.ashx?id=2868047&use=l&cat=p&typeid=i","cat":325345},{"id":24967,"n":"Fondue Savoyarde RichesMonts  3 fromages - 450g","p":5.3,"u":"11,78 €/KG","img":"https://fd14-photos.leclercdrive.fr/image.ashx?id=2986239&use=l&cat=p&typeid=i","cat":314037},{"id":24968,"n":"Fromage de chèvre Petit Billy 45%mg - 200g","p":2.65,"u":"13,25 €/KG","img":"https://fd14-photos.leclercdrive.fr/image.ashx?id=2543136&use=l&cat=p&typeid=i","cat":314031},{"id":24969,"n":"Bûche chèvre Soignon -25%sel - 180g","p":2.6,"u":"14,44 €/KG","img":"https://fd14-photos.leclercdrive.fr/image.ashx?id=2836484&use=l&cat=p&typeid=i","cat":314031},{"id":24970,"n":"Crottin de chèvre Rians 23%mg - 2x60g","p":2.6,"u":"21,67 €/KG","img":"https://fd14-photos.leclercdrive.fr/image.ashx?id=2762094&use=l&cat=p&typeid=i","cat":314031},{"id":24971,"n":"Fromage Le Chèvre Soignon Boîte - 180g","p":2.85,"u":"15,83 €/KG","img":"https://fd14-photos.leclercdrive.fr/image.ashx?id=2676723&use=l&cat=p&typeid=i","cat":314031},{"id":24972,"n":"Chèvre à dorer Les Croisés x4 - 100g","p":1.77,"u":"17,70 €/KG","img":"https://fd14-photos.leclercdrive.fr/image.ashx?id=2978528&use=l&cat=p&typeid=i","cat":314027},{"id":24977,"n":"Pain hot dog Jacquet x4 -  240g","p":1.5,"u":"6,25 €/KG","img":"https://fd14-photos.leclercdrive.fr/image.ashx?id=2799293&use=l&cat=p&typeid=i","cat":284985},{"id":25006,"n":"Sauce béchamel Maggi Saveur à l'ancienne sachet -60g","p":0.59,"u":"9,83 €/KG","img":"https://fd14-photos.leclercdrive.fr/image.ashx?id=2697297&use=l&cat=p&typeid=i","cat":288381},{"id":25007,"n":"Sauce poivre vert Maggi Saveur à l'ancienne sachet 30g","p":0.75,"u":"25,00 €/KG","img":"https://fd14-photos.leclercdrive.fr/image.ashx?id=3000429&use=l&cat=p&typeid=i","cat":288381},{"id":25010,"n":"Barres Chocolatées KINDER Maxi Chocolat au Lait x10 - 210g","p":3.05,"u":"14,52 €/KG","img":"https://fd14-photos.leclercdrive.fr/image.ashx?id=2679609&use=l&cat=p&typeid=i","cat":284498},{"id":25024,"n":"Lait céréales Blédidej 9 mois Pain chocolat - 4x250ml","p":3.7,"u":"14,80 €/L","img":"https://fd14-photos.leclercdrive.fr/image.ashx?id=2921055&use=l&cat=p&typeid=i","cat":312226},{"id":25030,"n":"Petits pots Babynat Petits pois Cabillaud - 8mois 2x200g","p":2.65,"u":"6,63 €/KG","img":"https://fd14-photos.leclercdrive.fr/image.ashx?id=2825742&use=l&cat=p&typeid=i","cat":312236},{"id":25034,"n":"Mousse Coiffante Franck Provost A l'Huile d'Argan - 300ml","p":4.5,"u":"15,00 €/L","img":"https://fd14-photos.leclercdrive.fr/image.ashx?id=2575615&use=l&cat=p&typeid=i","cat":284609},{"id":25035,"n":"Salade Menu Fraîcheur Concombre au fromage blanc 300g","p":1.64,"u":"5,47 €/KG","img":"https://fd14-photos.leclercdrive.fr/image.ashx?id=3005679&use=l&cat=p&typeid=i","cat":333657},{"id":25044,"n":"Nettoyant spray Clair Salle de bain - Mousse - 600ml","p":1.99,"u":"3,32 €/L","img":"https://fd14-photos.leclercdrive.fr/image.ashx?id=2856678&use=l&cat=p&typeid=i","cat":325357},{"id":25049,"n":"Lames de rasoir Carré Homme 3 lames - x4","p":3.49,"u":"0,87 €/P","img":"https://fd14-photos.leclercdrive.fr/image.ashx?id=2704624&use=l&cat=p&typeid=i","cat":284616},{"id":25051,"n":"Boulettes de boeuf Férial x30 - 900g","p":7.38,"u":"8,20 €/KG","img":"https://fd14-photos.leclercdrive.fr/image.ashx?id=2966520&use=l&cat=p&typeid=i","cat":319779},{"id":25064,"n":"Film étirable Alfapac Extensible auto-adhérent 50m","p":1.99,"img":"https://fd14-photos.leclercdrive.fr/image.ashx?id=2918271&use=l&cat=p&typeid=i","cat":334134},{"id":25067,"n":"Oeufs frais De Nos Régions Plein Air - Label Rouge - x12","p":3.58,"u":"0,30 €/P","img":"https://fd14-photos.leclercdrive.fr/image.ashx?id=2969743&use=l&cat=p&typeid=i","cat":284378},{"id":25068,"n":"Oeufs frais De Nos Régions Plein Air - Label rouge - x6","p":1.79,"u":"0,30 €/P","img":"https://fd14-photos.leclercdrive.fr/image.ashx?id=2969719&use=l&cat=p&typeid=i","cat":284378},{"id":25069,"n":"Fromage à Tartiner St Môret  Nature Léger - 9 portions 180g","p":2.4,"u":"13,33 €/KG","img":"https://fd14-photos.leclercdrive.fr/image.ashx?id=2755453&use=l&cat=p&typeid=i","cat":314029},{"id":25072,"n":"Mascarpone Casa Azzurra 500g","p":4.8,"u":"9,60 €/KG","img":"https://fd14-photos.leclercdrive.fr/image.ashx?id=2290269&use=l&cat=p&typeid=i","cat":314026},{"id":25085,"n":"Lait bio Bio Village Bouteille  Demi-écrémé UHT -  6x50cl","p":5.22,"u":"1,74 €/L","img":"https://fd14-photos.leclercdrive.fr/image.ashx?id=2970003&use=l&cat=p&typeid=i","cat":284377},{"id":25093,"n":"Yaourts brassés Délisse Fruits jaunes - 8x125 g","p":2.28,"u":"2,28 €/KG","img":"https://fd14-photos.leclercdrive.fr/image.ashx?id=2495536&use=l&cat=p&typeid=i","cat":284410},{"id":25095,"n":"Yaourts brassés Délisse Fruits rouges - 8X125g","p":2.27,"u":"2,27 €/KG","img":"https://fd14-photos.leclercdrive.fr/image.ashx?id=2494217&use=l&cat=p&typeid=i","cat":284410},{"id":25125,"n":"Pur jus d'orange Bio Village Bio - 6x20cl","p":2.89,"u":"2,41 €/L","img":"https://fd14-photos.leclercdrive.fr/image.ashx?id=2047076&use=l&cat=p&typeid=i","cat":284521},{"id":25152,"n":"Confiture cerises Andros Allégée bocal 350g","p":2.0,"u":"5,71 €/KG","img":"https://fd14-photos.leclercdrive.fr/image.ashx?id=2423735&use=l&cat=p&typeid=i","cat":284480},{"id":25153,"n":"Confiture Bonne Maman Abricots - 750g","p":3.35,"u":"4,47 €/KG","img":"https://fd14-photos.leclercdrive.fr/image.ashx?id=2125731&use=l&cat=p&typeid=i","cat":284480},{"id":25164,"n":"Crème dessert Délisse Chocolat noir 4x125g","p":1.15,"u":"2,30 €/KG","img":"https://fd14-photos.leclercdrive.fr/image.ashx?id=2694283&use=l&cat=p&typeid=i","cat":285041},{"id":25171,"n":"Lardons fumés Tradilège Moins 25% de sel 2x75g","p":1.81,"u":"12,07 €/KG","img":"https://fd14-photos.leclercdrive.fr/image.ashx?id=2955267&use=l&cat=p&typeid=i","cat":316011},{"id":25172,"n":"Sacs poubelle 30L Alfapac Ultra résistant Coulissac - x20","p":2.8,"u":"0,14 €/P","img":"https://fd14-photos.leclercdrive.fr/image.ashx?id=2732359&use=l&cat=p&typeid=i","cat":285168},{"id":25179,"n":"Confiture aux myrtilles Andros Allégée - 350g","p":2.55,"u":"7,29 €/KG","img":"https://fd14-photos.leclercdrive.fr/image.ashx?id=2915700&use=l&cat=p&typeid=i","cat":284480},{"id":25186,"n":"Confiture pêches Bonne Maman Bocal - 370g","p":1.9,"u":"5,14 €/KG","img":"https://fd14-photos.leclercdrive.fr/image.ashx?id=2482969&use=l&cat=p&typeid=i","cat":284480},{"id":25236,"n":"Croque Jambon Père Dodu  Dinde x2 - 200g","p":2.3,"u":"11,50 €/KG","img":"https://fd14-photos.leclercdrive.fr/image.ashx?id=2956984&use=l&cat=p&typeid=i","cat":333683},{"id":25311,"n":"Carpaccio au Basilic Bigard - 190g","p":4.5,"u":"23,68 €/KG","img":"https://fd14-photos.leclercdrive.fr/image.ashx?id=2208345&use=l&cat=p&typeid=i","cat":284328},{"id":25312,"n":"Carpaccio au Parmesan Bigard - 190g","p":4.5,"u":"23,68 €/KG","img":"https://fd14-photos.leclercdrive.fr/image.ashx?id=2208348&use=l&cat=p&typeid=i","cat":284328},{"id":25322,"n":"Protège pied Tissaia Taille 38/41 noir x2","p":3.5,"u":"1,75 €/P","img":"https://fd14-photos.leclercdrive.fr/image.ashx?id=2193377&use=l&cat=p&typeid=i","cat":334130},{"id":25323,"n":"Protège pieds opaque Tissaia  T35/37 beige - x2","p":3.5,"u":"1,75 €/P","img":"https://fd14-photos.leclercdrive.fr/image.ashx?id=2193374&use=l&cat=p&typeid=i","cat":334130},{"id":25337,"n":"Café moulu L'Or Absolu 100% Arabica - 2x250g","p":9.39,"u":"18,78 €/KG","img":"https://fd14-photos.leclercdrive.fr/image.ashx?id=2294935&use=l&cat=p&typeid=i","cat":284750},{"id":25342,"n":"Céréales Trésor Kellogg's Chocolat au lait - 1kg","p":6.33,"u":"6,33 €/KG","img":"https://fd14-photos.leclercdrive.fr/image.ashx?id=2598319&use=l&cat=p&typeid=i","cat":309513},{"id":25359,"n":"Tablette chocolat blanc Lindt Vanille - 100g","p":2.37,"u":"23,70 €/KG","img":"https://fd14-photos.leclercdrive.fr/image.ashx?id=2755318&use=l&cat=p&typeid=i","cat":284957},{"id":25361,"n":"Chocolat Pâtissier Nestlé Dessert : Caramel - 170g","p":2.86,"u":"16,82 €/KG","img":"https://fd14-photos.leclercdrive.fr/image.ashx?id=2902346&use=l&cat=p&typeid=i","cat":285562},{"id":25366,"n":"Tablette de chocolat noir Lindt 90% cacao - 100g","p":2.23,"u":"22,30 €/KG","img":"https://fd14-photos.leclercdrive.fr/image.ashx?id=2689502&use=l&cat=p&typeid=i","cat":284956},{"id":25375,"n":"Tablette chocolat Milka Chocolat lait/Noisettes - 200g","p":3.53,"u":"17,65 €/KG","img":"https://fd14-photos.leclercdrive.fr/image.ashx?id=2381748&use=l&cat=p&typeid=i","cat":284497},{"id":25407,"n":"Bonbons LUTTI Luttimint Menthe - 250g","p":1.7,"u":"6,80 €/KG","img":"https://fd14-photos.leclercdrive.fr/image.ashx?id=2815019&use=l&cat=p&typeid=i","cat":304252},{"id":25408,"n":"Dragolo Haribo Sachet bonbons - 300g","p":1.45,"u":"4,83 €/KG","img":"https://fd14-photos.leclercdrive.fr/image.ashx?id=2803574&use=l&cat=p&typeid=i","cat":304250},{"id":25425,"n":"Biscuits apéritif Lay's 3D's Goût Cacahuetes - 85g","p":0.79,"u":"9,29 €/KG","img":"https://fd14-photos.leclercdrive.fr/image.ashx?id=2916824&use=l&cat=p&typeid=i","cat":284449},{"id":25445,"n":"Lait poudre Croissance Modilac  De 12 mois à 36 mois - 800g","p":13.25,"u":"16,56 €/KG","img":"https://fd14-photos.leclercdrive.fr/image.ashx?id=2873390&use=l&cat=p&typeid=i","cat":290219},{"id":25446,"n":"Lait croissance Nidal Nestlé Dès 12 mois - 800g","p":9.0,"u":"11,25 €/KG","img":"https://fd14-photos.leclercdrive.fr/image.ashx?id=2806405&use=l&cat=p&typeid=i","cat":290219},{"id":25485,"n":"Miel de fleurs Lune de Miel Spécialités 500g","p":4.1,"u":"8,20 €/KG","img":"https://fd14-photos.leclercdrive.fr/image.ashx?id=2972409&use=l&cat=p&typeid=i","cat":287643},{"id":25491,"n":"Confiture Bonne Maman 4 fruits rouges 750g","p":4.6,"u":"6,13 €/KG","img":"https://fd14-photos.leclercdrive.fr/image.ashx?id=2663896&use=l&cat=p&typeid=i","cat":284480},{"id":25492,"n":"Confiture Bonne Maman Fraise & fraises des bois 370g","p":2.45,"u":"6,62 €/KG","img":"https://fd14-photos.leclercdrive.fr/image.ashx?id=2999841&use=l&cat=p&typeid=i","cat":284480},{"id":25493,"n":"Bouillon Cube Maggi Pot au feu - 180g","p":1.5,"u":"8,33 €/KG","img":"https://fd14-photos.leclercdrive.fr/image.ashx?id=2212315&use=l&cat=p&typeid=i","cat":288379},{"id":25499,"n":"Brosse à dents pro Dentamyl Blancheur x1","p":1.32,"img":"https://fd14-photos.leclercdrive.fr/image.ashx?id=2790916&use=l&cat=p&typeid=i","cat":284614},{"id":25500,"n":"Recharge Dentamyl x2 Pour brosse à dents à pile","p":4.35,"u":"2,18 €/P","img":"https://fd14-photos.leclercdrive.fr/image.ashx?id=1872582&use=l&cat=p&typeid=i","cat":297133},{"id":25515,"n":"Eau minérale naturelle Vittel 6x1L","p":2.4,"u":"0,40 €/L","img":"https://fd14-photos.leclercdrive.fr/image.ashx?id=2276654&use=l&cat=p&typeid=i","cat":284535},{"id":25516,"n":"Eau de source Cristaline 12x50cl","p":1.8,"u":"0,30 €/L","img":"https://fd14-photos.leclercdrive.fr/image.ashx?id=2872874&use=l&cat=p&typeid=i","cat":284535},{"id":25525,"n":"Boisson aux fruits Oasis Tropical - 4x50cl","p":3.8,"u":"1,90 €/L","img":"https://fd14-photos.leclercdrive.fr/image.ashx?id=3014446&use=l&cat=p&typeid=i","cat":295018},{"id":25530,"n":"Sucre Béghin Say pure canne petits morceaux - 1kg","p":2.77,"u":"2,77 €/KG","img":"https://fd14-photos.leclercdrive.fr/image.ashx?id=2949919&use=l&cat=p&typeid=i","cat":284502},{"id":25531,"n":"Sucre Les Enveloppés Beghin Say 750g","p":2.51,"u":"3,35 €/KG","img":"https://fd14-photos.leclercdrive.fr/image.ashx?id=2866355&use=l&cat=p&typeid=i","cat":284502},{"id":25540,"n":"Soda à l'orange Orangina 4x50cl","p":4.4,"u":"2,20 €/L","img":"https://fd14-photos.leclercdrive.fr/image.ashx?id=2574952&use=l&cat=p&typeid=i","cat":284532},{"id":25541,"n":"Soda à l'orange Orangina 6x25cl","p":3.8,"u":"2,53 €/L","img":"https://fd14-photos.leclercdrive.fr/image.ashx?id=2495653&use=l&cat=p&typeid=i","cat":284532},{"id":25550,"n":"Soda Schweppes Indian Tonic Zero - 1,5L","p":1.65,"u":"1,10 €/L","img":"https://fd14-photos.leclercdrive.fr/image.ashx?id=2852393&use=l&cat=p&typeid=i","cat":284531},{"id":25552,"n":"Soda Schweppes Indian Tonic - 4x50cl","p":3.6,"u":"1,80 €/L","img":"https://fd14-photos.leclercdrive.fr/image.ashx?id=2852405&use=l&cat=p&typeid=i","cat":284531},{"id":25553,"n":"Soda Schweppes Saveur Agrumes - 4x50cl","p":3.8,"u":"1,90 €/L","img":"https://fd14-photos.leclercdrive.fr/image.ashx?id=2852402&use=l&cat=p&typeid=i","cat":284532},{"id":25554,"n":"Soda Schweppes Saveur Citron Zero - 1,5L","p":1.6,"u":"1,07 €/L","img":"https://fd14-photos.leclercdrive.fr/image.ashx?id=2852396&use=l&cat=p&typeid=i","cat":284532},{"id":25567,"n":"Jus d'orange Jafaden A base de concentré  - 2L","p":3.73,"u":"1,87 €/L","img":"https://fd14-photos.leclercdrive.fr/image.ashx?id=2470231&use=l&cat=p&typeid=i","cat":284521},{"id":25576,"n":"Limonade Cristal Lorina 1,25L","p":2.3,"u":"1,84 €/L","img":"https://fd14-photos.leclercdrive.fr/image.ashx?id=2575555&use=l&cat=p&typeid=i","cat":284531},{"id":25589,"n":"Nectar Bio Pressade Orange pêche abricot - 1,5L","p":2.55,"u":"1,70 €/L","img":"https://fd14-photos.leclercdrive.fr/image.ashx?id=2732503&use=l&cat=p&typeid=i","cat":284521},{"id":25596,"n":"Nectar Bio Pressade Multifruits - 6x20cl","p":2.6,"u":"2,17 €/L","img":"https://fd14-photos.leclercdrive.fr/image.ashx?id=2732518&use=l&cat=p&typeid=i","cat":284524},{"id":25607,"n":"Eau minérale gazeuse Perrier  Naturelle  - 6x50cl","p":3.25,"u":"1,08 €/L","img":"https://fd14-photos.leclercdrive.fr/image.ashx?id=2493916&use=l&cat=p&typeid=i","cat":284536},{"id":25609,"n":"Saucisses aux lentilles  William Saurin- 840g","p":3.2,"u":"3,81 €/KG","img":"https://fd14-photos.leclercdrive.fr/image.ashx?id=2890070&use=l&cat=p&typeid=i","cat":284441},{"id":25614,"n":"Boisson Citronnade Pulco Citron - 1,5L","p":2.05,"u":"1,37 €/L","img":"https://fd14-photos.leclercdrive.fr/image.ashx?id=2941526&use=l&cat=p&typeid=i","cat":295018},{"id":25619,"n":"Pastis Ricard Anisé 45% vol - 1,5L","p":29.5,"u":"19,67 €/L","img":"https://fd14-photos.leclercdrive.fr/image.ashx?id=2839115&use=l&cat=p&typeid=i","cat":284548},{"id":25623,"n":"Sirop Moulin de Valdonne  Kiwi banane - 70cl","p":2.95,"u":"4,21 €/L","img":"https://fd14-photos.leclercdrive.fr/image.ashx?id=2170580&use=l&cat=p&typeid=i","cat":295020},{"id":25627,"n":"Sirop Moulin de Valdonne Violette - 70cl","p":2.75,"u":"3,93 €/L","img":"https://fd14-photos.leclercdrive.fr/image.ashx?id=2756918&use=l&cat=p&typeid=i","cat":295020},{"id":25630,"n":"Taboulé Menu Fraîcheur Poulet - 500g","p":2.11,"u":"4,22 €/KG","img":"https://fd14-photos.leclercdrive.fr/image.ashx?id=2901449&use=l&cat=p&typeid=i","cat":333657},{"id":25642,"n":"Escalope milanaise Coté Table 300g","p":2.38,"u":"7,93 €/KG","img":"https://fd14-photos.leclercdrive.fr/image.ashx?id=2499385&use=l&cat=p&typeid=i","cat":333665},{"id":25644,"n":"Faisselle Délisse 6%mg - 1kg","p":2.42,"u":"2,42 €/KG","img":"https://fd14-photos.leclercdrive.fr/image.ashx?id=2602352&use=l&cat=p&typeid=i","cat":284409},{"id":25656,"n":"Crème Pieds Anti-Callosités Et Cornes - 75ml","p":4.05,"u":"54,00 €/L","img":"https://fd14-photos.leclercdrive.fr/image.ashx?id=2981310&use=l&cat=p&typeid=i","cat":325354},{"id":25661,"n":"Rasoir Siliss 3 lames - +1 recharge","p":4.25,"img":"https://fd14-photos.leclercdrive.fr/image.ashx?id=2699411&use=l&cat=p&typeid=i","cat":325352},{"id":25663,"n":"Chips à l'ancienne Pom'Lisse Nature - 270g","p":1.85,"u":"6,85 €/KG","img":"https://fd14-photos.leclercdrive.fr/image.ashx?id=2724835&use=l&cat=p&typeid=i","cat":284447},{"id":25685,"n":"Bouillon Cube Maggi Boeuf - 180g","p":1.5,"u":"8,33 €/KG","img":"https://fd14-photos.leclercdrive.fr/image.ashx?id=2882896&use=l&cat=p&typeid=i","cat":288379},{"id":25686,"n":"Bouillon Cube Maggi Volaille - 180g","p":1.5,"u":"8,33 €/KG","img":"https://fd14-photos.leclercdrive.fr/image.ashx?id=2737003&use=l&cat=p&typeid=i","cat":288379},{"id":25738,"n":"Blanc de poulet Fleury Michon -25% de sel x4 - 160g","p":2.05,"u":"12,81 €/KG","img":"https://fd14-photos.leclercdrive.fr/image.ashx?id=2885974&use=l&cat=p&typeid=i","cat":316010},{"id":25739,"n":"Bûche de chèvre Les Croisés Fondante 22%mg - 180g","p":1.84,"u":"10,22 €/KG","img":"https://fd14-photos.leclercdrive.fr/image.ashx?id=2946838&use=l&cat=p&typeid=i","cat":314031},{"id":25741,"n":"Grana Padano AOP Les Croisés - 200g","p":3.35,"u":"16,75 €/KG","img":"https://fd14-photos.leclercdrive.fr/image.ashx?id=2954088&use=l&cat=p&typeid=i","cat":314034},{"id":25742,"n":"Macédoine Menu Fraîcheur  Légumes - 300g","p":1.59,"u":"5,30 €/KG","img":"https://fd14-photos.leclercdrive.fr/image.ashx?id=2901446&use=l&cat=p&typeid=i","cat":333657},{"id":25743,"n":"Mascarpone Les Croisés - 500g","p":3.08,"u":"6,16 €/KG","img":"https://fd14-photos.leclercdrive.fr/image.ashx?id=2123626&use=l&cat=p&typeid=i","cat":314026},{"id":25746,"n":"Saucisse de volaille Tradilège  x10 350g","p":1.76,"u":"5,03 €/KG","img":"https://fd14-photos.leclercdrive.fr/image.ashx?id=2625110&use=l&cat=p&typeid=i","cat":316012},{"id":25748,"n":"Hachés au colin d'Alaska Pêche Océan - 200g","p":2.24,"u":"11,20 €/KG","img":"https://fd14-photos.leclercdrive.fr/image.ashx?id=2953623&use=l&cat=p&typeid=i","cat":284344},{"id":25749,"n":"Hachés au saumon Pêche Océan à la ciboulette - 200g","p":2.25,"u":"11,25 €/KG","img":"https://fd14-photos.leclercdrive.fr/image.ashx?id=2953632&use=l&cat=p&typeid=i","cat":284344},{"id":25750,"n":"Trio crudités Menu Fraîcheur  Carotte céleri maïs - 300g","p":1.46,"u":"4,87 €/KG","img":"https://fd14-photos.leclercdrive.fr/image.ashx?id=2645936&use=l&cat=p&typeid=i","cat":333657},{"id":25762,"n":"Bâtonnets Dentastix Pedigree Grand chien x28 - 1080g","p":7.93,"u":"7,34 €/KG","img":"https://fd14-photos.leclercdrive.fr/image.ashx?id=2924776&use=l&cat=p&typeid=i","cat":294527},{"id":25764,"n":"Olives noires Tramier Dénoyautées - 150g","p":1.55,"u":"10,33 €/KG","img":"https://fd14-photos.leclercdrive.fr/image.ashx?id=2840814&use=l&cat=p&typeid=i","cat":284458},{"id":25765,"n":"Céréales Nestlé Mix Chocapic, Lion, Nesquik x6","p":2.56,"u":"13,47 €/KG","img":"https://fd14-photos.leclercdrive.fr/image.ashx?id=2981364&use=l&cat=p&typeid=i","cat":309513},{"id":25779,"n":"Yaourts Lait de chèvre Soignon Nature - 4x125g","p":2.15,"u":"4,30 €/KG","img":"https://fd14-photos.leclercdrive.fr/image.ashx?id=2518250&use=l&cat=p&typeid=i","cat":314998},{"id":25790,"n":"Sucre pure canne Bio Village En morceaux bio - 500g","p":2.01,"u":"4,02 €/KG","img":"https://fd14-photos.leclercdrive.fr/image.ashx?id=3010440&use=l&cat=p&typeid=i","cat":284502},{"id":25802,"n":"Allumettes allégées Tradilège Fumées - 2x75g","p":2.01,"u":"13,40 €/KG","img":"https://fd14-photos.leclercdrive.fr/image.ashx?id=2968640&use=l&cat=p&typeid=i","cat":316011},{"id":25805,"n":"Légumes pour pot au feu Panier du Primeur - 1kg","p":2.99,"u":"2,99 €/KG","img":"https://fd14-photos.leclercdrive.fr/image.ashx?id=2958717&use=l&cat=p&typeid=i","cat":284352},{"id":25806,"n":"Lingettes bébé H2O Biolane Epaisses - x72","p":1.9,"u":"0,03 €/P","img":"https://fd14-photos.leclercdrive.fr/image.ashx?id=2877910&use=l&cat=p&typeid=i","cat":284738},{"id":25808,"n":"Protection incontinence Chorys Homme - Important - x20","p":5.38,"u":"0,27 €/P","img":"https://fd14-photos.leclercdrive.fr/image.ashx?id=2672933&use=l&cat=p&typeid=i","cat":291514},{"id":25811,"n":"Salade Coleslaw Menu Fraîcheur  500g","p":1.83,"u":"3,66 €/KG","img":"https://fd14-photos.leclercdrive.fr/image.ashx?id=2645930&use=l&cat=p&typeid=i","cat":333657},{"id":25817,"n":"Emincés de saumon fumé ASC Ronde des mers - 100g","p":4.49,"u":"44,90 €/KG","img":"https://fd14-photos.leclercdrive.fr/image.ashx?id=2953620&use=l&cat=p&typeid=i","cat":285188},{"id":25818,"n":"Émincés de saumon fumé ASC Ronde de mers - 100g","p":4.49,"u":"44,90 €/KG","img":"https://fd14-photos.leclercdrive.fr/image.ashx?id=2953617&use=l&cat=p&typeid=i","cat":285188},{"id":25819,"n":"Feuilletés Jambon Emmental Coté Table - 2x140g","p":2.99,"u":"10,68 €/KG","img":"https://fd14-photos.leclercdrive.fr/image.ashx?id=2846517&use=l&cat=p&typeid=i","cat":333671},{"id":25822,"n":"Fromage à tartiner Les Croisés Nature - 24%mg - 300g","p":1.84,"u":"6,13 €/KG","img":"https://fd14-photos.leclercdrive.fr/image.ashx?id=1975032&use=l&cat=p&typeid=i","cat":314029},{"id":25825,"n":"Fromage de brebis Les Croisés 210g","p":2.87,"u":"13,67 €/KG","img":"https://fd14-photos.leclercdrive.fr/image.ashx?id=2900112&use=l&cat=p&typeid=i","cat":329184},{"id":25828,"n":"Tagliatelles Fleury Michon saumon, crème ciboulette - 280g","p":2.95,"u":"10,54 €/KG","img":"https://fd14-photos.leclercdrive.fr/image.ashx?id=3003290&use=l&cat=p&typeid=i","cat":333665},{"id":25836,"n":"Choucroute garnie  William Saurin - 800g","p":3.8,"u":"4,75 €/KG","img":"https://fd14-photos.leclercdrive.fr/image.ashx?id=2890058&use=l&cat=p&typeid=i","cat":284441},{"id":25839,"n":"Couscous parfumé Tipiak Prêt en 5 min  - 500g","p":1.8,"u":"3,60 €/KG","img":"https://fd14-photos.leclercdrive.fr/image.ashx?id=2946937&use=l&cat=p&typeid=i","cat":284429},{"id":25840,"n":"Couscous Royal Garbit Poulet & Merguez - 980g","p":5.41,"u":"5,52 €/KG","img":"https://fd14-photos.leclercdrive.fr/image.ashx?id=2190557&use=l&cat=p&typeid=i","cat":289013},{"id":25841,"n":"Couscous Tipiak  Prêt en 1 min 30 s - 500g","p":1.18,"u":"2,36 €/KG","img":"https://fd14-photos.leclercdrive.fr/image.ashx?id=2640431&use=l&cat=p&typeid=i","cat":284429},{"id":25848,"n":"Lait de coco Suzi Wan 500ml","p":2.55,"u":"5,10 €/L","img":"https://fd14-photos.leclercdrive.fr/image.ashx?id=2892934&use=l&cat=p&typeid=i","cat":288992},{"id":25860,"n":"Pain au chocolat La Boulangère Pur beurre - x8 - 400g","p":2.75,"u":"6,88 €/KG","img":"https://fd14-photos.leclercdrive.fr/image.ashx?id=2912182&use=l&cat=p&typeid=i","cat":296366},{"id":25868,"n":"Flocons d'avoine Quaker Oats Classic - 800g","p":2.25,"u":"2,81 €/KG","img":"https://fd14-photos.leclercdrive.fr/image.ashx?id=2344498&use=l&cat=p&typeid=i","cat":309512},{"id":25873,"n":"Rillettes à l'ancienne Hénaff Verrine - 180g","p":2.8,"u":"15,56 €/KG","img":"https://fd14-photos.leclercdrive.fr/image.ashx?id=2744989&use=l&cat=p&typeid=i","cat":305149},{"id":25876,"n":"IGP Poulet Eleveurs de bretagne PAC blanc fermier LR - 1.4kg","p":10.89,"u":"7,78 €/KG","img":"https://fd14-photos.leclercdrive.fr/image.ashx?id=1617462&use=l&cat=p&typeid=i","cat":284336},{"id":25879,"n":"Bâtonnets Dentastix Pedigree Petit chien x28 - 440g","p":5.13,"u":"11,66 €/KG","img":"https://fd14-photos.leclercdrive.fr/image.ashx?id=2877106&use=l&cat=p&typeid=i","cat":294527},{"id":25889,"n":"Mignonnettes Côte d'Or Chocolat au lait - 24x10g","p":5.62,"u":"23,42 €/KG","img":"https://fd14-photos.leclercdrive.fr/image.ashx?id=3002210&use=l&cat=p&typeid=i","cat":284499},{"id":25894,"n":"Mignonnettes Côte d'Or Chocolat noir - 24x10g","p":5.34,"u":"22,25 €/KG","img":"https://fd14-photos.leclercdrive.fr/image.ashx?id=3009116&use=l&cat=p&typeid=i","cat":284499},{"id":26014,"n":"Colin d'Alaska Marie Petites St Jacques Hisseo 900g","p":5.35,"u":"5,94 €/KG","img":"https://fd14-photos.leclercdrive.fr/image.ashx?id=2996758&use=l&cat=p&typeid=i","cat":319786},{"id":26027,"n":"Gel douche Eco  Senteur vanille - 500ml","p":0.65,"u":"1,30 €/L","img":"https://fd14-photos.leclercdrive.fr/image.ashx?id=2079795&use=l&cat=p&typeid=i","cat":284594},{"id":26035,"n":"Bain de bouche Dentamyl Fraîcheur menthe - 500ml","p":1.79,"u":"3,58 €/L","img":"https://fd14-photos.leclercdrive.fr/image.ashx?id=2526604&use=l&cat=p&typeid=i","cat":284613},{"id":26038,"n":"Recharge savon mains Manava Crème Lait et miel - 250ml","p":0.49,"u":"1,96 €/L","img":"https://fd14-photos.leclercdrive.fr/image.ashx?id=2935489&use=l&cat=p&typeid=i","cat":284597},{"id":26040,"n":"Recharge savon mains Manava Gel spécial cuisine - 250ml","p":0.49,"u":"1,96 €/L","img":"https://fd14-photos.leclercdrive.fr/image.ashx?id=2935492&use=l&cat=p&typeid=i","cat":284597},{"id":26045,"n":"Activateur biologique Syphon Pour fosses septiques 26sachets","p":6.22,"img":"https://fd14-photos.leclercdrive.fr/image.ashx?id=2558805&use=l&cat=p&typeid=i","cat":284908},{"id":26065,"n":"Saucisson Petit Justin Bridou  Bâton de Berger Nature - 100g","p":2.15,"u":"21,50 €/KG","img":"https://fd14-photos.leclercdrive.fr/image.ashx?id=2851036&use=l&cat=p&typeid=i","cat":316006},{"id":26085,"n":"Dessert végétal Sojasun Café - 4x100g","p":1.55,"u":"3,88 €/KG","img":"https://fd14-photos.leclercdrive.fr/image.ashx?id=2759993&use=l&cat=p&typeid=i","cat":316071},{"id":26087,"n":"Fromage blanc sous mousse  gervita nature - 8x100g","p":3.45,"u":"4,31 €/KG","img":"https://fd14-photos.leclercdrive.fr/image.ashx?id=2265768&use=l&cat=p&typeid=i","cat":284409},{"id":26090,"n":"Lait entier Bio Village Bio Bouteille UHT - 1L","p":1.4,"u":"1,40 €/L","img":"https://fd14-photos.leclercdrive.fr/image.ashx?id=2981924&use=l&cat=p&typeid=i","cat":285610},{"id":26099,"n":"Désodorisant Arbre Magique Parfum vanille - 1 pièce","p":1.29,"img":"https://fd14-photos.leclercdrive.fr/image.ashx?id=2301088&use=l&cat=p&typeid=i","cat":298252},{"id":26100,"n":"Désodorisant Arbre Magique Parfum pêche - 1 pièce","p":1.29,"img":"https://fd14-photos.leclercdrive.fr/image.ashx?id=2484464&use=l&cat=p&typeid=i","cat":298252},{"id":26101,"n":"Désodorisant Arbre Magique Parfum fraise - 1 pièce","p":1.29,"img":"https://fd14-photos.leclercdrive.fr/image.ashx?id=2401691&use=l&cat=p&typeid=i","cat":298252},{"id":26102,"n":"Désodorisant Arbre Magique Fraîcheur sport - 1 pièce","p":1.29,"img":"https://fd14-photos.leclercdrive.fr/image.ashx?id=1855217&use=l&cat=p&typeid=i","cat":298252},{"id":26103,"n":"Désodorisant Arbre Magique Pomme verte - 1 pièce","p":1.29,"img":"https://fd14-photos.leclercdrive.fr/image.ashx?id=1868317&use=l&cat=p&typeid=i","cat":298252},{"id":26111,"n":"5 baies grains Sainte Lucie 250g","p":9.25,"u":"37,00 €/KG","img":"https://fd14-photos.leclercdrive.fr/image.ashx?id=2379703&use=l&cat=p&typeid=i","cat":284457},{"id":26112,"n":"5 baies Sainte Lucie Moulin -  40g","p":2.75,"u":"68,75 €/KG","img":"https://fd14-photos.leclercdrive.fr/image.ashx?id=2774460&use=l&cat=p&typeid=i","cat":284457},{"id":26119,"n":"Extrait naturel Sainte Lucie Vanille blister 20ml","p":3.7,"u":"185,00 €/L","img":"https://fd14-photos.leclercdrive.fr/image.ashx?id=2774963&use=l&cat=p&typeid=i","cat":284504},{"id":26122,"n":"Décor anniversaire Sainte Lucie 1 bougie + 10 chiffres + socle","p":3.5,"img":"https://fd14-photos.leclercdrive.fr/image.ashx?id=2774364&use=l&cat=p&typeid=i","cat":284504},{"id":26123,"n":"Décor rond Sainte Lucie Heureux anniversaire blister x1","p":2.4,"img":"https://fd14-photos.leclercdrive.fr/image.ashx?id=2776124&use=l&cat=p&typeid=i","cat":284504},{"id":26137,"n":"Piment d'Espelette AOP Sainte Lucie - 50g","p":7.95,"u":"159,00 €/KG","img":"https://fd14-photos.leclercdrive.fr/image.ashx?id=2974342&use=l&cat=p&typeid=i","cat":298297},{"id":26140,"n":"Poivre noir Sainte Lucie Moulin - 50g","p":2.85,"u":"57,00 €/KG","img":"https://fd14-photos.leclercdrive.fr/image.ashx?id=2774463&use=l&cat=p&typeid=i","cat":284457},{"id":26161,"n":"Yaourt nature brassé bifidus Activia - 8x125g","p":2.7,"u":"2,70 €/KG","img":"https://fd14-photos.leclercdrive.fr/image.ashx?id=2741691&use=l&cat=p&typeid=i","cat":315000},{"id":26183,"n":"Adoucissant Hyperdou Rêve de fraîcheur - 3x250ml","p":1.23,"u":"1,64 €/L","img":"https://fd14-photos.leclercdrive.fr/image.ashx?id=2643318&use=l&cat=p&typeid=i","cat":284650},{"id":26185,"n":"Lingettes désinfectante Sanytol Multi-usage Eucalyptus - x72","p":1.55,"u":"0,03 €/P","img":"https://fd14-photos.leclercdrive.fr/image.ashx?id=2899353&use=l&cat=p&typeid=i","cat":325358},{"id":26258,"n":"Madeleines coquilles P'tit déli Sachet 600g","p":2.39,"u":"3,98 €/KG","img":"https://fd14-photos.leclercdrive.fr/image.ashx?id=2540948&use=l&cat=p&typeid=i","cat":284492},{"id":26271,"n":"Rôti de porc Tradilège 6 tranches VPF 180g","p":2.38,"u":"13,22 €/KG","img":"https://fd14-photos.leclercdrive.fr/image.ashx?id=2675786&use=l&cat=p&typeid=i","cat":316009},{"id":26286,"n":"Soupe instantanée Royco  Crème de Champignons - 4x200ml","p":1.34,"u":"22,33 €/KG","img":"https://fd14-photos.leclercdrive.fr/image.ashx?id=2650979&use=l&cat=p&typeid=i","cat":293527},{"id":26289,"n":"Sauce froide Suzi Wan Aigre douce 330g","p":2.0,"u":"6,06 €/KG","img":"https://fd14-photos.leclercdrive.fr/image.ashx?id=2990886&use=l&cat=p&typeid=i","cat":288992},{"id":26303,"n":"Céréales Corn Flakes Eco+ sucrés - 750g","p":2.13,"u":"2,84 €/KG","img":"https://fd14-photos.leclercdrive.fr/image.ashx?id=2934643&use=l&cat=p&typeid=i","cat":309513},{"id":26307,"n":"Boisson énergisante Red Bull 473ml","p":2.0,"u":"4,23 €/L","img":"https://fd14-photos.leclercdrive.fr/image.ashx?id=3011986&use=l&cat=p&typeid=i","cat":284533},{"id":26316,"n":"Mini-crêpes fourrées Tokapi Bacon - 65g","p":1.9,"u":"29,23 €/KG","img":"https://fd14-photos.leclercdrive.fr/image.ashx?id=2853886&use=l&cat=p&typeid=i","cat":297000},{"id":26320,"n":"Oignons frits snack Kühne Boîte -  100g","p":1.26,"u":"12,60 €/KG","img":"https://fd14-photos.leclercdrive.fr/image.ashx?id=2447079&use=l&cat=p&typeid=i","cat":298297},{"id":26323,"n":"Soda Jean's Cola Canette - 12x15cl","p":3.75,"u":"2,08 €/L","img":"https://fd14-photos.leclercdrive.fr/image.ashx?id=742535&use=l&cat=p&typeid=i","cat":284530},{"id":26325,"n":"Noisettes Sainte Lucie En poudre 125g","p":3.35,"u":"26,80 €/KG","img":"https://fd14-photos.leclercdrive.fr/image.ashx?id=2122046&use=l&cat=p&typeid=i","cat":284504},{"id":26328,"n":"Arôme amande amère Sainte Lucie Blister - 20ml","p":1.3,"u":"65,00 €/L","img":"https://fd14-photos.leclercdrive.fr/image.ashx?id=2774313&use=l&cat=p&typeid=i","cat":284504},{"id":26329,"n":"Arôme Sainte Lucie Fleur d'oranger flacon 250ml","p":1.8,"u":"7,20 €/L","img":"https://fd14-photos.leclercdrive.fr/image.ashx?id=2774316&use=l&cat=p&typeid=i","cat":284504},{"id":26334,"n":"Billes Sainte Lucie Multicolores 80g","p":1.7,"u":"21,25 €/KG","img":"https://fd14-photos.leclercdrive.fr/image.ashx?id=2774346&use=l&cat=p&typeid=i","cat":284504},{"id":26335,"n":"Bougies anniversaire Ste Lucie Plusieurs coloris blister x20","p":2.35,"img":"https://fd14-photos.leclercdrive.fr/image.ashx?id=2774361&use=l&cat=p&typeid=i","cat":284504},{"id":26337,"n":"Clous de girofle Sainte Lucie 30g","p":3.5,"u":"116,67 €/KG","img":"https://fd14-photos.leclercdrive.fr/image.ashx?id=2774385&use=l&cat=p&typeid=i","cat":298297},{"id":26339,"n":"Cumin moulu Sainte Lucie 40g","p":2.35,"u":"58,75 €/KG","img":"https://fd14-photos.leclercdrive.fr/image.ashx?id=2974315&use=l&cat=p&typeid=i","cat":298297},{"id":26343,"n":"Piment doux Sainte Lucie Moulus - 50g","p":2.0,"u":"40,00 €/KG","img":"https://fd14-photos.leclercdrive.fr/image.ashx?id=2774388&use=l&cat=p&typeid=i","cat":298297},{"id":26348,"n":"Piments de cayenne Sainte Lucie Moulu - 40g","p":2.25,"u":"56,25 €/KG","img":"https://fd14-photos.leclercdrive.fr/image.ashx?id=2774400&use=l&cat=p&typeid=i","cat":298297},{"id":26362,"n":"Ail semoule Sainte Lucie 60g","p":2.1,"u":"35,00 €/KG","img":"https://fd14-photos.leclercdrive.fr/image.ashx?id=1892852&use=l&cat=p&typeid=i","cat":298297},{"id":26364,"n":"Ail semoule Sainte Lucie Pot 320g","p":6.9,"u":"21,56 €/KG","img":"https://fd14-photos.leclercdrive.fr/image.ashx?id=2551096&use=l&cat=p&typeid=i","cat":298297},{"id":26366,"n":"Caramel liquide Sainte Lucie Nature flacon 250ml","p":2.5,"u":"10,00 €/L","img":"https://fd14-photos.leclercdrive.fr/image.ashx?id=2776106&use=l&cat=p&typeid=i","cat":284504},{"id":26369,"n":"Demi feuilles de gélatine  Sainte Lucie","p":1.2,"img":"https://fd14-photos.leclercdrive.fr/image.ashx?id=2859024&use=l&cat=p&typeid=i","cat":284504},{"id":26372,"n":"Noix de coco Sainte Lucie Des Tropiques râpée sachet 125g","p":1.9,"u":"15,20 €/KG","img":"https://fd14-photos.leclercdrive.fr/image.ashx?id=2776115&use=l&cat=p&typeid=i","cat":284504},{"id":26378,"n":"Curcuma moulu Sainte Lucie 55g","p":2.25,"u":"40,91 €/KG","img":"https://fd14-photos.leclercdrive.fr/image.ashx?id=2774391&use=l&cat=p&typeid=i","cat":298297},{"id":26379,"n":"Echalote semoule Sainte Lucie 40g","p":1.65,"u":"41,25 €/KG","img":"https://fd14-photos.leclercdrive.fr/image.ashx?id=2974318&use=l&cat=p&typeid=i","cat":298297},{"id":26385,"n":"Aneth feuilles Sainte Lucie 15g","p":1.5,"u":"100,00 €/KG","img":"https://fd14-photos.leclercdrive.fr/image.ashx?id=2774382&use=l&cat=p&typeid=i","cat":298297},{"id":26386,"n":"Basilic feuilles Sainte Lucie Coupées - 15g","p":1.45,"u":"96,67 €/KG","img":"https://fd14-photos.leclercdrive.fr/image.ashx?id=2774376&use=l&cat=p&typeid=i","cat":298297},{"id":26390,"n":"Poivre noir grains Sainte Lucie Saveurs préservées flacon 50g","p":2.5,"u":"50,00 €/KG","img":"https://fd14-photos.leclercdrive.fr/image.ashx?id=2974327&use=l&cat=p&typeid=i","cat":284457},{"id":26391,"n":"Poivre noir moulu Sainte Lucie Saveurs préservées - 50g","p":1.85,"u":"37,00 €/KG","img":"https://fd14-photos.leclercdrive.fr/image.ashx?id=2974330&use=l&cat=p&typeid=i","cat":284457},{"id":26392,"n":"Poivre gris moulu Sainte Lucie Flacon 50g","p":1.9,"u":"38,00 €/KG","img":"https://fd14-photos.leclercdrive.fr/image.ashx?id=2176776&use=l&cat=p&typeid=i","cat":284457},{"id":26393,"n":"Poivre gris moulu Sainte Lucie 95g","p":3.15,"u":"33,16 €/KG","img":"https://fd14-photos.leclercdrive.fr/image.ashx?id=2774445&use=l&cat=p&typeid=i","cat":284457},{"id":26394,"n":"Poivre noir grains Sainte Lucie Etui - 100g","p":3.2,"u":"32,00 €/KG","img":"https://fd14-photos.leclercdrive.fr/image.ashx?id=2774442&use=l&cat=p&typeid=i","cat":284457},{"id":26395,"n":"Sucre vanillé Sainte Lucie Bourbon 5 sachets - 38g","p":1.4,"u":"36,84 €/KG","img":"https://fd14-photos.leclercdrive.fr/image.ashx?id=2774286&use=l&cat=p&typeid=i","cat":284504},{"id":26402,"n":"Thym feuilles Sainte Lucie Aromatiques - 18g","p":1.5,"u":"83,33 €/KG","img":"https://fd14-photos.leclercdrive.fr/image.ashx?id=2774966&use=l&cat=p&typeid=i","cat":298297},{"id":26407,"n":"Raisins secs bruns Sainte Lucie De Smyrne - 125g","p":1.15,"u":"9,20 €/KG","img":"https://fd14-photos.leclercdrive.fr/image.ashx?id=2774337&use=l&cat=p&typeid=i","cat":323809},{"id":26408,"n":"Raisins blonds Sainte Lucie Sultanine - 125g","p":1.9,"u":"15,20 €/KG","img":"https://fd14-photos.leclercdrive.fr/image.ashx?id=2142638&use=l&cat=p&typeid=i","cat":284357},{"id":26447,"n":"Pralin doré haché Sainte Lucie Sachet 75g","p":1.75,"u":"23,33 €/KG","img":"https://fd14-photos.leclercdrive.fr/image.ashx?id=2774355&use=l&cat=p&typeid=i","cat":284504},{"id":26453,"n":"Eau gazeuse Cristaline 6x50cl","p":1.3,"u":"0,43 €/L","img":"https://fd14-photos.leclercdrive.fr/image.ashx?id=2694605&use=l&cat=p&typeid=i","cat":284536},{"id":26457,"n":"Bière blonde Abbaye Alveringem 6.2%vol. - 6x25cl","p":3.4,"u":"2,27 €/L","img":"https://fd14-photos.leclercdrive.fr/image.ashx?id=2637892&use=l&cat=p&typeid=i","cat":334852},{"id":26461,"n":"Lait sans lactose Délisse UHT Bouteille -  1L","p":1.25,"u":"1,25 €/L","img":"https://fd14-photos.leclercdrive.fr/image.ashx?id=2610217&use=l&cat=p&typeid=i","cat":317169},{"id":26464,"n":"Steak haché 5% MG Bio Village Bio 2x100g","p":4.59,"u":"22,95 €/KG","img":"https://fd14-photos.leclercdrive.fr/image.ashx?id=2951338&use=l&cat=p&typeid=i","cat":284332},{"id":26488,"n":"Panna Cotta Délisse Caramel - 4x90g","p":1.94,"u":"5,39 €/KG","img":"https://fd14-photos.leclercdrive.fr/image.ashx?id=2935223&use=l&cat=p&typeid=i","cat":284419},{"id":26512,"n":"Fromage blanc Délisse Fraise 5.5%MG - 500g","p":2.55,"u":"5,10 €/KG","img":"https://fd14-photos.leclercdrive.fr/image.ashx?id=3009514&use=l&cat=p&typeid=i","cat":284409},{"id":26562,"n":"Lait sans lactose Délisse UHT Bouteille -  6x1L","p":7.5,"u":"1,25 €/L","img":"https://fd14-photos.leclercdrive.fr/image.ashx?id=2366292&use=l&cat=p&typeid=i","cat":317169},{"id":26586,"n":"Fromage blanc Déli'light Vanille 0%MG - 8x100g","p":2.66,"u":"3,33 €/KG","img":"https://fd14-photos.leclercdrive.fr/image.ashx?id=2967591&use=l&cat=p&typeid=i","cat":315000},{"id":26611,"n":"Sel moulu Le Guérandais Tradition - 250g","p":1.65,"u":"6,60 €/KG","img":"https://fd14-photos.leclercdrive.fr/image.ashx?id=1954622&use=l&cat=p&typeid=i","cat":284457},{"id":26612,"n":"Poulet Eleveurs de bretagne Fumé au bois d'hêtre - 1.35kg","p":10.48,"u":"7,76 €/KG","img":"https://fd14-photos.leclercdrive.fr/image.ashx?id=1573829&use=l&cat=p&typeid=i","cat":284336},{"id":26646,"n":"AOP Champagne Brut Nicolas Feuillatte Grande Réserve 75cl","p":22.35,"pp":20.11,"u":"26,81 €/L","img":"https://fd14-photos.leclercdrive.fr/image.ashx?id=2733184&use=l&cat=p&typeid=i","cat":284542},{"id":26647,"n":"Chair à saucisses porc Férial 400g","p":3.49,"u":"8,73 €/KG","img":"https://fd14-photos.leclercdrive.fr/image.ashx?id=2953308&use=l&cat=p&typeid=i","cat":284332},{"id":26648,"n":"Couscous Grain Moyen Regia - 500G","p":1.3,"u":"2,60 €/KG","img":"https://fd14-photos.leclercdrive.fr/image.ashx?id=2870206&use=l&cat=p&typeid=i","cat":284429},{"id":26649,"n":"Cacahuètes Benenuts-Twinuts Nature Sel - 150g","p":1.02,"u":"6,80 €/KG","img":"https://fd14-photos.leclercdrive.fr/image.ashx?id=2967735&use=l&cat=p&typeid=i","cat":284448},{"id":26659,"n":"Fonds d'artichauts Notre Jardin 210g","p":2.71,"u":"12,90 €/KG","img":"https://fd14-photos.leclercdrive.fr/image.ashx?id=2607921&use=l&cat=p&typeid=i","cat":312611},{"id":26708,"n":"Cacahuètes Benenuts-Twinuts Bacon Grillé - 150g","p":1.0,"u":"6,67 €/KG","img":"https://fd14-photos.leclercdrive.fr/image.ashx?id=2967738&use=l&cat=p&typeid=i","cat":284448},{"id":26713,"n":"Brownie Brossard Chocolat pépites 285g","p":2.5,"u":"8,77 €/KG","img":"https://fd14-photos.leclercdrive.fr/image.ashx?id=2977492&use=l&cat=p&typeid=i","cat":294776},{"id":26720,"n":"Lentilles Préparées Cassegrain Tendres et Fondantes 130g","p":1.06,"u":"8,15 €/KG","img":"https://fd14-photos.leclercdrive.fr/image.ashx?id=2912992&use=l&cat=p&typeid=i","cat":312609},{"id":26722,"n":"Ratatouille Cuisinée Cassegrain à la Provençale 660g","p":3.59,"u":"5,44 €/KG","img":"https://fd14-photos.leclercdrive.fr/image.ashx?id=2902660&use=l&cat=p&typeid=i","cat":312612},{"id":26733,"n":"Dessert végétal au soja Sojasun Nature - 12x100g","p":3.05,"u":"2,54 €/KG","img":"https://fd14-photos.leclercdrive.fr/image.ashx?id=2355665&use=l&cat=p&typeid=i","cat":316071},{"id":26765,"n":"Mayonnaise Rustica A la moutarde de Dijon - 470g","p":1.6,"u":"3,40 €/KG","img":"https://fd14-photos.leclercdrive.fr/image.ashx?id=1944120&use=l&cat=p&typeid=i","cat":298295},{"id":26797,"n":"Compote Douceur du Verger Coupelle pomme fraise - 4x100g","p":1.15,"u":"2,88 €/KG","img":"https://fd14-photos.leclercdrive.fr/image.ashx?id=2663503&use=l&cat=p&typeid=i","cat":284508},{"id":26805,"n":"Crêpes dentelle Gavottes Nature étui 125g","p":1.9,"u":"15,20 €/KG","img":"https://fd14-photos.leclercdrive.fr/image.ashx?id=2664473&use=l&cat=p&typeid=i","cat":284487},{"id":26809,"n":"AOP Chevergny blanc L'Excellence - 75cl","p":5.5,"u":"7,33 €/L","img":"https://fd14-photos.leclercdrive.fr/image.ashx?id=969477&use=l&cat=p&typeid=i","cat":289557},{"id":26813,"n":"Vin mousseux Opéra Supérieur demi-sec 11%vol 75cl","p":2.9,"u":"3,87 €/L","img":"https://fd14-photos.leclercdrive.fr/image.ashx?id=2911378&use=l&cat=p&typeid=i","cat":284544},{"id":26818,"n":"Boisson base vin rosée Very Pamp Pamplemousse - 75cl","p":2.9,"u":"3,87 €/L","img":"https://fd14-photos.leclercdrive.fr/image.ashx?id=2446629&use=l&cat=p&typeid=i","cat":304569},{"id":26819,"n":"Boisson aromatisée Vin rosé Pamplemousse 7.5%,vol BIB 3L","p":8.95,"u":"2,98 €/L","img":"https://fd14-photos.leclercdrive.fr/image.ashx?id=2470024&use=l&cat=p&typeid=i","cat":304569},{"id":26820,"n":"IGP Pays d'Oc rouge Roche Mazet Merlot - BIB 3L","p":10.25,"u":"3,42 €/L","img":"https://fd14-photos.leclercdrive.fr/image.ashx?id=2597387&use=l&cat=p&typeid=i","cat":289560},{"id":26824,"n":"Beurre Moulé Paysan Breton Sel de guérande - 80% MG - 500g","p":5.95,"u":"11,90 €/KG","img":"https://fd14-photos.leclercdrive.fr/image.ashx?id=2960783&use=l&cat=p&typeid=i","cat":284379},{"id":26840,"n":"Spray Détachant Vanish  Avant-lavage - 750ml","p":4.39,"u":"5,85 €/L","img":"https://fd14-photos.leclercdrive.fr/image.ashx?id=2963913&use=l&cat=p&typeid=i","cat":284651},{"id":26877,"n":"Crackers Mini pizza Tokapi 85g","p":0.69,"u":"8,12 €/KG","img":"https://fd14-photos.leclercdrive.fr/image.ashx?id=2351232&use=l&cat=p&typeid=i","cat":297000},{"id":26926,"n":"Couches bébé Mots d'Enfants -T3 Ultra confort - 4/9kg - x162","p":19.7,"u":"0,12 €/P","img":"https://fd14-photos.leclercdrive.fr/image.ashx?id=2573987&use=l&cat=p&typeid=i","cat":284737},{"id":26978,"n":"Chewing-gum menthol Airwaves Eucalyptus s/sucre 5x10","p":2.1,"img":"https://fd14-photos.leclercdrive.fr/image.ashx?id=2355902&use=l&cat=p&typeid=i","cat":304251},{"id":26979,"n":"Chewing-gum Airwaves Cool cassis s/sucre 5x10","p":2.05,"img":"https://fd14-photos.leclercdrive.fr/image.ashx?id=2355905&use=l&cat=p&typeid=i","cat":304251},{"id":26980,"n":"Chewing-gum Airwaves Black menthol sans sucre 5x10","p":2.2,"img":"https://fd14-photos.leclercdrive.fr/image.ashx?id=2355908&use=l&cat=p&typeid=i","cat":304251},{"id":27069,"n":"Sorbet Oasis Multifruits x10 - 400g","p":2.55,"u":"6,38 €/KG","img":"https://fd14-photos.leclercdrive.fr/image.ashx?id=2831924&use=l&cat=p&typeid=i","cat":285250},{"id":27070,"n":"Bâtonnets Oasis Tropical x10 - 400g","p":2.55,"u":"6,38 €/KG","img":"https://fd14-photos.leclercdrive.fr/image.ashx?id=2877829&use=l&cat=p&typeid=i","cat":285250},{"id":27086,"n":"Crème légère fluide UHT Bio Bio Village 15%mg - 3x20cl","p":3.59,"u":"5,98 €/L","img":"https://fd14-photos.leclercdrive.fr/image.ashx?id=2694434&use=l&cat=p&typeid=i","cat":284381},{"id":27087,"n":"Crème entière fluide UHT Bio Bio Village 30% MG - 3x20cl","p":3.85,"u":"6,42 €/L","img":"https://fd14-photos.leclercdrive.fr/image.ashx?id=2496899&use=l&cat=p&typeid=i","cat":284381},{"id":27096,"n":"Mayonnaise allégée Rustica 450g","p":1.14,"u":"2,53 €/KG","img":"https://fd14-photos.leclercdrive.fr/image.ashx?id=1948556&use=l&cat=p&typeid=i","cat":298295},{"id":27098,"n":"Café moulu Plantation Brésil - 250g","p":3.7,"u":"14,80 €/KG","img":"https://fd14-photos.leclercdrive.fr/image.ashx?id=2607512&use=l&cat=p&typeid=i","cat":284750},{"id":27106,"n":"Couches bébé Mots d'Enfants Mini - T2 : 3/6kg - x35 changes","p":5.18,"u":"0,15 €/P","img":"https://fd14-photos.leclercdrive.fr/image.ashx?id=2904568&use=l&cat=p&typeid=i","cat":284737},{"id":27108,"n":"Steak haché 5%mg Férial façon bouchère - 250g","p":4.49,"u":"17,96 €/KG","img":"https://fd14-photos.leclercdrive.fr/image.ashx?id=2903989&use=l&cat=p&typeid=i","cat":284332},{"id":27109,"n":"Steak haché 15mg Férial Façon bouchère - 250g","p":3.99,"u":"15,96 €/KG","img":"https://fd14-photos.leclercdrive.fr/image.ashx?id=2903992&use=l&cat=p&typeid=i","cat":284332},{"id":27114,"n":"Lait céréales Blédidej 12 mois Chocolat - 4x250ml","p":3.4,"u":"3,40 €/L","img":"https://fd14-photos.leclercdrive.fr/image.ashx?id=2921058&use=l&cat=p&typeid=i","cat":312226},{"id":27123,"n":"Petit sucre Beghin Say Morceaux boite - 1kg","p":1.9,"u":"1,90 €/KG","img":"https://fd14-photos.leclercdrive.fr/image.ashx?id=2855100&use=l&cat=p&typeid=i","cat":284502},{"id":27152,"n":"Graisse à frire de boeuf Sans odeur - 1kg","p":4.1,"u":"4,10 €/KG","img":"https://fd14-photos.leclercdrive.fr/image.ashx?id=1753526&use=l&cat=p&typeid=i","cat":284453},{"id":27158,"n":"Mini Barre Chocolat Lait KitKat x21 barres - 350g","p":4.51,"u":"12,89 €/KG","img":"https://fd14-photos.leclercdrive.fr/image.ashx?id=2762611&use=l&cat=p&typeid=i","cat":284498},{"id":27172,"n":"Boisson lactée allégé Candy'UP Chocolat - 6x20cl","p":2.7,"u":"2,25 €/L","img":"https://fd14-photos.leclercdrive.fr/image.ashx?id=2492148&use=l&cat=p&typeid=i","cat":295246},{"id":27174,"n":"Bière blonde Tripel Karmeliet 8,4% - 75cl","p":4.64,"u":"6,19 €/L","img":"https://fd14-photos.leclercdrive.fr/image.ashx?id=2861180&use=l&cat=p&typeid=i","cat":334872},{"id":27178,"n":"Friandises Fun Tastix Fido Jambon fromage - 150g","p":1.5,"u":"10,00 €/KG","img":"https://fd14-photos.leclercdrive.fr/image.ashx?id=2681212&use=l&cat=p&typeid=i","cat":294527},{"id":27229,"n":"Couches bébé Mots d'Enfants Ecologique - T4 : 7/18kg - x32","p":8.99,"u":"0,28 €/P","img":"https://fd14-photos.leclercdrive.fr/image.ashx?id=2904562&use=l&cat=p&typeid=i","cat":284737},{"id":27247,"n":"Soupe froide Alvalle Concombre & menthe - 1L","p":3.8,"u":"3,80 €/L","img":"https://fd14-photos.leclercdrive.fr/image.ashx?id=2325521&use=l&cat=p&typeid=i","cat":284355},{"id":27260,"n":"Profiteroles La Laitière Chocolat - 4x90g","p":2.65,"u":"7,36 €/KG","img":"https://fd14-photos.leclercdrive.fr/image.ashx?id=3007981&use=l&cat=p&typeid=i","cat":284419},{"id":27284,"n":"Gingembre Barquette   250g","p":14.99,"u":"59,96 €/KG","img":"https://fd14-photos.leclercdrive.fr/image.ashx?id=1631979&use=l&cat=p&typeid=i","cat":284352},{"id":27417,"n":"Piémontaise Traditionnelle - 1.5kg","p":12.3,"u":"8,20 €/KG","img":"https://fd14-photos.leclercdrive.fr/image.ashx?id=2293057&use=l&cat=p&typeid=i","cat":333657},{"id":27434,"n":"Coupelles Pêches DDV Sirop léger - 4x70 g","p":2.49,"u":"8,89 €/KG","img":"https://fd14-photos.leclercdrive.fr/image.ashx?id=2100784&use=l&cat=p&typeid=i","cat":284507},{"id":27454,"n":"Maïs Notre Jardin Croquant - 3x140g","p":1.83,"u":"4,36 €/KG","img":"https://fd14-photos.leclercdrive.fr/image.ashx?id=2052802&use=l&cat=p&typeid=i","cat":312611},{"id":27523,"n":"Colin d'Alaska Pêche Océan À la parisienne - MSC - 400g","p":2.81,"u":"7,03 €/KG","img":"https://fd14-photos.leclercdrive.fr/image.ashx?id=2930120&use=l&cat=p&typeid=i","cat":319786},{"id":27524,"n":"Colin d'Alaska Côté Table A la provençale - MSC - 400g","p":2.83,"u":"7,08 €/KG","img":"https://fd14-photos.leclercdrive.fr/image.ashx?id=2930123&use=l&cat=p&typeid=i","cat":319786},{"id":27531,"n":"Assortiment exotique Tables du Monde 470g","p":4.79,"u":"10,19 €/KG","img":"https://fd14-photos.leclercdrive.fr/image.ashx?id=2657954&use=l&cat=p&typeid=i","cat":333673},{"id":27721,"n":"Emmental Les Croisés En tranches - 200g","p":1.94,"u":"9,70 €/KG","img":"https://fd14-photos.leclercdrive.fr/image.ashx?id=2436317&use=l&cat=p&typeid=i","cat":314028},{"id":27836,"n":"Pizza Crousti-moelleuse Marie Poulet kebab - 530g","p":3.85,"u":"7,26 €/KG","img":"https://fd14-photos.leclercdrive.fr/image.ashx?id=2996752&use=l&cat=p&typeid=i","cat":284256},{"id":27941,"n":"Cotons Duo Démaquillants Inell Disques x110","p":0.96,"img":"https://fd14-photos.leclercdrive.fr/image.ashx?id=1709588&use=l&cat=p&typeid=i","cat":285593},{"id":27976,"n":"Eau minérale naturelle Vittel 8x33cl","p":2.2,"u":"0,83 €/L","img":"https://fd14-photos.leclercdrive.fr/image.ashx?id=3000423&use=l&cat=p&typeid=i","cat":284535},{"id":27977,"n":"Eau minérale naturelle Vittel 6x50cl","p":2.2,"u":"0,73 €/L","img":"https://fd14-photos.leclercdrive.fr/image.ashx?id=2999850&use=l&cat=p&typeid=i","cat":284535},{"id":28021,"n":"Dentifrice enfant Dentamyl Gel fraise - 75ml","p":1.22,"u":"16,27 €/L","img":"https://fd14-photos.leclercdrive.fr/image.ashx?id=2613831&use=l&cat=p&typeid=i","cat":288898},{"id":28023,"n":"Duo céréales Comptoir du Grain  Quinoa et Boulgour - 400g","p":2.06,"u":"5,15 €/KG","img":"https://fd14-photos.leclercdrive.fr/image.ashx?id=3012830&use=l&cat=p&typeid=i","cat":284429},{"id":28028,"n":"Recharge power tabs Rubson Lot de 4","p":18.5,"u":"4,63 €/P","img":"https://fd14-photos.leclercdrive.fr/image.ashx?id=1971365&use=l&cat=p&typeid=i","cat":300576},{"id":28078,"n":"Coton bébé Mots d'Enfants Duo maxi carrés - x80","p":1.79,"u":"0,02 €/P","img":"https://fd14-photos.leclercdrive.fr/image.ashx?id=1947722&use=l&cat=p&typeid=i","cat":284739},{"id":28104,"n":"IGP Pays d'Oc Merlot vin rosé Vieux Carion 12.5% vol -75 cl","p":2.25,"u":"3,00 €/L","img":"https://fd14-photos.leclercdrive.fr/image.ashx?id=2699279&use=l&cat=p&typeid=i","cat":289558},{"id":28203,"n":"Fromage : Le Carré Les Croisés 23%mg - 230g","p":1.92,"u":"8,35 €/KG","img":"https://fd14-photos.leclercdrive.fr/image.ashx?id=2974801&use=l&cat=p&typeid=i","cat":314033},{"id":28209,"n":"Noix de cajou grillées Tokapi Salées - 125g","p":1.49,"u":"11,92 €/KG","img":"https://fd14-photos.leclercdrive.fr/image.ashx?id=2839821&use=l&cat=p&typeid=i","cat":284448},{"id":28217,"n":"Pain d'épices bio Bio Village Miel - Pré-tranché - 300g","p":1.75,"u":"5,83 €/KG","img":"https://fd14-photos.leclercdrive.fr/image.ashx?id=2355419&use=l&cat=p&typeid=i","cat":284493},{"id":28226,"n":"Cotons Duo Démaquillants Inell Duo ovale - Disques x70","p":1.56,"img":"https://fd14-photos.leclercdrive.fr/image.ashx?id=1709940&use=l&cat=p&typeid=i","cat":285593},{"id":28228,"n":"Chocolat Pâtissier Bio Village Bio - Noir  52% cacao - 200g","p":2.88,"u":"14,40 €/KG","img":"https://fd14-photos.leclercdrive.fr/image.ashx?id=2658596&use=l&cat=p&typeid=i","cat":285562},{"id":28241,"n":"Savon mains en crème Manava Lait et miel - 300ml","p":1.0,"u":"3,33 €/L","img":"https://fd14-photos.leclercdrive.fr/image.ashx?id=2935486&use=l&cat=p&typeid=i","cat":284597},{"id":28278,"n":"Oranges à jus Panier du Primeur Filet 2kg","p":3.49,"u":"1,75 €/KG","img":"https://fd14-photos.leclercdrive.fr/image.ashx?id=2414570&use=l&cat=p&typeid=i","cat":284356},{"id":28280,"n":"Flan entremets Tablier Blanc Vanille x4 192g","p":0.99,"u":"5,16 €/KG","img":"https://fd14-photos.leclercdrive.fr/image.ashx?id=2487464&use=l&cat=p&typeid=i","cat":284505},{"id":28308,"n":"Paëlla Royale Côté Table Poulet, moule et chorizo 940g","p":3.69,"u":"3,93 €/KG","img":"https://fd14-photos.leclercdrive.fr/image.ashx?id=2977873&use=l&cat=p&typeid=i","cat":325094},{"id":28353,"n":"AOP Reblochon de Savoie Pochat 45%mg - 450g","p":6.8,"u":"15,11 €/KG","img":"https://fd14-photos.leclercdrive.fr/image.ashx?id=2102761&use=l&cat=p&typeid=i","cat":314037},{"id":28384,"n":"Patate douce Sachet 1kg","p":2.99,"u":"2,99 €/KG","img":"https://fd14-photos.leclercdrive.fr/image.ashx?id=1632578&use=l&cat=p&typeid=i","cat":284352},{"id":28415,"n":"Colin d'Alaska Pêche Océan À la moutarde - MSC - 400g","p":2.99,"u":"7,48 €/KG","img":"https://fd14-photos.leclercdrive.fr/image.ashx?id=2930117&use=l&cat=p&typeid=i","cat":319786},{"id":28419,"n":"Lingettes anti-transfert Texil Tous textiles x25","p":2.32,"u":"0,09 €/P","img":"https://fd14-photos.leclercdrive.fr/image.ashx?id=2964571&use=l&cat=p&typeid=i","cat":290450},{"id":28422,"n":"Choucroute d'Alsace NRT 920g","p":6.87,"u":"7,47 €/KG","img":"https://fd14-photos.leclercdrive.fr/image.ashx?id=2723243&use=l&cat=p&typeid=i","cat":333666},{"id":28423,"n":"Choucroute d'Alsace NRT 370g","p":3.18,"u":"8,59 €/KG","img":"https://fd14-photos.leclercdrive.fr/image.ashx?id=2723246&use=l&cat=p&typeid=i","cat":333665},{"id":28424,"n":"Steak haché Férial  15%mg - 400g","p":6.99,"u":"17,48 €/KG","img":"https://fd14-photos.leclercdrive.fr/image.ashx?id=2627236&use=l&cat=p&typeid=i","cat":284332},{"id":28562,"n":"Oranges à déguster Panier du Primeur Filet 2kg","p":2.99,"u":"1,50 €/KG","img":"https://fd14-photos.leclercdrive.fr/image.ashx?id=2414567&use=l&cat=p&typeid=i","cat":284356},{"id":28613,"n":"Nectar multifruits  1L","p":0.98,"u":"0,98 €/L","img":"https://fd14-photos.leclercdrive.fr/image.ashx?id=2869263&use=l&cat=p&typeid=i","cat":284917},{"id":28710,"n":"Lingettes Mots d'Enfants Bio Bébé - x72 lingettes","p":2.5,"u":"0,03 €/P","img":"https://fd14-photos.leclercdrive.fr/image.ashx?id=2856504&use=l&cat=p&typeid=i","cat":284738},{"id":28713,"n":"Tablettes anti-calcaire Calgon 4 en 1 x17 - 221g","p":4.15,"u":"18,78 €/KG","img":"https://fd14-photos.leclercdrive.fr/image.ashx?id=2953761&use=l&cat=p&typeid=i","cat":284653},{"id":28715,"n":"Gel Toilette Intime Fraîcheur Intima Natural Aloe Vera 200ml","p":2.98,"u":"14,90 €/L","img":"https://fd14-photos.leclercdrive.fr/image.ashx?id=2959862&use=l&cat=p&typeid=i","cat":284627},{"id":28724,"n":"Nettoyant écologique Uni Vert Spécial Vitres - 750ml","p":1.79,"u":"2,39 €/L","img":"https://fd14-photos.leclercdrive.fr/image.ashx?id=2370993&use=l&cat=p&typeid=i","cat":325363},{"id":28725,"n":"Nettoyant écologique Uni Vert Spécial Vitres - 750ml","p":1.47,"u":"1,96 €/L","img":"https://fd14-photos.leclercdrive.fr/image.ashx?id=2372341&use=l&cat=p&typeid=i","cat":325363},{"id":28727,"n":"Tablettes anti-calcaire Calgon  4 en 1 - x48","p":9.23,"u":"14,79 €/KG","img":"https://fd14-photos.leclercdrive.fr/image.ashx?id=2954881&use=l&cat=p&typeid=i","cat":284653},{"id":28730,"n":"Bain moussant Manava Vanille et ambre 500ml","p":2.2,"u":"4,40 €/L","img":"https://fd14-photos.leclercdrive.fr/image.ashx?id=2618326&use=l&cat=p&typeid=i","cat":284594},{"id":28753,"n":"Café Soluble Nescafé Cappuccino Café Viennois - 306g","p":4.5,"u":"14,71 €/KG","img":"https://fd14-photos.leclercdrive.fr/image.ashx?id=2874087&use=l&cat=p&typeid=i","cat":284843},{"id":28803,"n":"After Eight Chocolat Noël Nuit de Londres - 400g","p":6.2,"u":"15,50 €/KG","img":"https://fd14-photos.leclercdrive.fr/image.ashx?id=2918373&use=l&cat=p&typeid=i","cat":327595},{"id":28809,"n":"Pain burger géant Epi d'Or Nature x4 - 330g","p":0.87,"u":"2,64 €/KG","img":"https://fd14-photos.leclercdrive.fr/image.ashx?id=1861089&use=l&cat=p&typeid=i","cat":325067},{"id":28828,"n":"Pâtes fraîches Turini Gnocchi 380g","p":1.09,"u":"2,87 €/KG","img":"https://fd14-photos.leclercdrive.fr/image.ashx?id=2254526&use=l&cat=p&typeid=i","cat":333682},{"id":28848,"n":"Pennes au saumon Marie A la crème - 900g","p":5.7,"u":"6,33 €/KG","img":"https://fd14-photos.leclercdrive.fr/image.ashx?id=2996761&use=l&cat=p&typeid=i","cat":284254},{"id":28866,"n":"Coq au vin et ses torsades NRT 300g","p":2.65,"u":"8,83 €/KG","img":"https://fd14-photos.leclercdrive.fr/image.ashx?id=2723240&use=l&cat=p&typeid=i","cat":284953},{"id":28873,"n":"Thon blanc Bretagne NRT huile d'olive - 160g","p":3.09,"u":"19,31 €/KG","img":"https://fd14-photos.leclercdrive.fr/image.ashx?id=2775448&use=l&cat=p&typeid=i","cat":303867},{"id":28874,"n":"Thon blanc Bretagne NRT Nature - 160g","p":2.72,"u":"17,00 €/KG","img":"https://fd14-photos.leclercdrive.fr/image.ashx?id=2775445&use=l&cat=p&typeid=i","cat":303867},{"id":28913,"n":"IGP Filet de poulet blanc fermier Label rouge x2 - 240g","p":5.99,"u":"24,96 €/KG","img":"https://fd14-photos.leclercdrive.fr/image.ashx?id=1617450&use=l&cat=p&typeid=i","cat":284336},{"id":28914,"n":"IGP Cuisse de poulet blanc fermier Label rouge x2 - 520g","p":5.19,"u":"9,98 €/KG","img":"https://fd14-photos.leclercdrive.fr/image.ashx?id=1618918&use=l&cat=p&typeid=i","cat":284336},{"id":28938,"n":"Velouté bio Bio Village Légumes variés  - 1L","p":2.19,"u":"2,19 €/L","img":"https://fd14-photos.leclercdrive.fr/image.ashx?id=2404154&use=l&cat=p&typeid=i","cat":284462},{"id":28966,"n":"Liqueur Malibu Coco 18% vol - 70cl","p":9.9,"u":"14,14 €/L","img":"https://fd14-photos.leclercdrive.fr/image.ashx?id=2993481&use=l&cat=p&typeid=i","cat":284551},{"id":28997,"n":"Mayonnaise de Dijon Amora 235g","p":1.79,"u":"7,62 €/KG","img":"https://fd14-photos.leclercdrive.fr/image.ashx?id=2877208&use=l&cat=p&typeid=i","cat":298295},{"id":29006,"n":"Escargots préparés Eco+ Recette bourguignonne - 89g","p":2.85,"u":"32,02 €/KG","img":"https://fd14-photos.leclercdrive.fr/image.ashx?id=2794758&use=l&cat=p&typeid=i","cat":319775},{"id":29011,"n":"Foie gras canard IGP Landes Nos Régions ont du Talent 200g","p":16.95,"u":"84,75 €/KG","img":"https://fd14-photos.leclercdrive.fr/image.ashx?id=2743873&use=l&cat=p&typeid=i","cat":316008},{"id":29013,"n":"Foie gras canard IGP Périgord Entier NRT - 125g","p":12.5,"u":"100,00 €/KG","img":"https://fd14-photos.leclercdrive.fr/image.ashx?id=2743876&use=l&cat=p&typeid=i","cat":316008},{"id":29014,"n":"Bloc de foie gras de canard Pierre de Chaumeyrac 300g","p":17.49,"u":"58,30 €/KG","img":"https://fd14-photos.leclercdrive.fr/image.ashx?id=2783014&use=l&cat=p&typeid=i","cat":316008},{"id":29017,"n":"Bloc de Foie gras canard 200g","p":9.49,"u":"47,45 €/KG","img":"https://fd14-photos.leclercdrive.fr/image.ashx?id=2814845&use=l&cat=p&typeid=i","cat":316008},{"id":29032,"n":"Chips Bret's Poulet braisé - 125g","p":1.15,"u":"9,20 €/KG","img":"https://fd14-photos.leclercdrive.fr/image.ashx?id=1927788&use=l&cat=p&typeid=i","cat":284447},{"id":29044,"n":"Cerneaux de noix Tablier Blanc 50g","p":1.3,"u":"26,00 €/KG","img":"https://fd14-photos.leclercdrive.fr/image.ashx?id=2460607&use=l&cat=p&typeid=i","cat":323809},{"id":29047,"n":"Pignons de pin Tablier Blanc 50g","p":2.39,"u":"47,80 €/KG","img":"https://fd14-photos.leclercdrive.fr/image.ashx?id=2694425&use=l&cat=p&typeid=i","cat":323809},{"id":29052,"n":"Cocktail Old Nick Daiquiri 16%vol - 70cl","p":5.45,"u":"7,79 €/L","img":"https://fd14-photos.leclercdrive.fr/image.ashx?id=2999210&use=l&cat=p&typeid=i","cat":284551},{"id":29095,"n":"Yaourts brassés Délisse Vanille - 8x125g","p":2.65,"u":"2,65 €/KG","img":"https://fd14-photos.leclercdrive.fr/image.ashx?id=2372338&use=l&cat=p&typeid=i","cat":284410},{"id":29117,"n":"Bonbons sans sucres Confiséo Menthe - 150g","p":1.98,"u":"13,20 €/KG","img":"https://fd14-photos.leclercdrive.fr/image.ashx?id=2934697&use=l&cat=p&typeid=i","cat":304252},{"id":29119,"n":"Potage gourmand Régal Soupe 8 légumes à la crème - 1L","p":1.69,"u":"1,69 €/L","img":"https://fd14-photos.leclercdrive.fr/image.ashx?id=2607521&use=l&cat=p&typeid=i","cat":284462},{"id":29129,"n":"Bonbons acidulés Confiséo Aux fruits - 400g","p":2.65,"u":"6,63 €/KG","img":"https://fd14-photos.leclercdrive.fr/image.ashx?id=2061656&use=l&cat=p&typeid=i","cat":304252},{"id":29133,"n":"Sacs poubelle Haute 50L Elembal Poignées coulissantes - x15","p":1.94,"u":"0,13 €/P","img":"https://fd14-photos.leclercdrive.fr/image.ashx?id=2958726&use=l&cat=p&typeid=i","cat":285168},{"id":29134,"n":"Mousse coiffante Vitanove Effet boucles - 200ml","p":1.48,"u":"7,40 €/L","img":"https://fd14-photos.leclercdrive.fr/image.ashx?id=2490040&use=l&cat=p&typeid=i","cat":284609},{"id":29144,"n":"Roquefort AOP Baragnaudes Fromage de brebis - 150g","p":3.85,"u":"25,67 €/KG","img":"https://fd14-photos.leclercdrive.fr/image.ashx?id=2729692&use=l&cat=p&typeid=i","cat":314032},{"id":29156,"n":"Saumon au beurre blanc Marie Echalotes confites au vin 400g","p":4.95,"u":"12,38 €/KG","img":"https://fd14-photos.leclercdrive.fr/image.ashx?id=2996806&use=l&cat=p&typeid=i","cat":319786},{"id":29174,"n":"Lait de douche Manava Pêche de vigne - 250ml","p":0.94,"u":"3,76 €/L","img":"https://fd14-photos.leclercdrive.fr/image.ashx?id=2618323&use=l&cat=p&typeid=i","cat":284594},{"id":29183,"n":"Raisin de table blanc 500g","p":3.99,"u":"7,98 €/KG","img":"https://fd14-photos.leclercdrive.fr/image.ashx?id=1629040&use=l&cat=p&typeid=i","cat":284356},{"id":29323,"n":"Superlevure Gayelord Hauser Paillettes étui 150g","p":2.9,"u":"19,33 €/KG","img":"https://fd14-photos.leclercdrive.fr/image.ashx?id=2786012&use=l&cat=p&typeid=i","cat":294686},{"id":29334,"n":"Biscuits miel sésame GERBLE  crousti'son - 4x5 200g","p":1.6,"u":"8,00 €/KG","img":"https://fd14-photos.leclercdrive.fr/image.ashx?id=2662280&use=l&cat=p&typeid=i","cat":318651},{"id":29337,"n":"Biscuit miel châtaigne Gerblé   - 200g","p":1.85,"u":"9,25 €/KG","img":"https://fd14-photos.leclercdrive.fr/image.ashx?id=2664010&use=l&cat=p&typeid=i","cat":318651},{"id":29358,"n":"Pur jus pamplemousse Jafaden Rose - 1L","p":1.9,"u":"1,90 €/L","img":"https://fd14-photos.leclercdrive.fr/image.ashx?id=1951055&use=l&cat=p&typeid=i","cat":284914},{"id":29361,"n":"Sacs poubelle haute 30L Elembal Poignées coulissantes - x25","p":3.23,"u":"0,13 €/P","img":"https://fd14-photos.leclercdrive.fr/image.ashx?id=2958723&use=l&cat=p&typeid=i","cat":285168},{"id":29364,"n":"Boisson base vin rosé Festalie Pamplemousse - 7.5% - 75 cl","p":1.89,"u":"2,52 €/L","img":"https://fd14-photos.leclercdrive.fr/image.ashx?id=2774891&use=l&cat=p&typeid=i","cat":304569},{"id":29396,"n":"Mousse coiffante Vitanove Effet volume - 200ml","p":0.95,"u":"4,75 €/L","img":"https://fd14-photos.leclercdrive.fr/image.ashx?id=2490037&use=l&cat=p&typeid=i","cat":284609},{"id":29419,"n":"Tortillas chips Tokapi Nature - 150g","p":0.55,"u":"3,67 €/KG","img":"https://fd14-photos.leclercdrive.fr/image.ashx?id=2647955&use=l&cat=p&typeid=i","cat":287899},{"id":29493,"n":"Tomato Ketchup Bio Heinz - 580g","p":2.45,"u":"4,22 €/KG","img":"https://fd14-photos.leclercdrive.fr/image.ashx?id=2927726&use=l&cat=p&typeid=i","cat":284455},{"id":29518,"n":"Glace Tyrolia Eskiss Caramel biscuit - 380g","p":2.42,"u":"6,37 €/KG","img":"https://fd14-photos.leclercdrive.fr/image.ashx?id=2075666&use=l&cat=p&typeid=i","cat":284266},{"id":29535,"n":"Croûtons Epi d'Or Ail - 2x90g","p":1.19,"u":"6,61 €/KG","img":"https://fd14-photos.leclercdrive.fr/image.ashx?id=2606049&use=l&cat=p&typeid=i","cat":284464},{"id":29570,"n":"Saucisson Petit Justin Bridou  Bâton de Berger Nature - 160g","p":3.15,"u":"19,69 €/KG","img":"https://fd14-photos.leclercdrive.fr/image.ashx?id=2894893&use=l&cat=p&typeid=i","cat":316006},{"id":29746,"n":"Knacks Tradilège  Pur Porc - x4 - 140g","p":1.34,"u":"9,57 €/KG","img":"https://fd14-photos.leclercdrive.fr/image.ashx?id=2844851&use=l&cat=p&typeid=i","cat":316012},{"id":29774,"n":"Bière blonde Kronenbourg Intense 7,2° - 50cl","p":1.15,"u":"2,30 €/L","img":"https://fd14-photos.leclercdrive.fr/image.ashx?id=2915715&use=l&cat=p&typeid=i","cat":334853},{"id":29787,"n":"Champignons Menu Fraîcheur A la grecque - 300g","p":2.45,"u":"8,17 €/KG","img":"https://fd14-photos.leclercdrive.fr/image.ashx?id=2965485&use=l&cat=p&typeid=i","cat":333657},{"id":29794,"n":"Triangolo Fromage enfants vache Les Croisés 24 portions - 400g","p":2.67,"u":"6,68 €/KG","img":"https://fd14-photos.leclercdrive.fr/image.ashx?id=2791779&use=l&cat=p&typeid=i","cat":314030},{"id":29795,"n":"Fromage à tartiner Les Croisés Ail et fines herbes 24%mg 250g","p":2.09,"u":"8,36 €/KG","img":"https://fd14-photos.leclercdrive.fr/image.ashx?id=2476143&use=l&cat=p&typeid=i","cat":314029},{"id":29802,"n":"Kit Pâte à pizza Tablier Blanc 600g","p":2.59,"u":"4,32 €/KG","img":"https://fd14-photos.leclercdrive.fr/image.ashx?id=1731167&use=l&cat=p&typeid=i","cat":333681},{"id":29803,"n":"Jambon de Vendée IGP NRT X4 - 120g","p":3.92,"u":"32,67 €/KG","img":"https://fd14-photos.leclercdrive.fr/image.ashx?id=2670446&use=l&cat=p&typeid=i","cat":316007},{"id":29811,"n":"Museau de boeuf Menu Fraîcheur A la lyonnaise - 300g","p":1.99,"u":"6,63 €/KG","img":"https://fd14-photos.leclercdrive.fr/image.ashx?id=2816570&use=l&cat=p&typeid=i","cat":333657},{"id":29838,"n":"Bouillon cubes Knorr Bœuf - x15 cubes - 150g","p":1.45,"u":"9,67 €/KG","img":"https://fd14-photos.leclercdrive.fr/image.ashx?id=2848542&use=l&cat=p&typeid=i","cat":288379},{"id":29840,"n":"Bouillon cubes herbes Knorr Huile d'olive Puget x15 -150g","p":1.2,"u":"8,00 €/KG","img":"https://fd14-photos.leclercdrive.fr/image.ashx?id=2890601&use=l&cat=p&typeid=i","cat":288379},{"id":29841,"n":"Bouillon de Poule KNORR 15 Tablettes - 150g","p":1.16,"u":"7,73 €/KG","img":"https://fd14-photos.leclercdrive.fr/image.ashx?id=2906043&use=l&cat=p&typeid=i","cat":288379},{"id":29854,"n":"Beurre de Bretagne Les Croisés Doux - 82% MG - 250g","p":2.61,"u":"10,44 €/KG","img":"https://fd14-photos.leclercdrive.fr/image.ashx?id=2943641&use=l&cat=p&typeid=i","cat":284379},{"id":29855,"n":"Beurre de Bretagne Les Croisés Demi-sel - 80% MG - 250g","p":2.61,"u":"10,44 €/KG","img":"https://fd14-photos.leclercdrive.fr/image.ashx?id=2943644&use=l&cat=p&typeid=i","cat":284379},{"id":29856,"n":"Beurre Extra fin Les Croisés Doux - 82 % MG - 125g","p":1.49,"u":"11,92 €/KG","img":"https://fd14-photos.leclercdrive.fr/image.ashx?id=2791272&use=l&cat=p&typeid=i","cat":284379},{"id":29857,"n":"Beurre Les Croisés 80% MG  Demi-sel Extra fin - 125g","p":1.49,"u":"11,92 €/KG","img":"https://fd14-photos.leclercdrive.fr/image.ashx?id=2778066&use=l&cat=p&typeid=i","cat":284379},{"id":29861,"n":"Boisson lactée Délisse Fraise - 6x20cl","p":2.22,"u":"1,85 €/L","img":"https://fd14-photos.leclercdrive.fr/image.ashx?id=2174693&use=l&cat=p&typeid=i","cat":295246},{"id":29865,"n":"Crème fraîche légère Délisse Fleurette - 12% MG - 40cl","p":1.62,"u":"4,05 €/L","img":"https://fd14-photos.leclercdrive.fr/image.ashx?id=3002578&use=l&cat=p&typeid=i","cat":284381},{"id":29866,"n":"Crème légère fluide UHT Délisse Brique 12%mg - 1L","p":3.39,"u":"3,39 €/L","img":"https://fd14-photos.leclercdrive.fr/image.ashx?id=3002584&use=l&cat=p&typeid=i","cat":284381},{"id":29869,"n":"Crème anglaise Délisse 1L","p":2.49,"u":"2,49 €/L","img":"https://fd14-photos.leclercdrive.fr/image.ashx?id=3002596&use=l&cat=p&typeid=i","cat":284382},{"id":29870,"n":"Crème d'Isigny AOP NRT 40%MG - 20cl","p":1.79,"u":"8,95 €/L","img":"https://fd14-photos.leclercdrive.fr/image.ashx?id=2771070&use=l&cat=p&typeid=i","cat":284381},{"id":29872,"n":"Crème semi-épaisse légère UHT Délisse 18%mg - 2x25cl","p":2.34,"u":"4,68 €/L","img":"https://fd14-photos.leclercdrive.fr/image.ashx?id=3002593&use=l&cat=p&typeid=i","cat":284381},{"id":29874,"n":"Emincés poireaux Notre Jardin A la crème 750g","p":2.48,"u":"3,31 €/KG","img":"https://fd14-photos.leclercdrive.fr/image.ashx?id=2873144&use=l&cat=p&typeid=i","cat":319805},{"id":29896,"n":"Peppermint Whist Club 17%vol. - 70cl","p":6.99,"u":"9,99 €/L","img":"https://fd14-photos.leclercdrive.fr/image.ashx?id=1730735&use=l&cat=p&typeid=i","cat":286032},{"id":29910,"n":"Bière blonde La Démon 12%vol. - 33cl","p":1.8,"u":"5,45 €/L","img":"https://fd14-photos.leclercdrive.fr/image.ashx?id=2686855&use=l&cat=p&typeid=i","cat":334872},{"id":30029,"n":"Poêlée champignons Notre Jardin Forestière - 400g","p":3.27,"u":"8,18 €/KG","img":"https://fd14-photos.leclercdrive.fr/image.ashx?id=2771372&use=l&cat=p&typeid=i","cat":319823},{"id":30042,"n":"Lait frais demi-écrémé Délisse Bouteille - 1L","p":1.12,"u":"1,12 €/L","img":"https://fd14-photos.leclercdrive.fr/image.ashx?id=2970581&use=l&cat=p&typeid=i","cat":285609},{"id":30043,"n":"Lait frais Délisse Entier Bouteille - 1L","p":1.33,"u":"1,33 €/L","img":"https://fd14-photos.leclercdrive.fr/image.ashx?id=2970584&use=l&cat=p&typeid=i","cat":285609},{"id":30051,"n":"Mini gratins Côté Table Choux fleurs - x4 480g","p":3.15,"u":"6,56 €/KG","img":"https://fd14-photos.leclercdrive.fr/image.ashx?id=2029370&use=l&cat=p&typeid=i","cat":319802},{"id":30059,"n":"Trio de fleurette Notre Jardin 1kg","p":2.49,"u":"2,49 €/KG","img":"https://fd14-photos.leclercdrive.fr/image.ashx?id=2873135&use=l&cat=p&typeid=i","cat":319805},{"id":30067,"n":"Assaisonnement En Poudre KNORR Secret d’Arômes Tube - 60g","p":1.31,"u":"21,83 €/KG","img":"https://fd14-photos.leclercdrive.fr/image.ashx?id=3014401&use=l&cat=p&typeid=i","cat":298297},{"id":30069,"n":"Roux minute Maïzena Béchamel - 250g","p":1.9,"u":"7,60 €/KG","img":"https://fd14-photos.leclercdrive.fr/image.ashx?id=2769603&use=l&cat=p&typeid=i","cat":288382},{"id":30084,"n":"Bacon Saint Azay 100g","p":1.65,"u":"16,50 €/KG","img":"https://fd14-photos.leclercdrive.fr/image.ashx?id=2943653&use=l&cat=p&typeid=i","cat":316007},{"id":30086,"n":"Blanc de dinde Tradilège x4 - 120g","p":1.92,"u":"16,00 €/KG","img":"https://fd14-photos.leclercdrive.fr/image.ashx?id=2840395&use=l&cat=p&typeid=i","cat":316010},{"id":30091,"n":"Blanc de dinde Tradilège 6 tranches 180g","p":2.24,"u":"12,44 €/KG","img":"https://fd14-photos.leclercdrive.fr/image.ashx?id=2925744&use=l&cat=p&typeid=i","cat":316010},{"id":30093,"n":"Jambon supérieur Tradilège -25% de sel - Découenné x2-80g","p":1.69,"u":"21,13 €/KG","img":"https://fd14-photos.leclercdrive.fr/image.ashx?id=2991515&use=l&cat=p&typeid=i","cat":316009},{"id":30094,"n":"Jambon à griller Tradilège 2 tranches 160g","p":2.34,"u":"14,63 €/KG","img":"https://fd14-photos.leclercdrive.fr/image.ashx?id=2984176&use=l&cat=p&typeid=i","cat":316009},{"id":30099,"n":"Duo pâté / mousse Tradilège Canard 2x50g","p":1.15,"u":"11,50 €/KG","img":"https://fd14-photos.leclercdrive.fr/image.ashx?id=2683583&use=l&cat=p&typeid=i","cat":316008},{"id":30100,"n":"Jambonneau Tradilège Port cuit supérieur - 250g","p":3.89,"u":"15,56 €/KG","img":"https://fd14-photos.leclercdrive.fr/image.ashx?id=2852255&use=l&cat=p&typeid=i","cat":316009},{"id":30105,"n":"Rillettes du Mans Tradilège 110g","p":1.39,"u":"12,64 €/KG","img":"https://fd14-photos.leclercdrive.fr/image.ashx?id=2059435&use=l&cat=p&typeid=i","cat":316008},{"id":30108,"n":"Poitrine Nature Tradilège Tranches fines - 2x7T - 200g","p":2.5,"u":"12,50 €/KG","img":"https://fd14-photos.leclercdrive.fr/image.ashx?id=2852270&use=l&cat=p&typeid=i","cat":316011},{"id":30110,"n":"Pommes de terre NRT à la Sarladaise - 600g","p":2.99,"u":"4,98 €/KG","img":"https://fd14-photos.leclercdrive.fr/image.ashx?id=2699816&use=l&cat=p&typeid=i","cat":319823},{"id":30114,"n":"Pansements Mercurochrome Hydrocolloïdes - x6","p":4.95,"u":"0,83 €/P","img":"https://fd14-photos.leclercdrive.fr/image.ashx?id=2663962&use=l&cat=p&typeid=i","cat":284630},{"id":30117,"n":"Sacs poubelle 50L Alfapac Coulissant végétal - x10","p":2.9,"img":"https://fd14-photos.leclercdrive.fr/image.ashx?id=2732362&use=l&cat=p&typeid=i","cat":285168},{"id":30124,"n":"Soupe Régal Soupe Tomate et vermicelles - 1L","p":1.8,"u":"1,80 €/L","img":"https://fd14-photos.leclercdrive.fr/image.ashx?id=2607518&use=l&cat=p&typeid=i","cat":284462},{"id":30128,"n":"Céréales Chocapic Nestlé Chocolat - 1kg","p":6.24,"u":"6,24 €/KG","img":"https://fd14-photos.leclercdrive.fr/image.ashx?id=2977729&use=l&cat=p&typeid=i","cat":309513},{"id":30185,"n":"Haché moelleux oignon Férial x10 - 1kg","p":7.49,"u":"7,49 €/KG","img":"https://fd14-photos.leclercdrive.fr/image.ashx?id=2704517&use=l&cat=p&typeid=i","cat":319778},{"id":30186,"n":"Haché moelleux Férial x10 - 1kg","p":9.29,"u":"9,29 €/KG","img":"https://fd14-photos.leclercdrive.fr/image.ashx?id=2966514&use=l&cat=p&typeid=i","cat":319778},{"id":30189,"n":"Tortillas chips Tokapi Chili - 150g","p":0.99,"u":"6,60 €/KG","img":"https://fd14-photos.leclercdrive.fr/image.ashx?id=2647958&use=l&cat=p&typeid=i","cat":287899},{"id":30212,"n":"Soufflés l'Original Curly Cacahuète - 100g","p":0.87,"u":"8,70 €/KG","img":"https://fd14-photos.leclercdrive.fr/image.ashx?id=2693635&use=l&cat=p&typeid=i","cat":284449},{"id":30213,"n":"Soufflés l'Original Curly Cacahuète - 2x100g","p":1.7,"u":"8,50 €/KG","img":"https://fd14-photos.leclercdrive.fr/image.ashx?id=2962887&use=l&cat=p&typeid=i","cat":284449},{"id":30235,"n":"Bonbons Tic Tac  Menthe x100 - 49g","p":1.63,"u":"33,27 €/KG","img":"https://fd14-photos.leclercdrive.fr/image.ashx?id=2729470&use=l&cat=p&typeid=i","cat":304256},{"id":30256,"n":"Pâte à tartiner Nutella 825g","p":5.78,"u":"7,01 €/KG","img":"https://fd14-photos.leclercdrive.fr/image.ashx?id=2961813&use=l&cat=p&typeid=i","cat":284481},{"id":30272,"n":"IGP Pays d'Oc rouge Merlot Les Ormes de Cambras 12.5% BIB 5L","p":15.5,"u":"3,10 €/L","img":"https://fd14-photos.leclercdrive.fr/image.ashx?id=2443871&use=l&cat=p&typeid=i","cat":289560},{"id":30273,"n":"IGP Pays d'OC rouge Les Ormes De Cambras Sauvignon 12% BIB 5L","p":15.5,"u":"3,10 €/L","img":"https://fd14-photos.leclercdrive.fr/image.ashx?id=2445115&use=l&cat=p&typeid=i","cat":289560},{"id":30360,"n":"Bonbons Tic Tac 100 pastilles citron vert et orange - 49g","p":1.6,"u":"32,65 €/KG","img":"https://fd14-photos.leclercdrive.fr/image.ashx?id=2736280&use=l&cat=p&typeid=i","cat":304256},{"id":30365,"n":"Arôme vanille Sainte Lucie Flacon 250ml","p":3.2,"u":"12,80 €/L","img":"https://fd14-photos.leclercdrive.fr/image.ashx?id=2774367&use=l&cat=p&typeid=i","cat":284504},{"id":30372,"n":"Fleur de Maïs Maïzena Sans Gluten Format Famille 700g","p":2.48,"u":"3,54 €/KG","img":"https://fd14-photos.leclercdrive.fr/image.ashx?id=2773907&use=l&cat=p&typeid=i","cat":288382},{"id":30386,"n":"Crème dessert Mont Blanc Boîte Praliné - 570g","p":2.2,"u":"3,86 €/KG","img":"https://fd14-photos.leclercdrive.fr/image.ashx?id=3011596&use=l&cat=p&typeid=i","cat":284506},{"id":30398,"n":"Noix ambrées Sainte Lucie Cerneaux - 50g","p":1.5,"u":"30,00 €/KG","img":"https://fd14-photos.leclercdrive.fr/image.ashx?id=2775104&use=l&cat=p&typeid=i","cat":323809},{"id":30407,"n":"Dés de fromage salade Boursin Ail & fines herbes -120g","p":2.1,"u":"17,50 €/KG","img":"https://fd14-photos.leclercdrive.fr/image.ashx?id=2864366&use=l&cat=p&typeid=i","cat":314027},{"id":30415,"n":"IGP Pays d'Oc rouge J-P Chenet Cabernet Syrah 13% vol - BIB 3L","p":10.3,"u":"3,43 €/L","img":"https://fd14-photos.leclercdrive.fr/image.ashx?id=2837451&use=l&cat=p&typeid=i","cat":289560},{"id":30463,"n":"Bavoir plastique Mots d'Enfants Rose","p":2.5,"img":"https://fd14-photos.leclercdrive.fr/image.ashx?id=2693404&use=l&cat=p&typeid=i","cat":289435},{"id":30477,"n":"Chocolat Pâtissier Nestlé Dessert : Praliné - 170g","p":2.97,"u":"17,47 €/KG","img":"https://fd14-photos.leclercdrive.fr/image.ashx?id=2895637&use=l&cat=p&typeid=i","cat":285562},{"id":30520,"n":"Fromage apéritif BoursinFromage Ail et fines herbes 20 roulés","p":3.26,"u":"32,60 €/KG","img":"https://fd14-photos.leclercdrive.fr/image.ashx?id=2918589&use=l&cat=p&typeid=i","cat":314027},{"id":30570,"n":"Sauce Tube Ail Oignons Panzani Panzani - 180G","p":1.15,"u":"6,39 €/KG","img":"https://fd14-photos.leclercdrive.fr/image.ashx?id=3004804&use=l&cat=p&typeid=i","cat":288384},{"id":30575,"n":"Happy' Box Haribo Boîte bonbons - 600g","p":4.05,"u":"6,75 €/KG","img":"https://fd14-photos.leclercdrive.fr/image.ashx?id=2802353&use=l&cat=p&typeid=i","cat":304250},{"id":30577,"n":"Les Schtroumpfs Pik Haribo Sachet bonbons acidulés - 275g","p":1.55,"u":"5,64 €/KG","img":"https://fd14-photos.leclercdrive.fr/image.ashx?id=2984898&use=l&cat=p&typeid=i","cat":304250},{"id":30578,"n":"Bonbons LUTTI Scoubidou Doux Fruits - 200g","p":1.25,"u":"6,25 €/KG","img":"https://fd14-photos.leclercdrive.fr/image.ashx?id=2817434&use=l&cat=p&typeid=i","cat":304250},{"id":30592,"n":"Fromage blanc Délisse Sucré 3% MG - 8x100g","p":2.29,"u":"2,86 €/KG","img":"https://fd14-photos.leclercdrive.fr/image.ashx?id=3012833&use=l&cat=p&typeid=i","cat":284409},{"id":30598,"n":"Actifidus Délisse Vanille - 4x125g","p":1.25,"u":"2,50 €/KG","img":"https://fd14-photos.leclercdrive.fr/image.ashx?id=2713649&use=l&cat=p&typeid=i","cat":315000},{"id":30619,"n":"Jambon cru Aoste Quart Tranché  sans conservateur -  x18 - 220g","p":4.95,"u":"22,50 €/KG","img":"https://fd14-photos.leclercdrive.fr/image.ashx?id=2948057&use=l&cat=p&typeid=i","cat":316007},{"id":30640,"n":"Lapin chasseur Côté Table 280g","p":2.32,"u":"8,29 €/KG","img":"https://fd14-photos.leclercdrive.fr/image.ashx?id=2393866&use=l&cat=p&typeid=i","cat":284953},{"id":30645,"n":"Salade Notre Jardin Duo Mâche et Roquette - 125g","p":1.68,"u":"13,44 €/KG","img":"https://fd14-photos.leclercdrive.fr/image.ashx?id=2720172&use=l&cat=p&typeid=i","cat":284353},{"id":30656,"n":"Bandes de cire froide Siliss Maillot aisselles - x16","p":2.19,"u":"0,14 €/P","img":"https://fd14-photos.leclercdrive.fr/image.ashx?id=2699450&use=l&cat=p&typeid=i","cat":325351},{"id":30659,"n":"Crème teintée 6en1 SPF10 Nivea BB Crème Hydratante Clair 50ml","p":5.53,"u":"110,60 €/L","img":"https://fd14-photos.leclercdrive.fr/image.ashx?id=2836073&use=l&cat=p&typeid=i","cat":325345},{"id":30697,"n":"Savon d'alep Manava 200g","p":3.99,"u":"19,95 €/KG","img":"https://fd14-photos.leclercdrive.fr/image.ashx?id=1952895&use=l&cat=p&typeid=i","cat":284597},{"id":30724,"n":"BB Crème Hydratante 5en1 Nivea Teinte médium FPS15 - 50ml","p":5.89,"u":"117,80 €/L","img":"https://fd14-photos.leclercdrive.fr/image.ashx?id=2221575&use=l&cat=p&typeid=i","cat":325345},{"id":30729,"n":"Crème Dépilatoire Siliss Maillot aisselles - 100ml","p":1.79,"u":"17,90 €/L","img":"https://fd14-photos.leclercdrive.fr/image.ashx?id=2699687&use=l&cat=p&typeid=i","cat":325351},{"id":30733,"n":"Déboucheur canalisations Syphon 1L","p":1.39,"u":"1,39 €/L","img":"https://fd14-photos.leclercdrive.fr/image.ashx?id=2794193&use=l&cat=p&typeid=i","cat":284908},{"id":30781,"n":"Sacs poubelle 50L Eco+ x10","p":0.41,"u":"0,04 €/P","img":"https://fd14-photos.leclercdrive.fr/image.ashx?id=1904756&use=l&cat=p&typeid=i","cat":285168},{"id":30791,"n":"Mouchoirs blancs 2 plis Eco+ Boîte mouchoirs en papier- x150","p":0.62,"img":"https://fd14-photos.leclercdrive.fr/image.ashx?id=2897751&use=l&cat=p&typeid=i","cat":284638},{"id":30808,"n":"Coton-tiges Eco+ Tige papier x200 bâtonnets","p":0.34,"img":"https://fd14-photos.leclercdrive.fr/image.ashx?id=2940893&use=l&cat=p&typeid=i","cat":284636},{"id":30815,"n":"Dissolvant Eco+ 250ml","p":0.98,"u":"3,92 €/L","img":"https://fd14-photos.leclercdrive.fr/image.ashx?id=1873934&use=l&cat=p&typeid=i","cat":325347},{"id":30850,"n":"Blanquette veau Côté Table Champignons 285g","p":2.36,"u":"8,28 €/KG","img":"https://fd14-photos.leclercdrive.fr/image.ashx?id=2064822&use=l&cat=p&typeid=i","cat":284953},{"id":30856,"n":"Emincés de poulet Tradilège Rôti - 2x75g","p":2.13,"u":"14,20 €/KG","img":"https://fd14-photos.leclercdrive.fr/image.ashx?id=2994366&use=l&cat=p&typeid=i","cat":316011},{"id":30881,"n":"Tortillas Old El Paso de maïs et blé x8 - 335g","p":2.25,"u":"6,72 €/KG","img":"https://fd14-photos.leclercdrive.fr/image.ashx?id=2738794&use=l&cat=p&typeid=i","cat":288993},{"id":30882,"n":"Bloc de fromage Leerdammer L'Original - 250g","p":3.3,"u":"13,20 €/KG","img":"https://fd14-photos.leclercdrive.fr/image.ashx?id=2146096&use=l&cat=p&typeid=i","cat":314034},{"id":30916,"n":"Ciboulette Sainte Lucie Tubulaire - 5g","p":1.5,"u":"300,00 €/KG","img":"https://fd14-photos.leclercdrive.fr/image.ashx?id=2974336&use=l&cat=p&typeid=i","cat":298297},{"id":30917,"n":"Pâtes Escalope volaille Marie Crème champignons - 900g","p":4.5,"u":"5,00 €/KG","img":"https://fd14-photos.leclercdrive.fr/image.ashx?id=2996794&use=l&cat=p&typeid=i","cat":284254},{"id":30928,"n":"Fumet de poisson Rustica Déshydraté - 90g","p":2.05,"u":"22,78 €/KG","img":"https://fd14-photos.leclercdrive.fr/image.ashx?id=2188685&use=l&cat=p&typeid=i","cat":288379},{"id":30929,"n":"Tortillas chips Tables du Monde Nature - 200g","p":1.61,"u":"8,05 €/KG","img":"https://fd14-photos.leclercdrive.fr/image.ashx?id=2655695&use=l&cat=p&typeid=i","cat":288993},{"id":30933,"n":"Biscuit chocolat noir Gerblé Sans Sucres Ajoutés - 126g","p":1.95,"u":"15,48 €/KG","img":"https://fd14-photos.leclercdrive.fr/image.ashx?id=2662799&use=l&cat=p&typeid=i","cat":318653},{"id":30947,"n":"Pâtes Collezione Barilla Tagliatelle - 500g","p":1.4,"u":"2,80 €/KG","img":"https://fd14-photos.leclercdrive.fr/image.ashx?id=2654119&use=l&cat=p&typeid=i","cat":284427},{"id":30969,"n":"Glace Cône Nestlé Extrême Sorbet fruits rouges x6 - 426g","p":3.4,"u":"7,98 €/KG","img":"https://fd14-photos.leclercdrive.fr/image.ashx?id=2729845&use=l&cat=p&typeid=i","cat":284264},{"id":30976,"n":"Matière grasse Bridelight Demi-sel - 15% MG - 250g","p":2.0,"u":"8,00 €/KG","img":"https://fd14-photos.leclercdrive.fr/image.ashx?id=2643890&use=l&cat=p&typeid=i","cat":284379},{"id":30995,"n":"Saucisse sèche Saint-Azay Aux noisettes - 250g","p":3.35,"u":"13,40 €/KG","img":"https://fd14-photos.leclercdrive.fr/image.ashx?id=2404145&use=l&cat=p&typeid=i","cat":316006},{"id":31018,"n":"Feuille de brick Tablier Blanc En rouleau - 90g","p":1.49,"u":"16,56 €/KG","img":"https://fd14-photos.leclercdrive.fr/image.ashx?id=2188688&use=l&cat=p&typeid=i","cat":333681},{"id":31019,"n":"Feuilles de lasagne Turini 350g","p":2.69,"u":"7,69 €/KG","img":"https://fd14-photos.leclercdrive.fr/image.ashx?id=2617371&use=l&cat=p&typeid=i","cat":333682},{"id":31021,"n":"Gnocchi Turini 800g","p":2.29,"u":"2,86 €/KG","img":"https://fd14-photos.leclercdrive.fr/image.ashx?id=2254529&use=l&cat=p&typeid=i","cat":333682},{"id":31023,"n":"Ravioli Ricotta épinards Bio  Bio village - 250g","p":2.99,"u":"11,96 €/KG","img":"https://fd14-photos.leclercdrive.fr/image.ashx?id=2650252&use=l&cat=p&typeid=i","cat":333682},{"id":31029,"n":"Escalope Cordon Bleu Père Dodu  Dinde - Comté x2 - 200g","p":2.4,"u":"12,00 €/KG","img":"https://fd14-photos.leclercdrive.fr/image.ashx?id=2957179&use=l&cat=p&typeid=i","cat":333683},{"id":31030,"n":"Escalope Cordon Bleu Père Dodu  Poulet - Raclette x2 - 200g","p":2.5,"u":"12,50 €/KG","img":"https://fd14-photos.leclercdrive.fr/image.ashx?id=2957182&use=l&cat=p&typeid=i","cat":333683},{"id":31035,"n":"Chips La classique Vico Nature - 135g","p":1.25,"u":"9,26 €/KG","img":"https://fd14-photos.leclercdrive.fr/image.ashx?id=2917801&use=l&cat=p&typeid=i","cat":284447},{"id":31042,"n":"Infusion bio Jardin Bio Circulation - x20","p":2.31,"u":"77,00 €/KG","img":"https://fd14-photos.leclercdrive.fr/image.ashx?id=2972017&use=l&cat=p&typeid=i","cat":293234},{"id":31044,"n":"Haricots verts Notre Jardin Extra fins - 5 Fagots - 220g","p":2.03,"u":"9,23 €/KG","img":"https://fd14-photos.leclercdrive.fr/image.ashx?id=788822&use=l&cat=p&typeid=i","cat":312606},{"id":31046,"n":"Assortiment crackers Tokapi Emmental - 100g","p":0.64,"u":"6,40 €/KG","img":"https://fd14-photos.leclercdrive.fr/image.ashx?id=2034386&use=l&cat=p&typeid=i","cat":297000},{"id":31050,"n":"Biscuits pavot citron GERBLE  - 4x4  200g","p":1.4,"u":"7,00 €/KG","img":"https://fd14-photos.leclercdrive.fr/image.ashx?id=2967001&use=l&cat=p&typeid=i","cat":318651},{"id":31054,"n":"Bouillon Cube Maggi Vollaile - x12 cubes - 120g","p":1.45,"u":"12,08 €/KG","img":"https://fd14-photos.leclercdrive.fr/image.ashx?id=2736982&use=l&cat=p&typeid=i","cat":288379},{"id":31058,"n":"Pâtes Barilla Capellini n°1 - 500g","p":0.94,"u":"1,88 €/KG","img":"https://fd14-photos.leclercdrive.fr/image.ashx?id=2392194&use=l&cat=p&typeid=i","cat":284427},{"id":31069,"n":"Chocolat Pâtissier Tablette dOr Chocolat Blanc - 180g","p":2.03,"u":"11,28 €/KG","img":"https://fd14-photos.leclercdrive.fr/image.ashx?id=2562879&use=l&cat=p&typeid=i","cat":285562},{"id":31084,"n":"Crackers Tokapi Sésame et pavot - 100g","p":0.69,"u":"6,90 €/KG","img":"https://fd14-photos.leclercdrive.fr/image.ashx?id=1921880&use=l&cat=p&typeid=i","cat":297000},{"id":31092,"n":"Croquettes chats Ultima Boule de poils - Dinde - 1.5kg","p":6.05,"u":"4,03 €/KG","img":"https://fd14-photos.leclercdrive.fr/image.ashx?id=2921900&use=l&cat=p&typeid=i","cat":284680},{"id":31095,"n":"Filets maquereaux Pêche Océan Citron olives - 176g","p":1.78,"u":"10,11 €/KG","img":"https://fd14-photos.leclercdrive.fr/image.ashx?id=2515679&use=l&cat=p&typeid=i","cat":303868},{"id":31097,"n":"Feuilletés Tokapi Emmental - 85g","p":0.98,"u":"11,53 €/KG","img":"https://fd14-photos.leclercdrive.fr/image.ashx?id=1884022&use=l&cat=p&typeid=i","cat":297000},{"id":31098,"n":"Capsules Nescafé Dolce Gusto  Café au Lait - x16","p":4.55,"u":"28,44 €/KG","img":"https://fd14-photos.leclercdrive.fr/image.ashx?id=2946637&use=l&cat=p&typeid=i","cat":293239},{"id":31101,"n":"Filets maquereaux Pêche Océan Sauce escabèche - 169g","p":1.15,"u":"6,80 €/KG","img":"https://fd14-photos.leclercdrive.fr/image.ashx?id=2394666&use=l&cat=p&typeid=i","cat":303868},{"id":31105,"n":"Gaufrettes P'tit Déli Praliné noisette x15 110g","p":0.87,"u":"7,91 €/KG","img":"https://fd14-photos.leclercdrive.fr/image.ashx?id=2418245&use=l&cat=p&typeid=i","cat":284488},{"id":31106,"n":"Gaufrettes P'tit Déli Chocolat x15 110g","p":1.1,"u":"10,00 €/KG","img":"https://fd14-photos.leclercdrive.fr/image.ashx?id=2436020&use=l&cat=p&typeid=i","cat":284488},{"id":31107,"n":"Gâteau P'tit Déli Tout chocolat 300g","p":2.15,"u":"7,17 €/KG","img":"https://fd14-photos.leclercdrive.fr/image.ashx?id=2562707&use=l&cat=p&typeid=i","cat":294776},{"id":31109,"n":"Gaufrettes P'tit Déli Framboise 160g","p":1.47,"u":"9,19 €/KG","img":"https://fd14-photos.leclercdrive.fr/image.ashx?id=2915290&use=l&cat=p&typeid=i","cat":284489},{"id":31113,"n":"Haricots rouges Notre Jardin 500g","p":1.37,"u":"2,74 €/KG","img":"https://fd14-photos.leclercdrive.fr/image.ashx?id=2448980&use=l&cat=p&typeid=i","cat":312606},{"id":31115,"n":"Galettes Bjorg Epeautre son d'avoine bio 130g","p":1.3,"u":"10,00 €/KG","img":"https://fd14-photos.leclercdrive.fr/image.ashx?id=2972976&use=l&cat=p&typeid=i","cat":318651},{"id":31136,"n":"Pâtes Torti Panzani 3 Minutes - 1Kg","p":2.1,"u":"2,10 €/KG","img":"https://fd14-photos.leclercdrive.fr/image.ashx?id=2896099&use=l&cat=p&typeid=i","cat":284427},{"id":31139,"n":"Tortillas chips Tables du Monde Chili - 200g","p":1.39,"u":"6,95 €/KG","img":"https://fd14-photos.leclercdrive.fr/image.ashx?id=2464603&use=l&cat=p&typeid=i","cat":288993},{"id":31143,"n":"Lait concentré sucré Délisse 397g","p":1.35,"u":"3,40 €/KG","img":"https://fd14-photos.leclercdrive.fr/image.ashx?id=2576588&use=l&cat=p&typeid=i","cat":299162},{"id":31149,"n":"Les p'tites spirales P'tit Déli Fraise 150g","p":1.55,"u":"10,33 €/KG","img":"https://fd14-photos.leclercdrive.fr/image.ashx?id=2660419&use=l&cat=p&typeid=i","cat":284495},{"id":31158,"n":"Wasabi Tanoshi Moutarde verte japonaise - tube de 43g","p":2.45,"u":"56,98 €/KG","img":"https://fd14-photos.leclercdrive.fr/image.ashx?id=2921145&use=l&cat=p&typeid=i","cat":288992},{"id":31174,"n":"Pâtes penne rigate Panzani 1kg","p":1.85,"u":"1,85 €/KG","img":"https://fd14-photos.leclercdrive.fr/image.ashx?id=2876020&use=l&cat=p&typeid=i","cat":284427},{"id":31178,"n":"Pois apéritif Tanoshi wasabi - sachet 100g","p":1.8,"u":"18,00 €/KG","img":"https://fd14-photos.leclercdrive.fr/image.ashx?id=2928522&use=l&cat=p&typeid=i","cat":288992},{"id":31191,"n":"Riz sushi Tanoshi 450g","p":2.7,"u":"6,00 €/KG","img":"https://fd14-photos.leclercdrive.fr/image.ashx?id=2955788&use=l&cat=p&typeid=i","cat":288992},{"id":31211,"n":"Grana Padano AOP Casa Azzurra Râpé -  100g","p":1.9,"u":"19,00 €/KG","img":"https://fd14-photos.leclercdrive.fr/image.ashx?id=2284730&use=l&cat=p&typeid=i","cat":314035},{"id":31223,"n":"Bain Dissolvant Inell Bain sans acétone - 75ml","p":3.99,"u":"53,20 €/L","img":"https://fd14-photos.leclercdrive.fr/image.ashx?id=2244820&use=l&cat=p&typeid=i","cat":325347},{"id":31288,"n":"Emmental râpé Entremont Spécial pizza 125g","p":1.7,"u":"13,60 €/KG","img":"https://fd14-photos.leclercdrive.fr/image.ashx?id=2785793&use=l&cat=p&typeid=i","cat":314035},{"id":31297,"n":"Fromage crémeux Les Croisés 36%mg - 200g","p":2.43,"u":"12,15 €/KG","img":"https://fd14-photos.leclercdrive.fr/image.ashx?id=2037379&use=l&cat=p&typeid=i","cat":329558},{"id":31298,"n":"Brique affinée Les Croisés 30%mg - 180g","p":2.59,"u":"14,39 €/KG","img":"https://fd14-photos.leclercdrive.fr/image.ashx?id=2913675&use=l&cat=p&typeid=i","cat":314033},{"id":31301,"n":"Steak haché Férial  15%mg - X10 - 1kg","p":11.43,"u":"11,43 €/KG","img":"https://fd14-photos.leclercdrive.fr/image.ashx?id=3004657&use=l&cat=p&typeid=i","cat":319778},{"id":31441,"n":"Plat bébé Blédina 12 mois  Courgette riz veau - 2x200g","p":2.6,"u":"6,50 €/KG","img":"https://fd14-photos.leclercdrive.fr/image.ashx?id=2975074&use=l&cat=p&typeid=i","cat":312237},{"id":31447,"n":"Tablette Chocolat Lait Crunch Céréales Croustillantes 2x100g","p":2.65,"u":"13,25 €/KG","img":"https://fd14-photos.leclercdrive.fr/image.ashx?id=2899740&use=l&cat=p&typeid=i","cat":284497},{"id":31641,"n":"Poulet basquaise Côté Table Riz 285g","p":1.81,"u":"6,35 €/KG","img":"https://fd14-photos.leclercdrive.fr/image.ashx?id=2476149&use=l&cat=p&typeid=i","cat":284953},{"id":31680,"n":"Lingettes bébé Mots d'Enfants Ultra-douces - x24","p":1.25,"u":"0,05 €/P","img":"https://fd14-photos.leclercdrive.fr/image.ashx?id=3015072&use=l&cat=p&typeid=i","cat":284738},{"id":31682,"n":"Sachet repas chat Tous mes amis Viande en sauces - 4x100g","p":1.49,"u":"3,73 €/KG","img":"https://fd14-photos.leclercdrive.fr/image.ashx?id=2043005&use=l&cat=p&typeid=i","cat":285286},{"id":31709,"n":"Viande boeuf séchée Saint Azay 10 tranches - 80g","p":3.78,"u":"47,25 €/KG","img":"https://fd14-photos.leclercdrive.fr/image.ashx?id=2979568&use=l&cat=p&typeid=i","cat":316007},{"id":31714,"n":"Pur jus de pomme Bio Village Bio - 6x20cl","p":3.17,"u":"2,64 €/L","img":"https://fd14-photos.leclercdrive.fr/image.ashx?id=2077442&use=l&cat=p&typeid=i","cat":284524},{"id":31717,"n":"Parmigiano Reg AOP Casa Azzurra Râpé -  60g","p":1.5,"u":"25,00 €/KG","img":"https://fd14-photos.leclercdrive.fr/image.ashx?id=2261951&use=l&cat=p&typeid=i","cat":314035},{"id":31729,"n":"Jus de pomme Jafaden A base de concentré - 1L","p":0.95,"u":"0,95 €/L","img":"https://fd14-photos.leclercdrive.fr/image.ashx?id=2047052&use=l&cat=p&typeid=i","cat":284522},{"id":31730,"n":"Pur jus de pomme Jafaden 1L","p":0.99,"u":"0,99 €/L","img":"https://fd14-photos.leclercdrive.fr/image.ashx?id=1936638&use=l&cat=p&typeid=i","cat":284522},{"id":31731,"n":"Thé glacé Fresh Tea Pêche - 1L","p":1.03,"u":"1,03 €/L","img":"https://fd14-photos.leclercdrive.fr/image.ashx?id=2366298&use=l&cat=p&typeid=i","cat":295019},{"id":31733,"n":"Pur jus multifruits Jafaden 1L","p":1.39,"u":"1,39 €/L","img":"https://fd14-photos.leclercdrive.fr/image.ashx?id=2140923&use=l&cat=p&typeid=i","cat":284917},{"id":31735,"n":"Nectar multifruits Jafaden 1L","p":1.75,"u":"1,75 €/L","img":"https://fd14-photos.leclercdrive.fr/image.ashx?id=2956086&use=l&cat=p&typeid=i","cat":284917},{"id":31736,"n":"Nectar Jafaden Goyave - 1L","p":2.08,"u":"2,08 €/L","img":"https://fd14-photos.leclercdrive.fr/image.ashx?id=2956092&use=l&cat=p&typeid=i","cat":284916},{"id":31737,"n":"Nectar Jafaden Passion - 1L","p":2.71,"u":"2,71 €/L","img":"https://fd14-photos.leclercdrive.fr/image.ashx?id=2959599&use=l&cat=p&typeid=i","cat":284916},{"id":31814,"n":"Confiture Cuite au chaudron Fraises Lucien Georgelin - 320g","p":1.95,"u":"6,09 €/KG","img":"https://fd14-photos.leclercdrive.fr/image.ashx?id=1638664&use=l&cat=p&typeid=i","cat":284480},{"id":31830,"n":"Sachet repas chat Tous mes amis Viande en sauce - 12x100g","p":3.65,"u":"3,04 €/KG","img":"https://fd14-photos.leclercdrive.fr/image.ashx?id=2027601&use=l&cat=p&typeid=i","cat":285286},{"id":31863,"n":"AOP Camembert Graindorge Au lait cru - 250g","p":3.75,"pp":2.62,"u":"10,48 €/KG","img":"https://fd14-photos.leclercdrive.fr/image.ashx?id=2412600&use=l&cat=p&typeid=i","cat":314033},{"id":31915,"n":"Mayonnaise à la moutarde de Dij  de Dijon Rustica - 235 g","p":1.28,"u":"5,45 €/KG","img":"https://fd14-photos.leclercdrive.fr/image.ashx?id=2448709&use=l&cat=p&typeid=i","cat":298295},{"id":31918,"n":"Sucre Tablier Blanc En morceaux - 1kg","p":1.99,"u":"1,99 €/KG","img":"https://fd14-photos.leclercdrive.fr/image.ashx?id=3010425&use=l&cat=p&typeid=i","cat":284502},{"id":31920,"n":"Matière grasse Rustica à tartiner 50%MG Omega 3 - 500g","p":1.98,"u":"3,96 €/KG","img":"https://fd14-photos.leclercdrive.fr/image.ashx?id=2904556&use=l&cat=p&typeid=i","cat":315229},{"id":31924,"n":"Déodorant bille Manava Peaux sensibles 50ml","p":0.75,"u":"15,00 €/L","img":"https://fd14-photos.leclercdrive.fr/image.ashx?id=2481222&use=l&cat=p&typeid=i","cat":284595},{"id":31934,"n":"Spray coiffant Vitanove Fixation forte - 250ml","p":1.19,"u":"4,76 €/L","img":"https://fd14-photos.leclercdrive.fr/image.ashx?id=2331697&use=l&cat=p&typeid=i","cat":284609},{"id":31935,"n":"Spray coiffant Vitanove Fixation extra forte - 250ml","p":1.39,"u":"5,56 €/L","img":"https://fd14-photos.leclercdrive.fr/image.ashx?id=2331700&use=l&cat=p&typeid=i","cat":284609},{"id":31936,"n":"Spray coiffant Vitanove Fixation extrême - 250ml","p":1.4,"u":"5,60 €/L","img":"https://fd14-photos.leclercdrive.fr/image.ashx?id=2331703&use=l&cat=p&typeid=i","cat":284609},{"id":31937,"n":"Laque Vitanove Fixation normale 300ml","p":1.95,"u":"6,50 €/L","img":"https://fd14-photos.leclercdrive.fr/image.ashx?id=2616739&use=l&cat=p&typeid=i","cat":284609},{"id":31970,"n":"Soin visage Carré Homme Anti-âge anti-fatigue Q10- 50ml","p":3.39,"u":"67,80 €/L","img":"https://fd14-photos.leclercdrive.fr/image.ashx?id=2809689&use=l&cat=p&typeid=i","cat":284622},{"id":31983,"n":"Cidre rosé Les Goelleries 2.5%vol. - 75cl","p":2.29,"u":"3,05 €/L","img":"https://fd14-photos.leclercdrive.fr/image.ashx?id=2842292&use=l&cat=p&typeid=i","cat":334880},{"id":31988,"n":"Sachet repas chat Tous mes amis Poissons en gelée - 4x100g","p":1.33,"u":"3,33 €/KG","img":"https://fd14-photos.leclercdrive.fr/image.ashx?id=2043002&use=l&cat=p&typeid=i","cat":285286},{"id":32014,"n":"Beurre de Baratte 80%MG Le Gall Fleur de sel de Guérande - 250g","p":3.05,"u":"12,20 €/KG","img":"https://fd14-photos.leclercdrive.fr/image.ashx?id=2381003&use=l&cat=p&typeid=i","cat":284379},{"id":32059,"n":"Sachet repas chat Tous mes amis Viande en geléé - 12x100g","p":3.65,"u":"3,04 €/KG","img":"https://fd14-photos.leclercdrive.fr/image.ashx?id=2027598&use=l&cat=p&typeid=i","cat":285286},{"id":32064,"n":"Mousse à raser Carré Homme Sensible - 250ml","p":1.39,"u":"5,56 €/L","img":"https://fd14-photos.leclercdrive.fr/image.ashx?id=2704681&use=l&cat=p&typeid=i","cat":284617},{"id":32065,"n":"Couches bébé Mots d'Enfants T4 Douceur - 7/18kg - x74 changes","p":10.6,"u":"0,14 €/P","img":"https://fd14-photos.leclercdrive.fr/image.ashx?id=2699468&use=l&cat=p&typeid=i","cat":284737},{"id":32087,"n":"Yaourts vanille Soignon au lait de chèvre - 4x125g","p":2.15,"u":"4,30 €/KG","img":"https://fd14-photos.leclercdrive.fr/image.ashx?id=2518247&use=l&cat=p&typeid=i","cat":314998},{"id":32089,"n":"Soupe froide Alvalle Tomate menthe basilic - 1L","p":3.8,"u":"3,80 €/L","img":"https://fd14-photos.leclercdrive.fr/image.ashx?id=2672536&use=l&cat=p&typeid=i","cat":284355},{"id":32093,"n":"Poulet rôti Marie Pommes de terres fondantes 900g","p":4.7,"u":"5,22 €/KG","img":"https://fd14-photos.leclercdrive.fr/image.ashx?id=2996788&use=l&cat=p&typeid=i","cat":284254},{"id":32098,"n":"Biscuits Dinosaurus Lotus  Chocolat noir - 225g","p":1.94,"u":"8,62 €/KG","img":"https://fd14-photos.leclercdrive.fr/image.ashx?id=2859812&use=l&cat=p&typeid=i","cat":284488},{"id":32103,"n":"Goûter laitier Récré O'Lé Gourdes Chocolat - 4x85g","p":1.95,"u":"5,74 €/KG","img":"https://fd14-photos.leclercdrive.fr/image.ashx?id=3008824&use=l&cat=p&typeid=i","cat":284506},{"id":32104,"n":"Goûter laitier Récré O'Lé Gourdes Saveur Vanille - 4x85g","p":2.05,"u":"6,03 €/KG","img":"https://fd14-photos.leclercdrive.fr/image.ashx?id=3008827&use=l&cat=p&typeid=i","cat":284506},{"id":32109,"n":"Oeufs fermiers  Label rouge Plein Air - x6","p":1.96,"u":"0,33 €/P","img":"https://fd14-photos.leclercdrive.fr/image.ashx?id=635003&use=l&cat=p&typeid=i","cat":284378},{"id":32181,"n":"Trousse dentaire Petit Dentamyl 2-6ans","p":2.44,"img":"https://fd14-photos.leclercdrive.fr/image.ashx?id=2072888&use=l&cat=p&typeid=i","cat":288897},{"id":32183,"n":"Couches bébé Mots d'Enfants T4+ Douceur - 9/20kg - x70 changes","p":10.8,"u":"0,15 €/P","img":"https://fd14-photos.leclercdrive.fr/image.ashx?id=2904574&use=l&cat=p&typeid=i","cat":284737},{"id":32202,"n":"Couches bébé Mots d'Enfants T3 Douceur - 4/9kg - x90 changes","p":11.4,"u":"0,13 €/P","img":"https://fd14-photos.leclercdrive.fr/image.ashx?id=2904571&use=l&cat=p&typeid=i","cat":284737},{"id":32213,"n":"Bacon fumé Herta Barquette 100g","p":1.7,"u":"17,00 €/KG","img":"https://fd14-photos.leclercdrive.fr/image.ashx?id=2876236&use=l&cat=p&typeid=i","cat":316011},{"id":32214,"n":"Sandwich Daunat Jambon beurre XXL - 230g","p":2.15,"u":"9,35 €/KG","img":"https://fd14-photos.leclercdrive.fr/image.ashx?id=2892703&use=l&cat=p&typeid=i","cat":333658},{"id":32216,"n":"Sandwich XXL Daunat Poulet rôti Mayonnaise - 230g","p":2.3,"u":"10,00 €/KG","img":"https://fd14-photos.leclercdrive.fr/image.ashx?id=2892706&use=l&cat=p&typeid=i","cat":333658},{"id":32267,"n":"Emmental fromage rapé Les Croisés - 325g","p":2.65,"u":"8,15 €/KG","img":"https://fd14-photos.leclercdrive.fr/image.ashx?id=2942786&use=l&cat=p&typeid=i","cat":314035},{"id":32268,"n":"Bûche de chèvre Les Croisés Non affiné 19%mg - 150g","p":1.89,"u":"12,60 €/KG","img":"https://fd14-photos.leclercdrive.fr/image.ashx?id=2919613&use=l&cat=p&typeid=i","cat":314031},{"id":32269,"n":"Maasdam fromage bloc  Les Croisés - 330g","p":2.47,"u":"7,48 €/KG","img":"https://fd14-photos.leclercdrive.fr/image.ashx?id=2081690&use=l&cat=p&typeid=i","cat":314034},{"id":32271,"n":"Pizza Turini Jambon emmental - 200g","p":1.21,"u":"6,05 €/KG","img":"https://fd14-photos.leclercdrive.fr/image.ashx?id=3010581&use=l&cat=p&typeid=i","cat":333679},{"id":32286,"n":"Papillons d'Alsace NRT 250g","p":1.41,"u":"5,64 €/KG","img":"https://fd14-photos.leclercdrive.fr/image.ashx?id=2839992&use=l&cat=p&typeid=i","cat":284427},{"id":32301,"n":"Biscuit Petit beurre P'tit Déli Tablette chocolat blanc - 150g","p":1.49,"u":"9,93 €/KG","img":"https://fd14-photos.leclercdrive.fr/image.ashx?id=1704652&use=l&cat=p&typeid=i","cat":284488},{"id":32307,"n":"Le Rossignol Les Croisés 29%mg - 250g","p":2.16,"u":"8,64 €/KG","img":"https://fd14-photos.leclercdrive.fr/image.ashx?id=2841753&use=l&cat=p&typeid=i","cat":329558},{"id":32315,"n":"Cidre brut Val de Rance Traditionnel 4.5%vol. - 1,5L","p":1.95,"u":"1,30 €/L","img":"https://fd14-photos.leclercdrive.fr/image.ashx?id=2008658&use=l&cat=p&typeid=i","cat":334880},{"id":32335,"n":"100% Pur jus d'orange Jafaden Très pulpé - 1L","p":2.49,"u":"2,49 €/L","img":"https://fd14-photos.leclercdrive.fr/image.ashx?id=2187073&use=l&cat=p&typeid=i","cat":284521},{"id":32339,"n":"Sirop Frucci Pamplemousse Rose - 75cl","p":3.65,"u":"4,87 €/L","img":"https://fd14-photos.leclercdrive.fr/image.ashx?id=2909900&use=l&cat=p&typeid=i","cat":295020},{"id":32352,"n":"Emmental fromage râpé bio Bio village - 200g","p":2.31,"u":"11,55 €/KG","img":"https://fd14-photos.leclercdrive.fr/image.ashx?id=1972558&use=l&cat=p&typeid=i","cat":314035},{"id":32353,"n":"Mozzarella Les Croisés - 3x125g","p":2.75,"u":"7,33 €/KG","img":"https://fd14-photos.leclercdrive.fr/image.ashx?id=2822126&use=l&cat=p&typeid=i","cat":314026},{"id":32357,"n":"Yaourts en gourde Délisse 3 Abricots + 3 Fraises - 6x90g","p":2.89,"u":"5,35 €/KG","img":"https://fd14-photos.leclercdrive.fr/image.ashx?id=2699565&use=l&cat=p&typeid=i","cat":284415},{"id":32380,"n":"Farine de blé Eco+ 1kg","p":0.62,"u":"0,62 €/KG","img":"https://fd14-photos.leclercdrive.fr/image.ashx?id=2659774&use=l&cat=p&typeid=i","cat":284503},{"id":32387,"n":"Ratatouille Notre Jardin A la provençale - 375g","p":1.07,"u":"2,85 €/KG","img":"https://fd14-photos.leclercdrive.fr/image.ashx?id=2526294&use=l&cat=p&typeid=i","cat":312612},{"id":32388,"n":"Maïs Notre Jardin Aux 2 poivrons - 270g","p":1.59,"u":"5,89 €/KG","img":"https://fd14-photos.leclercdrive.fr/image.ashx?id=2988057&use=l&cat=p&typeid=i","cat":312611},{"id":32400,"n":"Pomme de terre de consommation 2.5kg","p":2.99,"u":"1,20 €/KG","img":"https://fd14-photos.leclercdrive.fr/image.ashx?id=1633217&use=l&cat=p&typeid=i","cat":284352},{"id":32497,"n":"Recharge Savon Mains Dettol Parfum Citron 250ml","p":2.14,"u":"8,56 €/L","img":"https://fd14-photos.leclercdrive.fr/image.ashx?id=2962020&use=l&cat=p&typeid=i","cat":284597},{"id":32523,"n":"Endive  1 p","p":0.44,"img":"https://fd14-photos.leclercdrive.fr/image.ashx?id=657630&use=l&cat=p&typeid=i","cat":284352},{"id":32533,"n":"Langue de bœuf Larzul Sauce madère 410g","p":7.15,"u":"17,44 €/KG","img":"https://fd14-photos.leclercdrive.fr/image.ashx?id=2204021&use=l&cat=p&typeid=i","cat":284441},{"id":32534,"n":"Langue de bœuf Larzul Sauce piquante - 410g","p":6.08,"u":"14,83 €/KG","img":"https://fd14-photos.leclercdrive.fr/image.ashx?id=2171668&use=l&cat=p&typeid=i","cat":284441},{"id":32556,"n":"Gouda Les Croisés 30.5%mg portion - 250g","p":3.25,"u":"13,00 €/KG","img":"https://fd14-photos.leclercdrive.fr/image.ashx?id=2900121&use=l&cat=p&typeid=i","cat":314034},{"id":32557,"n":"Edam Les Croisés 23.7%mg portion - 250g","p":3.09,"u":"12,36 €/KG","img":"https://fd14-photos.leclercdrive.fr/image.ashx?id=2900124&use=l&cat=p&typeid=i","cat":314034},{"id":32558,"n":"Mimolette Les Croisés 23.7%mg portion - 250g","p":2.97,"u":"11,88 €/KG","img":"https://fd14-photos.leclercdrive.fr/image.ashx?id=2796049&use=l&cat=p&typeid=i","cat":314034},{"id":32643,"n":"Pruneaux d'Agen Couleurs Vives Dénoyautés - 500g","p":3.99,"u":"7,98 €/KG","img":"https://fd14-photos.leclercdrive.fr/image.ashx?id=2124107&use=l&cat=p&typeid=i","cat":284357},{"id":32724,"n":"Pain grillé bio Bio Village Céréales et graines - 225g","p":1.59,"u":"7,07 €/KG","img":"https://fd14-photos.leclercdrive.fr/image.ashx?id=2595119&use=l&cat=p&typeid=i","cat":284479},{"id":32750,"n":"Lait demi écrémé Eleveurs  De Bretagne bouteille 1L","p":1.05,"u":"1,05 €/L","img":"https://fd14-photos.leclercdrive.fr/image.ashx?id=1574189&use=l&cat=p&typeid=i","cat":284377},{"id":32753,"n":"Lait entier Les Eleveurs de  Bretagne - Bouteille : 1L","p":1.2,"u":"1,20 €/L","img":"https://fd14-photos.leclercdrive.fr/image.ashx?id=1611245&use=l&cat=p&typeid=i","cat":285610},{"id":32765,"n":"Bonbons Copains Copines Planch' acid goût fruit 225g","p":1.11,"u":"4,93 €/KG","img":"https://fd14-photos.leclercdrive.fr/image.ashx?id=2934709&use=l&cat=p&typeid=i","cat":304250},{"id":32773,"n":"Lait demi écrémé Eleveurs  De Bretagne bouteille 6x1L","p":6.3,"u":"1,05 €/L","img":"https://fd14-photos.leclercdrive.fr/image.ashx?id=1574192&use=l&cat=p&typeid=i","cat":284377},{"id":32775,"n":"Lait entier Les Eleveurs de Bretagne - Bouteille : 6x1L","p":7.2,"u":"1,20 €/L","img":"https://fd14-photos.leclercdrive.fr/image.ashx?id=1574180&use=l&cat=p&typeid=i","cat":285610},{"id":32778,"n":"Lait Bio demi-écrémé  Les éleveurs de bretagne  6x1L","p":7.14,"u":"1,19 €/L","img":"https://fd14-photos.leclercdrive.fr/image.ashx?id=1574186&use=l&cat=p&typeid=i","cat":284377},{"id":32786,"n":"Déodorant bille Manava Pierre d'alun - 50ml","p":0.79,"u":"15,80 €/L","img":"https://fd14-photos.leclercdrive.fr/image.ashx?id=2481219&use=l&cat=p&typeid=i","cat":284595},{"id":32802,"n":"Coeur de laitue Florette Florette - 320g","p":2.49,"u":"7,78 €/KG","img":"https://fd14-photos.leclercdrive.fr/image.ashx?id=2090057&use=l&cat=p&typeid=i","cat":284353},{"id":32877,"n":"Tarte au fromage Côté Table 2x130g","p":2.71,"u":"10,42 €/KG","img":"https://fd14-photos.leclercdrive.fr/image.ashx?id=2201483&use=l&cat=p&typeid=i","cat":333680},{"id":32878,"n":"Biscuits fins P'tit Déli Assortiment - 400g","p":4.55,"u":"11,38 €/KG","img":"https://fd14-photos.leclercdrive.fr/image.ashx?id=1654859&use=l&cat=p&typeid=i","cat":284490},{"id":32934,"n":"Bière blanche 1664 Blanc 5° - 12x25cl","p":9.1,"u":"3,03 €/L","img":"https://fd14-photos.leclercdrive.fr/image.ashx?id=2886696&use=l&cat=p&typeid=i","cat":334878},{"id":32949,"n":"Gel Douche Fa Cap tonique mixte flacon- 250ml","p":1.47,"u":"5,88 €/L","img":"https://fd14-photos.leclercdrive.fr/image.ashx?id=2995418&use=l&cat=p&typeid=i","cat":284594},{"id":32954,"n":"Bûche glacée Eskiss Poire Chocolat - 549g","p":3.89,"u":"7,09 €/KG","img":"https://fd14-photos.leclercdrive.fr/image.ashx?id=2791302&use=l&cat=p&typeid=i","cat":284266},{"id":32969,"n":"Mousse à raser Carré Homme Menthol 250ml","p":1.39,"u":"5,56 €/L","img":"https://fd14-photos.leclercdrive.fr/image.ashx?id=2704705&use=l&cat=p&typeid=i","cat":284617},{"id":32970,"n":"Lingettes Bionaïa Démaquillantes Bio x25","p":0.99,"u":"0,04 €/P","img":"https://fd14-photos.leclercdrive.fr/image.ashx?id=2376025&use=l&cat=p&typeid=i","cat":284603},{"id":32971,"n":"Mousse à raser Carré Homme Protectrice 250ml","p":1.09,"u":"4,36 €/L","img":"https://fd14-photos.leclercdrive.fr/image.ashx?id=2842289&use=l&cat=p&typeid=i","cat":284617},{"id":32972,"n":"Gel nettoyant Inell Visage 3 en 1 - 150ml","p":2.95,"u":"19,67 €/L","img":"https://fd14-photos.leclercdrive.fr/image.ashx?id=2644849&use=l&cat=p&typeid=i","cat":284603},{"id":32973,"n":"Eau micellaire Inell 500ml","p":2.44,"u":"4,88 €/L","img":"https://fd14-photos.leclercdrive.fr/image.ashx?id=1938870&use=l&cat=p&typeid=i","cat":284603},{"id":32976,"n":"Pomme de terre de consommation 5kg","p":2.99,"u":"0,60 €/KG","img":"https://fd14-photos.leclercdrive.fr/image.ashx?id=588142&use=l&cat=p&typeid=i","cat":284352},{"id":32982,"n":"Pâtes coquillettes Turini Les 3 min - 1kg","p":1.52,"u":"1,52 €/KG","img":"https://fd14-photos.leclercdrive.fr/image.ashx?id=2607530&use=l&cat=p&typeid=i","cat":284427},{"id":32986,"n":"Pâtes penne Turini Les 3 min - 500g","p":0.99,"u":"1,98 €/KG","img":"https://fd14-photos.leclercdrive.fr/image.ashx?id=2607536&use=l&cat=p&typeid=i","cat":284427},{"id":33019,"n":"Crème Nourrissante Nivea Visage Corps Mains - 150ml","p":1.88,"u":"12,53 €/L","img":"https://fd14-photos.leclercdrive.fr/image.ashx?id=2600536&use=l&cat=p&typeid=i","cat":325350},{"id":33023,"n":"Agneau épaule ** à rôtir - 600g","p":11.64,"u":"19,40 €/KG","img":"https://fd14-photos.leclercdrive.fr/image.ashx?id=1277874&use=l&cat=p&typeid=i","cat":284330},{"id":33027,"n":"Roti de boeuf cuit Tradilège VBF - 120g","p":3.55,"u":"29,58 €/KG","img":"https://fd14-photos.leclercdrive.fr/image.ashx?id=2753584&use=l&cat=p&typeid=i","cat":316009},{"id":33036,"n":"Beurre allégé Les Croisés Doux - 60% MG - 250g","p":1.87,"u":"7,48 €/KG","img":"https://fd14-photos.leclercdrive.fr/image.ashx?id=2893319&use=l&cat=p&typeid=i","cat":284379},{"id":33046,"n":"Tuiles Tokapi Epicé - 170g","p":1.39,"u":"8,18 €/KG","img":"https://fd14-photos.leclercdrive.fr/image.ashx?id=707440&use=l&cat=p&typeid=i","cat":287899},{"id":33063,"n":"Lait de toilette Mots d'Enfants Extra-doux - 750ml","p":3.63,"u":"4,84 €/L","img":"https://fd14-photos.leclercdrive.fr/image.ashx?id=2266495&use=l&cat=p&typeid=i","cat":284741},{"id":33097,"n":"Steak haché façon bouchère 560g Férial - 15%mg - X4","p":9.0,"u":"16,07 €/KG","img":"https://fd14-photos.leclercdrive.fr/image.ashx?id=3004660&use=l&cat=p&typeid=i","cat":319778},{"id":33098,"n":"Viande hachée Férial 15%mg - 400G","p":5.47,"u":"13,68 €/KG","img":"https://fd14-photos.leclercdrive.fr/image.ashx?id=2966517&use=l&cat=p&typeid=i","cat":319779},{"id":33151,"n":"Préparation culinaire Soja Délisse - 5%mg - 3x20cl","p":1.89,"u":"3,15 €/L","img":"https://fd14-photos.leclercdrive.fr/image.ashx?id=2852115&use=l&cat=p&typeid=i","cat":316069},{"id":33197,"n":"Café moulu Plantation Colombie - 250g","p":3.87,"u":"15,48 €/KG","img":"https://fd14-photos.leclercdrive.fr/image.ashx?id=1974545&use=l&cat=p&typeid=i","cat":284750},{"id":33199,"n":"Sirop Eco+ Fraise - 1L","p":2.43,"u":"2,43 €/L","img":"https://fd14-photos.leclercdrive.fr/image.ashx?id=2081639&use=l&cat=p&typeid=i","cat":295020},{"id":33200,"n":"Sirop menthe Eco+ 1L","p":1.41,"u":"1,41 €/L","img":"https://fd14-photos.leclercdrive.fr/image.ashx?id=2081636&use=l&cat=p&typeid=i","cat":295020},{"id":33210,"n":"Panais  500g","p":0.75,"u":"1,50 €/KG","img":"https://fd14-photos.leclercdrive.fr/image.ashx?id=1632611&use=l&cat=p&typeid=i","cat":284352},{"id":33217,"n":"Yaourts nature Bio Vrai Au lait de brebis - 4x120g","p":2.8,"u":"23,33 €/KG","img":"https://fd14-photos.leclercdrive.fr/image.ashx?id=2359306&use=l&cat=p&typeid=i","cat":314998},{"id":33239,"n":"Café Soluble Nescafé Spécial Filtre - x25 - 50g","p":2.65,"u":"53,00 €/KG","img":"https://fd14-photos.leclercdrive.fr/image.ashx?id=2485134&use=l&cat=p&typeid=i","cat":284843},{"id":33251,"n":"Déodorant Manava peux sensibles Anti-transpirant spray - 200ml","p":1.37,"u":"6,85 €/L","img":"https://fd14-photos.leclercdrive.fr/image.ashx?id=2886454&use=l&cat=p&typeid=i","cat":284595},{"id":33255,"n":"Pâtes farfalle Turini Les 3 min - 500g","p":1.07,"u":"2,14 €/KG","img":"https://fd14-photos.leclercdrive.fr/image.ashx?id=2669723&use=l&cat=p&typeid=i","cat":284427},{"id":33256,"n":"Sachet cuisson Rustica Poulet herbes de provence - 34g","p":0.6,"u":"17,65 €/KG","img":"https://fd14-photos.leclercdrive.fr/image.ashx?id=1886674&use=l&cat=p&typeid=i","cat":288380},{"id":33262,"n":"Céréales Corn Flakes Kellogg's 500g","p":2.39,"u":"4,78 €/KG","img":"https://fd14-photos.leclercdrive.fr/image.ashx?id=2522005&use=l&cat=p&typeid=i","cat":309513},{"id":33266,"n":"Céréales Smacks Kellogg's 400g","p":2.33,"u":"5,83 €/KG","img":"https://fd14-photos.leclercdrive.fr/image.ashx?id=2584235&use=l&cat=p&typeid=i","cat":309513},{"id":33269,"n":"Pommes de terre Pom'lisse Grenaille - 450g","p":2.49,"u":"5,53 €/KG","img":"https://fd14-photos.leclercdrive.fr/image.ashx?id=2704708&use=l&cat=p&typeid=i","cat":319792},{"id":33274,"n":"Pâtes spaghetti Turini Les 3 min - 1kg","p":1.59,"u":"1,59 €/KG","img":"https://fd14-photos.leclercdrive.fr/image.ashx?id=2607533&use=l&cat=p&typeid=i","cat":284427},{"id":33299,"n":"Sérum physiologique Mots d'Enfants 5ml x40","p":2.19,"u":"10,95 €/L","img":"https://fd14-photos.leclercdrive.fr/image.ashx?id=3014209&use=l&cat=p&typeid=i","cat":284741},{"id":33334,"n":"Crème hydratante Mots d'Enfants Bébé - 100ml","p":1.94,"u":"19,40 €/L","img":"https://fd14-photos.leclercdrive.fr/image.ashx?id=3014218&use=l&cat=p&typeid=i","cat":284741},{"id":33335,"n":"Eau nettoyante Mots d'Enfants Hydratante - 750ml","p":3.15,"u":"4,20 €/L","img":"https://fd14-photos.leclercdrive.fr/image.ashx?id=3015075&use=l&cat=p&typeid=i","cat":284741},{"id":33336,"n":"Gel lavant bébé Mots d'Enfants Corps et cheveux - 750ml","p":3.15,"u":"4,20 €/L","img":"https://fd14-photos.leclercdrive.fr/image.ashx?id=3014224&use=l&cat=p&typeid=i","cat":284740},{"id":33503,"n":"Salade & Cie Sodebo Antibes Thon riz - 320g","p":3.25,"u":"10,16 €/KG","img":"https://fd14-photos.leclercdrive.fr/image.ashx?id=2799431&use=l&cat=p&typeid=i","cat":333657},{"id":33515,"n":"Beurre Les Eleveurs de Bretagne Demi-sel Extra fin -80%MG- 250g","p":2.57,"u":"10,28 €/KG","img":"https://fd14-photos.leclercdrive.fr/image.ashx?id=651213&use=l&cat=p&typeid=i","cat":284379},{"id":33579,"n":"Fromage à tartiner Boursin Echalote ciboulette 10 portions","p":2.4,"u":"15,00 €/KG","img":"https://fd14-photos.leclercdrive.fr/image.ashx?id=2962056&use=l&cat=p&typeid=i","cat":314029},{"id":33582,"n":"Fromage à tartiner Boursin Poivre - 150g","p":2.15,"u":"14,33 €/KG","img":"https://fd14-photos.leclercdrive.fr/image.ashx?id=2962284&use=l&cat=p&typeid=i","cat":314029},{"id":33594,"n":"Cacahuètes  Benenuts Grillées salées - 220g","p":1.25,"u":"5,68 €/KG","img":"https://fd14-photos.leclercdrive.fr/image.ashx?id=2418762&use=l&cat=p&typeid=i","cat":284448},{"id":33596,"n":"Monster Munch Jambon fromage - 85g","p":1.0,"u":"11,76 €/KG","img":"https://fd14-photos.leclercdrive.fr/image.ashx?id=2971604&use=l&cat=p&typeid=i","cat":284449},{"id":33600,"n":"Monster Munch Ketchup - 85g","p":1.04,"u":"12,24 €/KG","img":"https://fd14-photos.leclercdrive.fr/image.ashx?id=2996932&use=l&cat=p&typeid=i","cat":284449},{"id":33667,"n":"Crème de cassis Auguste Mugniot 15%vol. - 70cl","p":4.89,"u":"6,99 €/L","img":"https://fd14-photos.leclercdrive.fr/image.ashx?id=1211501&use=l&cat=p&typeid=i","cat":286032},{"id":33745,"n":"IGP Pays d'Oc rosé Cinsault  Syrah Ormes de Cambras - BIB 5L","p":15.5,"u":"3,10 €/L","img":"https://fd14-photos.leclercdrive.fr/image.ashx?id=2445118&use=l&cat=p&typeid=i","cat":289560},{"id":33749,"n":"IGP Terres du Midi Listel Vin rosé 12% vol - BIB 3L","p":12.95,"u":"4,32 €/L","img":"https://fd14-photos.leclercdrive.fr/image.ashx?id=2883468&use=l&cat=p&typeid=i","cat":289560},{"id":33792,"n":"Crème mains bio Bio NaÏa Hydratante - 100ml","p":1.99,"u":"19,90 €/L","img":"https://fd14-photos.leclercdrive.fr/image.ashx?id=2558811&use=l&cat=p&typeid=i","cat":325354},{"id":33801,"n":"Crème protectrice - change Mots d'Enfants - 100ml","p":1.99,"u":"19,90 €/L","img":"https://fd14-photos.leclercdrive.fr/image.ashx?id=2320468&use=l&cat=p&typeid=i","cat":284741},{"id":33802,"n":"Lait Démaquillant bio Bio Naïa Visage 250ml","p":2.56,"u":"10,24 €/L","img":"https://fd14-photos.leclercdrive.fr/image.ashx?id=2399752&use=l&cat=p&typeid=i","cat":284603},{"id":33804,"n":"Déodorant Manava Douceur satin 200ml","p":1.39,"u":"6,95 €/L","img":"https://fd14-photos.leclercdrive.fr/image.ashx?id=2835202&use=l&cat=p&typeid=i","cat":284595},{"id":33805,"n":"Lingettes désinfectantes Clair Anti-bactériennes x40","p":1.05,"u":"0,03 €/P","img":"https://fd14-photos.leclercdrive.fr/image.ashx?id=2768095&use=l&cat=p&typeid=i","cat":325358},{"id":33847,"n":"Pur jus multifruits Jafaden Orange Ananas Mangue - 1L","p":2.29,"u":"2,29 €/L","img":"https://fd14-photos.leclercdrive.fr/image.ashx?id=2054969&use=l&cat=p&typeid=i","cat":284917},{"id":33848,"n":"Pur jus multifruits Jafaden  Orange Clémentine Banane - 1L","p":2.35,"u":"2,35 €/L","img":"https://fd14-photos.leclercdrive.fr/image.ashx?id=2556644&use=l&cat=p&typeid=i","cat":284917},{"id":33849,"n":"Shampooing bio Bio naïa 250ml","p":1.6,"u":"6,40 €/L","img":"https://fd14-photos.leclercdrive.fr/image.ashx?id=2822117&use=l&cat=p&typeid=i","cat":284606},{"id":33850,"n":"Eponges multi-usage Mamison Vertes - X6","p":1.75,"u":"0,29 €/P","img":"https://fd14-photos.leclercdrive.fr/image.ashx?id=2175768&use=l&cat=p&typeid=i","cat":284667},{"id":33887,"n":"Pains grillés complet Epi d'or 400g","p":1.57,"u":"3,93 €/KG","img":"https://fd14-photos.leclercdrive.fr/image.ashx?id=2555943&use=l&cat=p&typeid=i","cat":284479},{"id":33889,"n":"Pain précuit Epi d'or Petits pains x6 - 300g","p":0.99,"u":"3,30 €/KG","img":"https://fd14-photos.leclercdrive.fr/image.ashx?id=1905869&use=l&cat=p&typeid=i","cat":325069},{"id":33891,"n":"Paëlla royale Côté Table 300g","p":3.39,"u":"11,30 €/KG","img":"https://fd14-photos.leclercdrive.fr/image.ashx?id=2393872&use=l&cat=p&typeid=i","cat":284953},{"id":33892,"n":"Poule au riz Côté table 300g","p":2.31,"u":"7,70 €/KG","img":"https://fd14-photos.leclercdrive.fr/image.ashx?id=2393875&use=l&cat=p&typeid=i","cat":284953},{"id":33893,"n":"Penne Bio Village  Bio - 500g","p":0.81,"u":"1,62 €/KG","img":"https://fd14-photos.leclercdrive.fr/image.ashx?id=2625370&use=l&cat=p&typeid=i","cat":284427},{"id":33910,"n":"Biscuit Petit beurre P'tit Déli Chocolat noir pocket - 250g","p":2.39,"u":"9,56 €/KG","img":"https://fd14-photos.leclercdrive.fr/image.ashx?id=1667242&use=l&cat=p&typeid=i","cat":284488},{"id":33915,"n":"Veau aux légumes Côté table Barquette 280g","p":2.29,"u":"8,18 €/KG","img":"https://fd14-photos.leclercdrive.fr/image.ashx?id=2476152&use=l&cat=p&typeid=i","cat":284953},{"id":33917,"n":"Thon entier Pêche Océan Huile d'olive - 160g","p":2.29,"u":"14,31 €/KG","img":"https://fd14-photos.leclercdrive.fr/image.ashx?id=2942199&use=l&cat=p&typeid=i","cat":303867},{"id":33918,"n":"Pâtes torsettes Turini Blé complet - 500g","p":0.99,"u":"1,98 €/KG","img":"https://fd14-photos.leclercdrive.fr/image.ashx?id=2607527&use=l&cat=p&typeid=i","cat":284427},{"id":33921,"n":"Boisson énergisante X-tense Bouteille - 1L","p":1.8,"u":"1,80 €/L","img":"https://fd14-photos.leclercdrive.fr/image.ashx?id=2956101&use=l&cat=p&typeid=i","cat":284533},{"id":33925,"n":"Hachés au thon Pêche Océan Albacore à la tomate - 200g","p":2.7,"u":"13,50 €/KG","img":"https://fd14-photos.leclercdrive.fr/image.ashx?id=2953629&use=l&cat=p&typeid=i","cat":284344},{"id":33970,"n":"Manchons de poulet Côté Croc Nature - 500g","p":4.89,"u":"9,78 €/KG","img":"https://fd14-photos.leclercdrive.fr/image.ashx?id=2921366&use=l&cat=p&typeid=i","cat":333685},{"id":33971,"n":"Manchons de poulet Côté Croc Mexicain - 500g","p":4.89,"u":"9,78 €/KG","img":"https://fd14-photos.leclercdrive.fr/image.ashx?id=2921369&use=l&cat=p&typeid=i","cat":333685},{"id":34007,"n":"Bâtonnets Dentastix Pedigree  Fresh Moyen chien x7 - 180g","p":2.45,"u":"13,61 €/KG","img":"https://fd14-photos.leclercdrive.fr/image.ashx?id=2850171&use=l&cat=p&typeid=i","cat":294527},{"id":34009,"n":"Cuisse de canard Les Eleveurs de l'Ouest - 350g","p":4.55,"u":"13,00 €/KG","img":"https://fd14-photos.leclercdrive.fr/image.ashx?id=2686909&use=l&cat=p&typeid=i","cat":284339},{"id":34010,"n":"Filet de canard Les Eleveurs de l'Ouest - 380g","p":8.55,"u":"22,50 €/KG","img":"https://fd14-photos.leclercdrive.fr/image.ashx?id=2686912&use=l&cat=p&typeid=i","cat":284339},{"id":34011,"n":"Aiguillettes de canard Les Eleveurs de l'Ouest - 240g","p":7.5,"u":"31,25 €/KG","img":"https://fd14-photos.leclercdrive.fr/image.ashx?id=2686915&use=l&cat=p&typeid=i","cat":284339},{"id":34012,"n":"Coquelet jaune certifié Les Eleveurs de l'Ouest - 550g","p":4.54,"u":"8,25 €/KG","img":"https://fd14-photos.leclercdrive.fr/image.ashx?id=2744064&use=l&cat=p&typeid=i","cat":284336},{"id":34044,"n":"Brie Ermitage 800g","p":6.95,"u":"8,69 €/KG","img":"https://fd14-photos.leclercdrive.fr/image.ashx?id=2642453&use=l&cat=p&typeid=i","cat":314033},{"id":34106,"n":"Dosettes café Plantation  Classique - x36 - 250g","p":3.72,"u":"14,88 €/KG","img":"https://fd14-photos.leclercdrive.fr/image.ashx?id=2622109&use=l&cat=p&typeid=i","cat":293238},{"id":34107,"n":"Dosettes café Plantation  Corsé - x36 - 250g","p":3.72,"u":"14,88 €/KG","img":"https://fd14-photos.leclercdrive.fr/image.ashx?id=2622112&use=l&cat=p&typeid=i","cat":293238},{"id":34194,"n":"Parmentier Fleury Michon poisson à la ciboulette - 300g","p":2.9,"u":"9,67 €/KG","img":"https://fd14-photos.leclercdrive.fr/image.ashx?id=3003287&use=l&cat=p&typeid=i","cat":333665},{"id":34196,"n":"Gratin Fleury Michon Choux-fleur jambon 280g","p":3.15,"u":"11,25 €/KG","img":"https://fd14-photos.leclercdrive.fr/image.ashx?id=3003293&use=l&cat=p&typeid=i","cat":333665},{"id":34197,"n":"Aiguillettes de poulet  Douce France - 280g","p":4.7,"u":"16,79 €/KG","img":"https://fd14-photos.leclercdrive.fr/image.ashx?id=2629067&use=l&cat=p&typeid=i","cat":284336},{"id":34198,"n":"Filet poulet blanc Douce France  x2 -300G","p":4.39,"u":"14,63 €/KG","img":"https://fd14-photos.leclercdrive.fr/image.ashx?id=2305323&use=l&cat=p&typeid=i","cat":284336},{"id":34241,"n":"Manchons de poulet Côté Croc Barbecue - 250g","p":2.49,"u":"9,96 €/KG","img":"https://fd14-photos.leclercdrive.fr/image.ashx?id=2560482&use=l&cat=p&typeid=i","cat":333685},{"id":34248,"n":"Chocolats Schoko-bons Kinder 500g","p":7.95,"u":"15,90 €/KG","img":"https://fd14-photos.leclercdrive.fr/image.ashx?id=2323799&use=l&cat=p&typeid=i","cat":327592},{"id":34326,"n":"Dosettes café Plantation  Caramel - x10 - 70g","p":1.63,"u":"23,29 €/KG","img":"https://fd14-photos.leclercdrive.fr/image.ashx?id=2033756&use=l&cat=p&typeid=i","cat":293238},{"id":34327,"n":"Dosettes café Plantation Noisette - x10 - 70g","p":1.79,"u":"25,57 €/KG","img":"https://fd14-photos.leclercdrive.fr/image.ashx?id=1979859&use=l&cat=p&typeid=i","cat":293238},{"id":34333,"n":"Boisson à base de vin rosé Very Framboise - 75cl","p":2.9,"u":"3,87 €/L","img":"https://fd14-photos.leclercdrive.fr/image.ashx?id=2446632&use=l&cat=p&typeid=i","cat":304569},{"id":34334,"n":"Boisson à base de vin blanc  Very Pech'- Pêche - 75cl","p":2.9,"u":"3,87 €/L","img":"https://fd14-photos.leclercdrive.fr/image.ashx?id=2443874&use=l&cat=p&typeid=i","cat":304569},{"id":34350,"n":"Shampooing sec Vitanove Cheveux normaux - 150ml","p":2.18,"u":"14,53 €/L","img":"https://fd14-photos.leclercdrive.fr/image.ashx?id=2669720&use=l&cat=p&typeid=i","cat":289143},{"id":34406,"n":"Dosettes café Plantation  Décaféiné - x36 - 250g","p":3.99,"u":"15,96 €/KG","img":"https://fd14-photos.leclercdrive.fr/image.ashx?id=2824274&use=l&cat=p&typeid=i","cat":293238},{"id":34500,"n":"Dosettes café Plantation  Classique - x48 - 336g","p":4.95,"u":"14,73 €/KG","img":"https://fd14-photos.leclercdrive.fr/image.ashx?id=2824271&use=l&cat=p&typeid=i","cat":293238},{"id":34648,"n":"Anti Mouches – Catch Papier Tue-Mouches – 4 rouleaux","p":1.25,"u":"0,31 €/P","img":"https://fd14-photos.leclercdrive.fr/image.ashx?id=1940774&use=l&cat=p&typeid=i","cat":298368},{"id":34659,"n":"Mini chinois Epi d'Or Nature x6 - 300g","p":1.78,"u":"5,93 €/KG","img":"https://fd14-photos.leclercdrive.fr/image.ashx?id=2860739&use=l&cat=p&typeid=i","cat":296366},{"id":34693,"n":"Briochettes pépites Epi d'Or Chocolat au lait x12 - 500g","p":2.44,"u":"4,88 €/KG","img":"https://fd14-photos.leclercdrive.fr/image.ashx?id=2867913&use=l&cat=p&typeid=i","cat":293505},{"id":34694,"n":"Briochettes pépites Epi d'Or Chocolat - x12 500g","p":2.79,"u":"5,58 €/KG","img":"https://fd14-photos.leclercdrive.fr/image.ashx?id=2867910&use=l&cat=p&typeid=i","cat":293505},{"id":34718,"n":"Épinards à cuire Panier Primeur 400g","p":2.49,"u":"6,23 €/KG","img":"https://fd14-photos.leclercdrive.fr/image.ashx?id=2715994&use=l&cat=p&typeid=i","cat":284353},{"id":34763,"n":"Huile Cheveux Elsève Sublimateur Cheveu sec - 100ml","p":10.65,"u":"106,50 €/L","img":"https://fd14-photos.leclercdrive.fr/image.ashx?id=2870671&use=l&cat=p&typeid=i","cat":284608},{"id":34813,"n":"Thé Britley Citron - x25 - 40g","p":0.88,"u":"22,00 €/KG","img":"https://fd14-photos.leclercdrive.fr/image.ashx?id=2441321&use=l&cat=p&typeid=i","cat":293233},{"id":34841,"n":"Rillettes Tradilège poulet rôti 220g","p":1.85,"u":"8,41 €/KG","img":"https://fd14-photos.leclercdrive.fr/image.ashx?id=2930924&use=l&cat=p&typeid=i","cat":316008},{"id":34845,"n":"IGP Vinaigre balsamique Maille 50cl","p":3.22,"u":"6,44 €/L","img":"https://fd14-photos.leclercdrive.fr/image.ashx?id=2866178&use=l&cat=p&typeid=i","cat":298543},{"id":34851,"n":"Rillettes Tradilège poulet rôti 400g Format familial","p":3.35,"u":"8,38 €/KG","img":"https://fd14-photos.leclercdrive.fr/image.ashx?id=2930927&use=l&cat=p&typeid=i","cat":316008},{"id":34887,"n":"Rôti de porc dans le filet 600g","p":4.86,"u":"8,10 €/KG","img":"https://fd14-photos.leclercdrive.fr/image.ashx?id=619042&use=l&cat=p&typeid=i","cat":284331},{"id":34892,"n":"Filet mignon de porc  x2 - 950g","p":12.26,"u":"12,91 €/KG","img":"https://fd14-photos.leclercdrive.fr/image.ashx?id=760077&use=l&cat=p&typeid=i","cat":284331},{"id":34894,"n":"Côte d'agneau *** à griller           x3 - 280g","p":5.57,"u":"19,89 €/KG","img":"https://fd14-photos.leclercdrive.fr/image.ashx?id=667376&use=l&cat=p&typeid=i","cat":284330},{"id":34908,"n":"Fromage frais Petit Yoplait Nature 3.8%MG - 6x60g","p":1.25,"u":"3,47 €/KG","img":"https://fd14-photos.leclercdrive.fr/image.ashx?id=2811026&use=l&cat=p&typeid=i","cat":284409},{"id":34910,"n":"Fromage Blanc Calin Nature 3.2%MG - 450g","p":1.5,"u":"3,33 €/KG","img":"https://fd14-photos.leclercdrive.fr/image.ashx?id=2973721&use=l&cat=p&typeid=i","cat":284409},{"id":34915,"n":"Fromage frais Petit Yoplait Nature 3.8%MG - 12x60g","p":1.85,"u":"2,57 €/KG","img":"https://fd14-photos.leclercdrive.fr/image.ashx?id=2811029&use=l&cat=p&typeid=i","cat":284409},{"id":34919,"n":"Fromage frais Petit Yoplait Nature 0%MG - 12x60g","p":2.2,"u":"3,06 €/KG","img":"https://fd14-photos.leclercdrive.fr/image.ashx?id=2811023&use=l&cat=p&typeid=i","cat":315000},{"id":34943,"n":"Blanc de poulet Fleury Michon rôti à la broche x4 - 120g","p":1.65,"u":"13,75 €/KG","img":"https://fd14-photos.leclercdrive.fr/image.ashx?id=2977288&use=l&cat=p&typeid=i","cat":316010},{"id":34952,"n":"Ratatouille à la Provençale NRT 650g","p":3.19,"u":"4,91 €/KG","img":"https://fd14-photos.leclercdrive.fr/image.ashx?id=2771390&use=l&cat=p&typeid=i","cat":312612},{"id":34975,"n":"Bière Cuvée des Trolls Blonde - 7.5%vol. - 75cl","p":4.6,"u":"6,13 €/L","img":"https://fd14-photos.leclercdrive.fr/image.ashx?id=2611083&use=l&cat=p&typeid=i","cat":334872},{"id":34982,"n":"Bûche chèvre Soignon 200g","p":2.2,"u":"11,00 €/KG","img":"https://fd14-photos.leclercdrive.fr/image.ashx?id=2995325&use=l&cat=p&typeid=i","cat":314031},{"id":34999,"n":"Nuggets Croustillant Père Dodu  Poulet x10 - 200g","p":2.1,"u":"10,50 €/KG","img":"https://fd14-photos.leclercdrive.fr/image.ashx?id=2956975&use=l&cat=p&typeid=i","cat":333684},{"id":35008,"n":"Céréales Special K Kellogg's Nature - 750g","p":4.1,"u":"5,47 €/KG","img":"https://fd14-photos.leclercdrive.fr/image.ashx?id=2586288&use=l&cat=p&typeid=i","cat":309512},{"id":35023,"n":"Sirop d'agave bio Jardin Bio' 50cl","p":6.3,"u":"12,60 €/L","img":"https://fd14-photos.leclercdrive.fr/image.ashx?id=2747061&use=l&cat=p&typeid=i","cat":287643},{"id":35027,"n":"Dessert fruitier bio Jardin Bio Pomme poire 680g","p":2.54,"u":"3,74 €/KG","img":"https://fd14-photos.leclercdrive.fr/image.ashx?id=2939877&use=l&cat=p&typeid=i","cat":284508},{"id":35031,"n":"Batonnets Fritelle Lay's Goût nature - 80g","p":0.72,"u":"9,00 €/KG","img":"https://fd14-photos.leclercdrive.fr/image.ashx?id=2140635&use=l&cat=p&typeid=i","cat":284449},{"id":35039,"n":"Dosettes café Plantation Corsé - x48 - 336g","p":4.95,"u":"14,73 €/KG","img":"https://fd14-photos.leclercdrive.fr/image.ashx?id=2622115&use=l&cat=p&typeid=i","cat":293238},{"id":35078,"n":"Viande bovine 1x côte à l'os*** à griller - 900g","p":23.35,"u":"25,94 €/KG","img":"https://fd14-photos.leclercdrive.fr/image.ashx?id=2369768&use=l&cat=p&typeid=i","cat":284328},{"id":35108,"n":"Bière blonde Affligem 6,7%vol. - 12x25cl","p":9.4,"u":"3,13 €/L","img":"https://fd14-photos.leclercdrive.fr/image.ashx?id=2639405&use=l&cat=p&typeid=i","cat":334852},{"id":35117,"n":"Riste d'aubergines provençale NRT - 650g","p":4.15,"u":"6,38 €/KG","img":"https://fd14-photos.leclercdrive.fr/image.ashx?id=2771387&use=l&cat=p&typeid=i","cat":284441},{"id":35138,"n":"Yaourt SMARTIES Vanille bonbons chocolat 4x120g","p":2.3,"u":"4,79 €/KG","img":"https://fd14-photos.leclercdrive.fr/image.ashx?id=2571038&use=l&cat=p&typeid=i","cat":284414},{"id":35141,"n":"Yaourts Mamie Nova Pêches du Roussillon - 2x150g","p":1.45,"u":"4,83 €/KG","img":"https://fd14-photos.leclercdrive.fr/image.ashx?id=2911972&use=l&cat=p&typeid=i","cat":284410},{"id":35146,"n":"Fromages râpé spécial Pizza  Les Croisés - 125g","p":1.62,"u":"12,96 €/KG","img":"https://fd14-photos.leclercdrive.fr/image.ashx?id=2946175&use=l&cat=p&typeid=i","cat":314035},{"id":35147,"n":"Fromage Cheddar Burger Les Croisés 20 Tranches - 340g","p":2.02,"u":"5,94 €/KG","img":"https://fd14-photos.leclercdrive.fr/image.ashx?id=2946844&use=l&cat=p&typeid=i","cat":314028},{"id":35148,"n":"Fromage Emmental Croque Les Croisés 20 Tranches - 340g","p":2.01,"u":"5,91 €/KG","img":"https://fd14-photos.leclercdrive.fr/image.ashx?id=2946847&use=l&cat=p&typeid=i","cat":314028},{"id":35160,"n":"Croissants Pasquier x16 - 640g","p":3.73,"u":"5,83 €/KG","img":"https://fd14-photos.leclercdrive.fr/image.ashx?id=2853056&use=l&cat=p&typeid=i","cat":296366},{"id":35173,"n":"Joker Le Fruit Jus multifruits  1,5L","p":2.5,"u":"1,67 €/L","img":"https://fd14-photos.leclercdrive.fr/image.ashx?id=2785727&use=l&cat=p&typeid=i","cat":284917},{"id":35174,"n":"Jus d'orange Joker Le Fruit 1,5L","p":3.3,"u":"2,20 €/L","img":"https://fd14-photos.leclercdrive.fr/image.ashx?id=2785733&use=l&cat=p&typeid=i","cat":284521},{"id":35183,"n":"Boisson énergisante Monster Original Canette - 4x50cl","p":5.4,"u":"2,70 €/L","img":"https://fd14-photos.leclercdrive.fr/image.ashx?id=2210242&use=l&cat=p&typeid=i","cat":284533},{"id":35210,"n":"Croissants pur beurre       2p","p":1.5,"u":"0,75 €/P","img":"https://fd14-photos.leclercdrive.fr/image.ashx?id=572842&use=l&cat=p&typeid=i","cat":284984},{"id":35290,"n":"Blanc de dinde Tradilège 8 tranches 320g","p":3.95,"u":"12,34 €/KG","img":"https://fd14-photos.leclercdrive.fr/image.ashx?id=2925753&use=l&cat=p&typeid=i","cat":316010},{"id":35296,"n":"Filet poulet Tradilège rôti sans nitrite 4 tranches - 120g","p":1.75,"u":"14,58 €/KG","img":"https://fd14-photos.leclercdrive.fr/image.ashx?id=2989790&use=l&cat=p&typeid=i","cat":316010},{"id":35308,"n":"Beurre Tendre Elle&Vire Demi-Sel - 80% MG - 250g","p":2.93,"u":"11,72 €/KG","img":"https://fd14-photos.leclercdrive.fr/image.ashx?id=2604773&use=l&cat=p&typeid=i","cat":284379},{"id":35309,"n":"Beurre Tendre Elle&Vire Doux - 82% MG - 250g","p":2.93,"u":"11,72 €/KG","img":"https://fd14-photos.leclercdrive.fr/image.ashx?id=2765629&use=l&cat=p&typeid=i","cat":284379},{"id":35333,"n":"Bain de bouche Sanogyl Multi Protection - 500ml","p":4.49,"u":"8,98 €/L","img":"https://fd14-photos.leclercdrive.fr/image.ashx?id=2638256&use=l&cat=p&typeid=i","cat":284613},{"id":35343,"n":"Bain de bouche Sanogyl Anti bactérien - 500ml","p":4.49,"u":"8,98 €/L","img":"https://fd14-photos.leclercdrive.fr/image.ashx?id=1712258&use=l&cat=p&typeid=i","cat":284613},{"id":35358,"n":"Crème décolorante Expert Veet Visage et Corps 2x75ml","p":6.95,"u":"46,33 €/L","img":"https://fd14-photos.leclercdrive.fr/image.ashx?id=2909995&use=l&cat=p&typeid=i","cat":325351},{"id":35359,"n":"Cire cheveux Taft  Effet brillance - 75 ml","p":3.26,"u":"43,47 €/L","img":"https://fd14-photos.leclercdrive.fr/image.ashx?id=2897928&use=l&cat=p&typeid=i","cat":284609},{"id":35388,"n":"Déodorant Compressé Monsavon Anti-Transpirant Coton 100ml","p":2.04,"u":"20,40 €/L","img":"https://fd14-photos.leclercdrive.fr/image.ashx?id=2797437&use=l&cat=p&typeid=i","cat":284595},{"id":35398,"n":"Eau Micellaire Garnier Peaux Sensibles - 400ml","p":2.87,"u":"7,18 €/L","img":"https://fd14-photos.leclercdrive.fr/image.ashx?id=2926593&use=l&cat=p&typeid=i","cat":284603},{"id":35417,"n":"Lingettes Demak'Up Peaux normales - x25","p":2.55,"img":"https://fd14-photos.leclercdrive.fr/image.ashx?id=2981337&use=l&cat=p&typeid=i","cat":284603},{"id":35418,"n":"Lingettes Demak'Up Peaux sensibles - x25","p":2.45,"u":"0,10 €/P","img":"https://fd14-photos.leclercdrive.fr/image.ashx?id=2981340&use=l&cat=p&typeid=i","cat":284603},{"id":35425,"n":"Déodorant spray Monsavon Fleur de cerisier - 100ml","p":2.3,"u":"23,00 €/L","img":"https://fd14-photos.leclercdrive.fr/image.ashx?id=2904628&use=l&cat=p&typeid=i","cat":284595},{"id":35433,"n":"Tampons Doulys Compact Super plus - x20","p":2.6,"u":"0,13 €/P","img":"https://fd14-photos.leclercdrive.fr/image.ashx?id=2965509&use=l&cat=p&typeid=i","cat":284626},{"id":35479,"n":"Déodorant Bille Femme Nivea Black&White Original - 50ml","p":1.89,"u":"37,80 €/L","img":"https://fd14-photos.leclercdrive.fr/image.ashx?id=2985471&use=l&cat=p&typeid=i","cat":284595},{"id":35503,"n":"Gel à raser Williams Peaux sensibles 200ml","p":2.38,"u":"11,90 €/L","img":"https://fd14-photos.leclercdrive.fr/image.ashx?id=1966625&use=l&cat=p&typeid=i","cat":284617},{"id":35513,"n":"Huile de douche Nivea Peaux sèches -  200ml","p":3.2,"u":"16,00 €/MT","img":"https://fd14-photos.leclercdrive.fr/image.ashx?id=2751725&use=l&cat=p&typeid=i","cat":284594},{"id":35530,"n":"Mouchoirs en papier Lotus Boîte x1 - 80 mouchoirs","p":1.35,"u":"0,02 €/P","img":"https://fd14-photos.leclercdrive.fr/image.ashx?id=2867368&use=l&cat=p&typeid=i","cat":284638},{"id":35537,"n":"Recharge savon mains Palmolive Antibactérien -  250ml","p":0.62,"u":"2,48 €/L","img":"https://fd14-photos.leclercdrive.fr/image.ashx?id=2833180&use=l&cat=p&typeid=i","cat":284597},{"id":35666,"n":"La Fermière Riz au lait Nature  2x160g","p":2.45,"u":"7,66 €/P","img":"https://fd14-photos.leclercdrive.fr/image.ashx?id=2377013&use=l&cat=p&typeid=i","cat":284418},{"id":35716,"n":"Gourdes Goûters lactés Délisse Vanille - 4x85g","p":1.81,"u":"5,32 €/KG","img":"https://fd14-photos.leclercdrive.fr/image.ashx?id=2382682&use=l&cat=p&typeid=i","cat":284506},{"id":35720,"n":"Barquette chat Sheba Poissons en terrine - 12x85g","p":6.0,"u":"5,88 €/KG","img":"https://fd14-photos.leclercdrive.fr/image.ashx?id=2759637&use=l&cat=p&typeid=i","cat":285286},{"id":35727,"n":"Spécialité au soja nature Nat & Vie - 6x100g","p":1.62,"u":"4,05 €/P","img":"https://fd14-photos.leclercdrive.fr/image.ashx?id=2901452&use=l&cat=p&typeid=i","cat":316071},{"id":35729,"n":"Tiramisu Délisse Au café - 4x80g","p":2.49,"u":"7,78 €/KG","img":"https://fd14-photos.leclercdrive.fr/image.ashx?id=2711604&use=l&cat=p&typeid=i","cat":284419},{"id":35730,"n":"Crème dessert Délisse Vanille Billes 3 chocolats 4x117g","p":2.15,"u":"4,59 €/KG","img":"https://fd14-photos.leclercdrive.fr/image.ashx?id=2965503&use=l&cat=p&typeid=i","cat":285041},{"id":35731,"n":"Crème dessert Chocolat Délisse Mix'n croc color 4x120g","p":2.09,"u":"4,35 €/KG","img":"https://fd14-photos.leclercdrive.fr/image.ashx?id=2965506&use=l&cat=p&typeid=i","cat":285041},{"id":35760,"n":"Céréales Miel Pops Kellogg's 620g","p":3.6,"u":"5,81 €/KG","img":"https://fd14-photos.leclercdrive.fr/image.ashx?id=2596952&use=l&cat=p&typeid=i","cat":309513},{"id":35761,"n":"Céréales Frosties Kellogg's 620g","p":4.18,"u":"6,74 €/KG","img":"https://fd14-photos.leclercdrive.fr/image.ashx?id=2589768&use=l&cat=p&typeid=i","cat":309513},{"id":35788,"n":"Café Soluble Nescafé 200g","p":5.61,"u":"28,05 €/KG","img":"https://fd14-photos.leclercdrive.fr/image.ashx?id=2810627&use=l&cat=p&typeid=i","cat":284843},{"id":35790,"n":"Nettoyant ménager Uni Vert Multi-surfaces 1L","p":1.53,"u":"1,53 €/L","img":"https://fd14-photos.leclercdrive.fr/image.ashx?id=2520837&use=l&cat=p&typeid=i","cat":284907},{"id":35791,"n":"Flammekueche d'Alsace NRT 600g","p":4.35,"u":"7,25 €/KG","img":"https://fd14-photos.leclercdrive.fr/image.ashx?id=2743894&use=l&cat=p&typeid=i","cat":333680},{"id":35815,"n":"Matière grasse St Hubert  Omega 3 - 52% MG - 255g","p":1.95,"u":"7,65 €/KG","img":"https://fd14-photos.leclercdrive.fr/image.ashx?id=2734093&use=l&cat=p&typeid=i","cat":315229},{"id":35816,"n":"Matière grasse St Hubert Omega3 52% MG - demi-sel - 255g","p":1.95,"u":"7,65 €/KG","img":"https://fd14-photos.leclercdrive.fr/image.ashx?id=2734096&use=l&cat=p&typeid=i","cat":315229},{"id":35820,"n":"Liquide pour cuisson Rustica végétal - 500ml","p":2.09,"u":"4,18 €/L","img":"https://fd14-photos.leclercdrive.fr/image.ashx?id=2903950&use=l&cat=p&typeid=i","cat":315229},{"id":35823,"n":"Roquefort AOP en portions Les Croisés - 25gx4 -100g","p":2.31,"u":"23,10 €/KG","img":"https://fd14-photos.leclercdrive.fr/image.ashx?id=2645945&use=l&cat=p&typeid=i","cat":314032},{"id":35824,"n":"Fromage à tartiner Les Croisés Allégé Nature - 150g","p":1.24,"u":"8,27 €/KG","img":"https://fd14-photos.leclercdrive.fr/image.ashx?id=2366307&use=l&cat=p&typeid=i","cat":314029},{"id":35825,"n":"Fromage Pavé d'Affinois Original - 200g","p":2.4,"u":"12,00 €/KG","img":"https://fd14-photos.leclercdrive.fr/image.ashx?id=3002078&use=l&cat=p&typeid=i","cat":314033},{"id":35830,"n":"Yaourt La Laitière   Fruits panachés - 8x125g","p":3.6,"u":"3,60 €/KG","img":"https://fd14-photos.leclercdrive.fr/image.ashx?id=2744590&use=l&cat=p&typeid=i","cat":286006},{"id":35833,"n":"Yaourt La Laitière Citron - 4x125g","p":1.75,"u":"3,50 €/KG","img":"https://fd14-photos.leclercdrive.fr/image.ashx?id=2904065&use=l&cat=p&typeid=i","cat":286006},{"id":35837,"n":"Fromage blanc Bio Vrai Nature - 3.6%mg - 500g","p":1.77,"u":"3,54 €/KG","img":"https://fd14-photos.leclercdrive.fr/image.ashx?id=2516278&use=l&cat=p&typeid=i","cat":284409},{"id":35838,"n":"Yaourts nature Vrai Bio - 4x125g","p":1.3,"u":"2,60 €/KG","img":"https://fd14-photos.leclercdrive.fr/image.ashx?id=2360707&use=l&cat=p&typeid=i","cat":284409},{"id":35846,"n":"Yaourt à boire Délisse Vanille - 850g","p":1.4,"u":"1,65 €/KG","img":"https://fd14-photos.leclercdrive.fr/image.ashx?id=2775890&use=l&cat=p&typeid=i","cat":284415},{"id":35847,"n":"Yaourt à boire Délisse Framboise - 850g","p":1.35,"u":"1,59 €/KG","img":"https://fd14-photos.leclercdrive.fr/image.ashx?id=2777797&use=l&cat=p&typeid=i","cat":284415},{"id":35848,"n":"Yaourt à boire Délisse Fraise - 850g","p":1.4,"u":"1,65 €/P","img":"https://fd14-photos.leclercdrive.fr/image.ashx?id=2796529&use=l&cat=p&typeid=i","cat":284415},{"id":35850,"n":"Jambon fumé Tradilège Avec couenne -4 tranches - 160g","p":2.31,"u":"14,44 €/KG","img":"https://fd14-photos.leclercdrive.fr/image.ashx?id=2448327&use=l&cat=p&typeid=i","cat":316009},{"id":35906,"n":"Gourdes Goûters lactés Délisse Chocolat - 4x85g","p":1.75,"u":"5,15 €/KG","img":"https://fd14-photos.leclercdrive.fr/image.ashx?id=2382679&use=l&cat=p&typeid=i","cat":284506},{"id":35909,"n":"Test de grossesse Medicaid 1 pièce","p":0.85,"img":"https://fd14-photos.leclercdrive.fr/image.ashx?id=2432758&use=l&cat=p&typeid=i","cat":324482},{"id":35918,"n":"Jus de pomme Jafaden A base de concentré - 6x20cl","p":1.32,"u":"1,10 €/L","img":"https://fd14-photos.leclercdrive.fr/image.ashx?id=2366881&use=l&cat=p&typeid=i","cat":284524},{"id":35919,"n":"Jus de raisin Jafaden Briquettes - 6x20cl","p":2.46,"u":"2,05 €/L","img":"https://fd14-photos.leclercdrive.fr/image.ashx?id=2989935&use=l&cat=p&typeid=i","cat":284915},{"id":35921,"n":"Pur jus de pomme Jafaden 1,5L","p":1.48,"u":"0,99 €/L","img":"https://fd14-photos.leclercdrive.fr/image.ashx?id=1936641&use=l&cat=p&typeid=i","cat":284522},{"id":35927,"n":"Cocktail Mojito Lagoa 15%vol - 70cl","p":4.99,"u":"7,13 €/L","img":"https://fd14-photos.leclercdrive.fr/image.ashx?id=2958341&use=l&cat=p&typeid=i","cat":284551},{"id":35955,"n":"Magret de canard Périgord Nos Régions ont du Talent 410g","p":9.23,"u":"22,51 €/KG","img":"https://fd14-photos.leclercdrive.fr/image.ashx?id=2867925&use=l&cat=p&typeid=i","cat":284339},{"id":35995,"n":"Lait de toilette Mots d'Enfants Bio - 250ml","p":2.12,"u":"8,48 €/L","img":"https://fd14-photos.leclercdrive.fr/image.ashx?id=2485080&use=l&cat=p&typeid=i","cat":284741},{"id":36010,"n":"Bâtonnets Trium Vanille chocolat blanc x4 -308g","p":2.59,"u":"8,41 €/KG","img":"https://fd14-photos.leclercdrive.fr/image.ashx?id=2920776&use=l&cat=p&typeid=i","cat":284265},{"id":36037,"n":"Crème UHT Elle&Vire Fluide Entière - 30% MG - 3x20cl","p":3.2,"u":"5,33 €/L","img":"https://fd14-photos.leclercdrive.fr/image.ashx?id=3008551&use=l&cat=p&typeid=i","cat":284381},{"id":36039,"n":"Crème légère fluide UHT Délisse 12%mg - 3x20cl","p":1.84,"u":"3,07 €/L","img":"https://fd14-photos.leclercdrive.fr/image.ashx?id=2909392&use=l&cat=p&typeid=i","cat":284381},{"id":36040,"n":"Spécialité laitière UHT Délisse Semi-épaisse 4%mg - 3x20cl","p":2.21,"u":"3,68 €/L","img":"https://fd14-photos.leclercdrive.fr/image.ashx?id=3002599&use=l&cat=p&typeid=i","cat":284381},{"id":36041,"n":"Crème semi-épaisse entière UHT Délisse 30%mg - 3x20cl","p":3.5,"u":"5,83 €/L","img":"https://fd14-photos.leclercdrive.fr/image.ashx?id=2494099&use=l&cat=p&typeid=i","cat":284381},{"id":36077,"n":"Lait de toilette bébé Eco+ 300ml","p":1.07,"u":"3,57 €/L","img":"https://fd14-photos.leclercdrive.fr/image.ashx?id=2690862&use=l&cat=p&typeid=i","cat":284741},{"id":36124,"n":"Haricots blancs Notre Jardin - 500g","p":1.03,"u":"2,06 €/KG","img":"https://fd14-photos.leclercdrive.fr/image.ashx?id=2482942&use=l&cat=p&typeid=i","cat":312606},{"id":36125,"n":"Haricots blancs Notre Jardin 250g","p":0.85,"u":"3,40 €/KG","img":"https://fd14-photos.leclercdrive.fr/image.ashx?id=2448983&use=l&cat=p&typeid=i","cat":312606},{"id":36191,"n":"Allumettes fumées Tradilège VPF 2x75g","p":1.7,"u":"11,33 €/KG","img":"https://fd14-photos.leclercdrive.fr/image.ashx?id=2943680&use=l&cat=p&typeid=i","cat":316011},{"id":36192,"n":"Jambon braisé Tradilège Doré au four 4 tranches 160g","p":2.42,"u":"15,13 €/KG","img":"https://fd14-photos.leclercdrive.fr/image.ashx?id=2994369&use=l&cat=p&typeid=i","cat":316009},{"id":36193,"n":"Dés de jambon Tradilège -25% de sel - 2x75g","p":1.49,"u":"9,93 €/KG","img":"https://fd14-photos.leclercdrive.fr/image.ashx?id=2984191&use=l&cat=p&typeid=i","cat":316011},{"id":36194,"n":"Dés de jambon Tradilège Maxi format 2x125g","p":2.63,"u":"10,52 €/KG","img":"https://fd14-photos.leclercdrive.fr/image.ashx?id=2970465&use=l&cat=p&typeid=i","cat":316011},{"id":36195,"n":"Emincés de poulet Tradilège Rôti - Maxi format 2x125g","p":3.59,"u":"14,36 €/KG","img":"https://fd14-photos.leclercdrive.fr/image.ashx?id=2994372&use=l&cat=p&typeid=i","cat":316011},{"id":36198,"n":"Lardons supérieurs Tradilège Fumés maxi format 2x200g","p":3.42,"u":"8,55 €/KG","img":"https://fd14-photos.leclercdrive.fr/image.ashx?id=2921381&use=l&cat=p&typeid=i","cat":316011},{"id":36200,"n":"Coton Démaquillant Eco+ Prédécoupé - 200g","p":1.57,"u":"7,85 €/KG","img":"https://fd14-photos.leclercdrive.fr/image.ashx?id=2724535&use=l&cat=p&typeid=i","cat":285593},{"id":36201,"n":"Crème hydratante Eco+ Visage et corps - 250ml","p":1.55,"u":"6,20 €/L","img":"https://fd14-photos.leclercdrive.fr/image.ashx?id=2487410&use=l&cat=p&typeid=i","cat":325350},{"id":36203,"n":"Gel douche Eco+ Peaux sensibles - 500ml","p":0.99,"u":"1,98 €/L","img":"https://fd14-photos.leclercdrive.fr/image.ashx?id=2174660&use=l&cat=p&typeid=i","cat":284594},{"id":36206,"n":"Mousse à raser hydratante Eco+ Peaux normales - 300ml","p":0.85,"u":"2,83 €/L","img":"https://fd14-photos.leclercdrive.fr/image.ashx?id=2952382&use=l&cat=p&typeid=i","cat":284617},{"id":36267,"n":"Noix St Jacques NRT de Normandie - 300g","p":14.99,"u":"49,97 €/KG","img":"https://fd14-photos.leclercdrive.fr/image.ashx?id=2699819&use=l&cat=p&typeid=i","cat":319787},{"id":36268,"n":"Soufflés ExtraTerrestres Tokapi Jambon fromage - 80g","p":0.8,"u":"10,00 €/KG","img":"https://fd14-photos.leclercdrive.fr/image.ashx?id=1888935&use=l&cat=p&typeid=i","cat":284449},{"id":36269,"n":"Soufflés ExtraTerrestres Tokapi Ketchup - 80g","p":0.8,"u":"10,00 €/KG","img":"https://fd14-photos.leclercdrive.fr/image.ashx?id=1915578&use=l&cat=p&typeid=i","cat":284449},{"id":36270,"n":"Soufflés ExtraTerrestres Tokapi Salé - 80g","p":0.8,"u":"10,00 €/KG","img":"https://fd14-photos.leclercdrive.fr/image.ashx?id=1932960&use=l&cat=p&typeid=i","cat":284449},{"id":36308,"n":"Shampooing Nateïs Camomille abricot - 250ml","p":1.39,"u":"5,56 €/L","img":"https://fd14-photos.leclercdrive.fr/image.ashx?id=2626790&use=l&cat=p&typeid=i","cat":284606},{"id":36309,"n":"Shampooing Nateïs Cranberry Huile de jojoba 250ml","p":1.4,"u":"5,60 €/L","img":"https://fd14-photos.leclercdrive.fr/image.ashx?id=1905491&use=l&cat=p&typeid=i","cat":284606},{"id":36310,"n":"Shampooing Nateïs Argile Pamplemousse - 250ml","p":1.39,"u":"5,56 €/L","img":"https://fd14-photos.leclercdrive.fr/image.ashx?id=2358697&use=l&cat=p&typeid=i","cat":284606},{"id":36311,"n":"Shampooing Nateïs Huile d'argan - 250ml","p":1.29,"u":"5,16 €/L","img":"https://fd14-photos.leclercdrive.fr/image.ashx?id=2626796&use=l&cat=p&typeid=i","cat":284606},{"id":36312,"n":"Shampooing Nateïs Henné / Cassis - 250ml","p":1.55,"u":"6,20 €/L","img":"https://fd14-photos.leclercdrive.fr/image.ashx?id=2652903&use=l&cat=p&typeid=i","cat":284606},{"id":36314,"n":"Shampooing Nateïs Fleur de tilleul pomme verte - 250ml","p":1.27,"u":"5,08 €/L","img":"https://fd14-photos.leclercdrive.fr/image.ashx?id=2369645&use=l&cat=p&typeid=i","cat":284606},{"id":36317,"n":"Dessert fruitier pomme Douceur Verger s/sucre 8x100g","p":1.99,"u":"2,49 €/KG","img":"https://fd14-photos.leclercdrive.fr/image.ashx?id=2416321&use=l&cat=p&typeid=i","cat":284416},{"id":36347,"n":"Rondelé aux Noix 125g","p":1.6,"u":"12,80 €/KG","img":"https://fd14-photos.leclercdrive.fr/image.ashx?id=2967732&use=l&cat=p&typeid=i","cat":314029},{"id":36348,"n":"Papier aluminium Alfapac Gaufré - Rouleau 20m","p":3.1,"img":"https://fd14-photos.leclercdrive.fr/image.ashx?id=2870446&use=l&cat=p&typeid=i","cat":334134},{"id":36388,"n":"Bière ambrée corse Pietra 6° - 6x25cl","p":7.93,"pp":5.55,"u":"3,70 €/L","img":"https://fd14-photos.leclercdrive.fr/image.ashx?id=3011464&use=l&cat=p&typeid=i","cat":334872},{"id":36394,"n":"Yaourt aromatisé aux Fruits Panachés Frulos - 16x125g","p":3.15,"u":"1,58 €/KG","img":"https://fd14-photos.leclercdrive.fr/image.ashx?id=2799895&use=l&cat=p&typeid=i","cat":286006},{"id":36395,"n":"Yaourt Nature Sucré Yoplait - 12x125g","p":2.6,"u":"1,73 €/KG","img":"https://fd14-photos.leclercdrive.fr/image.ashx?id=2796827&use=l&cat=p&typeid=i","cat":284409},{"id":36396,"n":"Gâteau fourré Mini BN Chocolat 175g","p":2.12,"u":"12,11 €/KG","img":"https://fd14-photos.leclercdrive.fr/image.ashx?id=2746854&use=l&cat=p&typeid=i","cat":284488},{"id":36397,"n":"Biscuits Mini BN Goûter à la fraise - 175g","p":1.92,"u":"10,97 €/KG","img":"https://fd14-photos.leclercdrive.fr/image.ashx?id=2748212&use=l&cat=p&typeid=i","cat":284489},{"id":36399,"n":"Pizza La Pizz Sodebo Chèvre lardons - 470g","p":3.45,"u":"7,34 €/KG","img":"https://fd14-photos.leclercdrive.fr/image.ashx?id=2851494&use=l&cat=p&typeid=i","cat":333679},{"id":36400,"n":"Pizza La Pizz Sodebo 4 fromages - 470g","p":3.3,"u":"7,02 €/KG","img":"https://fd14-photos.leclercdrive.fr/image.ashx?id=2905366&use=l&cat=p&typeid=i","cat":333679},{"id":36401,"n":"Pizza Dolce Sodebo 4 fromaggi - 380g","p":3.99,"u":"10,50 €/KG","img":"https://fd14-photos.leclercdrive.fr/image.ashx?id=2921636&use=l&cat=p&typeid=i","cat":333679},{"id":36402,"n":"Pizza Dolce Sodebo Prosciutto Jambon Mozza - 400g","p":3.5,"u":"8,75 €/KG","img":"https://fd14-photos.leclercdrive.fr/image.ashx?id=2919277&use=l&cat=p&typeid=i","cat":333679},{"id":36403,"n":"Pizza Dolce Sodebo Campanella Jambon Speck - 380g","p":3.65,"u":"9,61 €/KG","img":"https://fd14-photos.leclercdrive.fr/image.ashx?id=2921639&use=l&cat=p&typeid=i","cat":333679},{"id":36404,"n":"Pizza Dolce Sodebo Regina Jambon Champignons 400g","p":3.85,"u":"9,63 €/KG","img":"https://fd14-photos.leclercdrive.fr/image.ashx?id=3008251&use=l&cat=p&typeid=i","cat":333679},{"id":36412,"n":"Compote Douceur du Verger Coupelle pomme - 16x100g","p":3.09,"u":"1,93 €/KG","img":"https://fd14-photos.leclercdrive.fr/image.ashx?id=2663515&use=l&cat=p&typeid=i","cat":284508},{"id":36414,"n":"Compote Douceur du Verger Coupelle pomme - 8x100g","p":1.89,"u":"2,36 €/KG","img":"https://fd14-photos.leclercdrive.fr/image.ashx?id=2663509&use=l&cat=p&typeid=i","cat":284508},{"id":36416,"n":"Compote Douceur du Verger Coupelle pomme rhubarbe -4x100g","p":1.29,"u":"3,23 €/KG","img":"https://fd14-photos.leclercdrive.fr/image.ashx?id=2663518&use=l&cat=p&typeid=i","cat":284508},{"id":36418,"n":"Compote Douceur du Verger Gourdes Pomme Poire - 4x90g","p":1.49,"u":"4,14 €/KG","img":"https://fd14-photos.leclercdrive.fr/image.ashx?id=2354671&use=l&cat=p&typeid=i","cat":284508},{"id":36419,"n":"Compote Douceur du Verger Coupelle pomme - 4x100g","p":0.99,"u":"2,48 €/KG","img":"https://fd14-photos.leclercdrive.fr/image.ashx?id=2663527&use=l&cat=p&typeid=i","cat":284508},{"id":36424,"n":"Brownie P'tit Deli Chocolat noisette 285g","p":1.85,"u":"6,49 €/KG","img":"https://fd14-photos.leclercdrive.fr/image.ashx?id=2613714&use=l&cat=p&typeid=i","cat":294776},{"id":36438,"n":"Sticks dentaires Lydog Petit chien - x7 110g","p":0.99,"u":"9,00 €/KG","img":"https://fd14-photos.leclercdrive.fr/image.ashx?id=1878604&use=l&cat=p&typeid=i","cat":294527},{"id":36440,"n":"Sticks dentaires Lydog Grand chien - x7 - 270g","p":2.54,"u":"9,41 €/KG","img":"https://fd14-photos.leclercdrive.fr/image.ashx?id=1947274&use=l&cat=p&typeid=i","cat":294527},{"id":36441,"n":"Aiguillettes poulet Tradilège Rôti - 2x75g","p":2.13,"u":"14,20 €/KG","img":"https://fd14-photos.leclercdrive.fr/image.ashx?id=2994375&use=l&cat=p&typeid=i","cat":316011},{"id":36445,"n":"Râpé de jambon Tradilège Fumé - 150g","p":1.75,"u":"11,67 €/KG","img":"https://fd14-photos.leclercdrive.fr/image.ashx?id=2970468&use=l&cat=p&typeid=i","cat":316011},{"id":36475,"n":"Thé glacé Fresh Tea Pêche - 6x25cl","p":2.85,"u":"1,90 €/L","img":"https://fd14-photos.leclercdrive.fr/image.ashx?id=2366319&use=l&cat=p&typeid=i","cat":295019},{"id":36504,"n":"Pizza La Pizz Sodebo Jambon emmental - 470g","p":2.85,"u":"6,06 €/KG","img":"https://fd14-photos.leclercdrive.fr/image.ashx?id=2886786&use=l&cat=p&typeid=i","cat":333679},{"id":36574,"n":"Délice Breizh Pom Pomme 4x100g","p":1.7,"u":"4,25 €/KG","img":"https://fd14-photos.leclercdrive.fr/image.ashx?id=2655487&use=l&cat=p&typeid=i","cat":284508},{"id":36633,"n":"Glace Cône Nestlé Extrême Crème brulée x6 - 426g","p":3.4,"u":"7,98 €/KG","img":"https://fd14-photos.leclercdrive.fr/image.ashx?id=2831672&use=l&cat=p&typeid=i","cat":284264},{"id":36649,"n":"Infusion Tiséa pomme cannelle 25 sachets 55g","p":1.38,"u":"25,09 €/KG","img":"https://fd14-photos.leclercdrive.fr/image.ashx?id=2469562&use=l&cat=p&typeid=i","cat":293234},{"id":36656,"n":"Soupe liquide Liebig  Velouté 10 légumes - Brique 1L","p":1.65,"u":"1,65 €/L","img":"https://fd14-photos.leclercdrive.fr/image.ashx?id=2892133&use=l&cat=p&typeid=i","cat":284462},{"id":36658,"n":"Soupe liquide Liebig  Mouliné 10 légumes - Brique 1L","p":1.65,"u":"1,65 €/L","img":"https://fd14-photos.leclercdrive.fr/image.ashx?id=2651396&use=l&cat=p&typeid=i","cat":284462},{"id":36710,"n":"Sucre canne Béghin Say Pure - en morceaux - 750g","p":2.19,"u":"2,92 €/KG","img":"https://fd14-photos.leclercdrive.fr/image.ashx?id=2948830&use=l&cat=p&typeid=i","cat":284502},{"id":36715,"n":"Ravioli Panzani Bolognaise - 1.2kg","p":5.25,"u":"4,38 €/KG","img":"https://fd14-photos.leclercdrive.fr/image.ashx?id=2939514&use=l&cat=p&typeid=i","cat":284442},{"id":36720,"n":"Haricots blancs à la tomate 400 g","p":0.75,"u":"1,88 €/KG","img":"https://fd14-photos.leclercdrive.fr/image.ashx?id=2988078&use=l&cat=p&typeid=i","cat":312606},{"id":36721,"n":"Lait chat et chaton Whiskas 3x200ml","p":2.6,"u":"4,33 €/L","img":"https://fd14-photos.leclercdrive.fr/image.ashx?id=2759670&use=l&cat=p&typeid=i","cat":285285},{"id":36756,"n":"Haricots Blancs à la tomate 800g","p":1.08,"u":"1,35 €/KG","img":"https://fd14-photos.leclercdrive.fr/image.ashx?id=2988075&use=l&cat=p&typeid=i","cat":312606},{"id":36811,"n":"Chewing-gum Freedent Fraise 5x10 dragées 70g","p":2.3,"u":"32,86 €/KG","img":"https://fd14-photos.leclercdrive.fr/image.ashx?id=2325485&use=l&cat=p&typeid=i","cat":304251},{"id":36819,"n":"Chocolat Noir After Eight Fourré Menthe - 300g","p":4.89,"u":"16,30 €/KG","img":"https://fd14-photos.leclercdrive.fr/image.ashx?id=2348782&use=l&cat=p&typeid=i","cat":284499},{"id":36833,"n":"BB Crème teintée médium Inell Hydratante 5 en 1 - 50ml","p":3.45,"u":"69,00 €/L","img":"https://fd14-photos.leclercdrive.fr/image.ashx?id=2822120&use=l&cat=p&typeid=i","cat":325345},{"id":36834,"n":"BB Crème teintée clair Inell  Hydratante 5en1 - 50ml","p":3.45,"u":"69,00 €/L","img":"https://fd14-photos.leclercdrive.fr/image.ashx?id=2691649&use=l&cat=p&typeid=i","cat":325345},{"id":36836,"n":"Gel douche Carré Homme Tonifiant 250ml","p":1.22,"u":"4,88 €/L","img":"https://fd14-photos.leclercdrive.fr/image.ashx?id=1541956&use=l&cat=p&typeid=i","cat":284619},{"id":36837,"n":"Gel douche Carré Homme Séduction 250ml","p":1.14,"u":"4,56 €/L","img":"https://fd14-photos.leclercdrive.fr/image.ashx?id=2946178&use=l&cat=p&typeid=i","cat":284619},{"id":36886,"n":"Miel de montagne L'Apiculteur Crémeux - 500g","p":6.65,"u":"13,30 €/KG","img":"https://fd14-photos.leclercdrive.fr/image.ashx?id=2310926&use=l&cat=p&typeid=i","cat":287643},{"id":36920,"n":"Protège-slips Doulys Ultra-mince - Large - x30","p":0.82,"u":"0,03 €/P","img":"https://fd14-photos.leclercdrive.fr/image.ashx?id=2847967&use=l&cat=p&typeid=i","cat":284625},{"id":37013,"n":"Cuadro Novi Chocolat noir  - 150g","p":4.55,"u":"30,33 €/KG","img":"https://fd14-photos.leclercdrive.fr/image.ashx?id=2750096&use=l&cat=p&typeid=i","cat":327595},{"id":37014,"n":"Cuadro Novi Chocolat  noisettes - 150g","p":4.55,"u":"30,33 €/KG","img":"https://fd14-photos.leclercdrive.fr/image.ashx?id=2615167&use=l&cat=p&typeid=i","cat":327595},{"id":37030,"n":"Farine suprême Francine 1kg","p":1.68,"u":"1,68 €/KG","img":"https://fd14-photos.leclercdrive.fr/image.ashx?id=2902654&use=l&cat=p&typeid=i","cat":284503},{"id":37035,"n":"Sauces Classic Mix Bénédicta 4 sauces de 85g - 330g","p":2.97,"u":"9,00 €/KG","img":"https://fd14-photos.leclercdrive.fr/image.ashx?id=2616171&use=l&cat=p&typeid=i","cat":318430},{"id":37044,"n":"Sauces Party Mix Bénédicta 6 sauces de 85g - 500g","p":3.46,"u":"6,92 €/KG","img":"https://fd14-photos.leclercdrive.fr/image.ashx?id=2616174&use=l&cat=p&typeid=i","cat":318430},{"id":37049,"n":"Sauce Samourai Amora 255g","p":1.73,"u":"7,69 €/KG","img":"https://fd14-photos.leclercdrive.fr/image.ashx?id=2893838&use=l&cat=p&typeid=i","cat":318431},{"id":37053,"n":"Sucre pure canne Beghin Say Petits morceaux - 1kg","p":2.86,"u":"2,86 €/KG","img":"https://fd14-photos.leclercdrive.fr/image.ashx?id=2949922&use=l&cat=p&typeid=i","cat":284502},{"id":37054,"n":"Sucre pure canne Beghin Say Morceaux - 1kg","p":2.65,"u":"2,65 €/KG","img":"https://fd14-photos.leclercdrive.fr/image.ashx?id=2978688&use=l&cat=p&typeid=i","cat":284502},{"id":37107,"n":"Gel lavant mains Manava Spécial cuisine - 300ml","p":1.03,"u":"3,43 €/L","img":"https://fd14-photos.leclercdrive.fr/image.ashx?id=2355151&use=l&cat=p&typeid=i","cat":284597},{"id":37120,"n":"Sauce Soja sucrée Kikkoman 250ml","p":4.35,"u":"17,40 €/L","img":"https://fd14-photos.leclercdrive.fr/image.ashx?id=2536296&use=l&cat=p&typeid=i","cat":288992},{"id":37149,"n":"Cookies Méga pépites P'tit Déli Chocolat noisettes 184g","p":1.51,"u":"8,21 €/KG","img":"https://fd14-photos.leclercdrive.fr/image.ashx?id=2116149&use=l&cat=p&typeid=i","cat":325066},{"id":37198,"n":"Poêlée Notre Jardin Méditerranéenne 750g","p":3.22,"u":"4,29 €/KG","img":"https://fd14-photos.leclercdrive.fr/image.ashx?id=2835029&use=l&cat=p&typeid=i","cat":319823},{"id":37199,"n":"Poêlée Notre Jardin Parisienne 750g","p":2.24,"u":"2,99 €/KG","img":"https://fd14-photos.leclercdrive.fr/image.ashx?id=2865062&use=l&cat=p&typeid=i","cat":319823},{"id":37255,"n":"Céréales Extra Kellogg's Noisettes Caramelisées - 500g","p":3.6,"u":"7,20 €/KG","img":"https://fd14-photos.leclercdrive.fr/image.ashx?id=2736598&use=l&cat=p&typeid=i","cat":309512},{"id":37260,"n":"Boisson au thé Fresh Tea Citron vert - 1,5L","p":1.24,"u":"0,83 €/L","img":"https://fd14-photos.leclercdrive.fr/image.ashx?id=2366313&use=l&cat=p&typeid=i","cat":295019},{"id":37261,"n":"Boisson au thé Fresh Tea Mangue - 1,5L","p":1.3,"u":"0,87 €/L","img":"https://fd14-photos.leclercdrive.fr/image.ashx?id=2622260&use=l&cat=p&typeid=i","cat":295019},{"id":37262,"n":"Boisson au thé Fresh Tea Framboise - 1,5L","p":1.33,"u":"0,89 €/L","img":"https://fd14-photos.leclercdrive.fr/image.ashx?id=1658894&use=l&cat=p&typeid=i","cat":295019},{"id":37278,"n":"Orangina Pik Haribo Sachet bonbons acidulés - 250g","p":1.55,"u":"6,20 €/KG","img":"https://fd14-photos.leclercdrive.fr/image.ashx?id=2806090&use=l&cat=p&typeid=i","cat":304250},{"id":37400,"n":"Clémenvilla  1kg","p":3.49,"u":"3,49 €/KG","img":"https://fd14-photos.leclercdrive.fr/image.ashx?id=1629061&use=l&cat=p&typeid=i","cat":284356},{"id":37403,"n":"Sachet fraîcheur chien Pedigree  Mixte en sauce - 12x100g","p":5.1,"u":"4,25 €/KG","img":"https://fd14-photos.leclercdrive.fr/image.ashx?id=2870242&use=l&cat=p&typeid=i","cat":284673},{"id":37436,"n":"Brosse à dents enfant Dentamyl Clignotante - Multicoloris x1","p":1.9,"img":"https://fd14-photos.leclercdrive.fr/image.ashx?id=1953648&use=l&cat=p&typeid=i","cat":288897},{"id":37438,"n":"Papier cuisson Elembal Rouleau 15m","p":1.79,"img":"https://fd14-photos.leclercdrive.fr/image.ashx?id=2824952&use=l&cat=p&typeid=i","cat":334134},{"id":37449,"n":"Pistaches Couleurs Vives Sans sel - 250g","p":4.75,"u":"19,00 €/KG","img":"https://fd14-photos.leclercdrive.fr/image.ashx?id=2814866&use=l&cat=p&typeid=i","cat":316002},{"id":37452,"n":"Lardons de volaille Tradilège Nature 2x75g","p":1.6,"u":"10,67 €/KG","img":"https://fd14-photos.leclercdrive.fr/image.ashx?id=2882355&use=l&cat=p&typeid=i","cat":316011},{"id":37455,"n":"Viande hachée de porc Férial  350g","p":4.59,"u":"13,11 €/KG","img":"https://fd14-photos.leclercdrive.fr/image.ashx?id=2922959&use=l&cat=p&typeid=i","cat":284332},{"id":37456,"n":"Saucisse fumée Tradilège VPF x3 375g","p":3.22,"u":"8,59 €/KG","img":"https://fd14-photos.leclercdrive.fr/image.ashx?id=2659085&use=l&cat=p&typeid=i","cat":316012},{"id":37457,"n":"Yaourt bio Les 2 Vaches brassé nature - 4x115g","p":1.3,"u":"2,83 €/KG","img":"https://fd14-photos.leclercdrive.fr/image.ashx?id=2571545&use=l&cat=p&typeid=i","cat":284409},{"id":37467,"n":"Infusion Tiséa Fruits rouges 25 sachets 40g","p":0.92,"u":"23,00 €/KG","img":"https://fd14-photos.leclercdrive.fr/image.ashx?id=2757930&use=l&cat=p&typeid=i","cat":293234},{"id":37468,"n":"Jambon cru Fine Fondante Aoste Sans conservateur - x6 - 100g","p":3.35,"u":"33,50 €/KG","img":"https://fd14-photos.leclercdrive.fr/image.ashx?id=2937172&use=l&cat=p&typeid=i","cat":316007},{"id":37528,"n":"Porc : Côte première x4 600g","p":4.17,"u":"6,95 €/KG","img":"https://fd14-photos.leclercdrive.fr/image.ashx?id=2117964&use=l&cat=p&typeid=i","cat":284331},{"id":37540,"n":"Compote bébé Bio Village Bio Pomme vanille 4 mois 4x100g","p":2.16,"u":"5,40 €/KG","img":"https://fd14-photos.leclercdrive.fr/image.ashx?id=2704750&use=l&cat=p&typeid=i","cat":312387},{"id":37542,"n":"Compote bébé Bio Village bio Poire williams - 4 mois -4x100g","p":1.89,"u":"4,73 €/KG","img":"https://fd14-photos.leclercdrive.fr/image.ashx?id=2704747&use=l&cat=p&typeid=i","cat":312387},{"id":37580,"n":"Soupe Régal Soupe Légumes et vermicelles - 1L","p":1.84,"u":"1,84 €/L","img":"https://fd14-photos.leclercdrive.fr/image.ashx?id=2607539&use=l&cat=p&typeid=i","cat":284462},{"id":37605,"n":"Protège-slips Doulys Extra fin - Plié - x32","p":1.36,"u":"0,04 €/P","img":"https://fd14-photos.leclercdrive.fr/image.ashx?id=2691270&use=l&cat=p&typeid=i","cat":284625},{"id":37615,"n":"Rasoirs jetables Eco+ x10","p":0.76,"u":"0,08 €/P","img":"https://fd14-photos.leclercdrive.fr/image.ashx?id=2913642&use=l&cat=p&typeid=i","cat":284616},{"id":37623,"n":"Trancetto Balconi Cacao x10 280g","p":1.25,"u":"4,46 €/KG","img":"https://fd14-photos.leclercdrive.fr/image.ashx?id=2878414&use=l&cat=p&typeid=i","cat":284495},{"id":37712,"n":"Haricots Verts Cassegrain Extra Fins Cueillis main 390g","p":3.02,"u":"7,74 €/KG","img":"https://fd14-photos.leclercdrive.fr/image.ashx?id=2913025&use=l&cat=p&typeid=i","cat":312606},{"id":37746,"n":"Kaki  3p","p":1.99,"u":"0,66 €/P","img":"https://fd14-photos.leclercdrive.fr/image.ashx?id=1633931&use=l&cat=p&typeid=i","cat":284356},{"id":37774,"n":"Recharge Dentamyl Brosse à dents électrique x2","p":6.98,"u":"3,49 €/P","img":"https://fd14-photos.leclercdrive.fr/image.ashx?id=2790967&use=l&cat=p&typeid=i","cat":297133},{"id":37775,"n":"Serviette incontinence Chorys Maxi - x12","p":3.65,"u":"0,30 €/P","img":"https://fd14-photos.leclercdrive.fr/image.ashx?id=2393884&use=l&cat=p&typeid=i","cat":284628},{"id":37778,"n":"Lait corps Inell Réparateur - 250ml","p":2.33,"u":"9,32 €/L","img":"https://fd14-photos.leclercdrive.fr/image.ashx?id=2691664&use=l&cat=p&typeid=i","cat":325349},{"id":37842,"n":"Thé glacé zéro Fresh Tea  Pêche - 1,5L","p":1.28,"u":"0,85 €/L","img":"https://fd14-photos.leclercdrive.fr/image.ashx?id=2366322&use=l&cat=p&typeid=i","cat":295019},{"id":37843,"n":"100% Pur jus d'orange Jafaden Sans pulpe - 2L","p":3.54,"u":"1,77 €/L","img":"https://fd14-photos.leclercdrive.fr/image.ashx?id=1208755&use=l&cat=p&typeid=i","cat":284521},{"id":37857,"n":"Porc : Rôti dans l'échine  800g","p":6.36,"u":"7,95 €/KG","img":"https://fd14-photos.leclercdrive.fr/image.ashx?id=619038&use=l&cat=p&typeid=i","cat":284331},{"id":37863,"n":"Compresses stériles Primoplast Ultra-douces x20","p":2.6,"u":"0,13 €/P","img":"https://fd14-photos.leclercdrive.fr/image.ashx?id=2832960&use=l&cat=p&typeid=i","cat":284630},{"id":37864,"n":"Bouchons oreilles Primoplast Mousse x8","p":3.99,"u":"0,50 €/P","img":"https://fd14-photos.leclercdrive.fr/image.ashx?id=2856516&use=l&cat=p&typeid=i","cat":284630},{"id":37867,"n":"Rillettes Tradilège poulet 110g","p":1.49,"u":"13,55 €/KG","img":"https://fd14-photos.leclercdrive.fr/image.ashx?id=2683586&use=l&cat=p&typeid=i","cat":316008},{"id":37868,"n":"Rillettes du Mans Tradilège 220g","p":2.54,"u":"11,55 €/KG","img":"https://fd14-photos.leclercdrive.fr/image.ashx?id=2560578&use=l&cat=p&typeid=i","cat":316008},{"id":38000,"n":"Shampooing douche Petit Manava Pomme-poire - 500ml","p":2.21,"u":"4,42 €/L","img":"https://fd14-photos.leclercdrive.fr/image.ashx?id=2403694&use=l&cat=p&typeid=i","cat":284606},{"id":38026,"n":"Soufflés Frites Tokapi Bacon - 80g","p":0.79,"u":"9,88 €/KG","img":"https://fd14-photos.leclercdrive.fr/image.ashx?id=2597028&use=l&cat=p&typeid=i","cat":284449},{"id":38027,"n":"Quinoa gourmand Tipiak 400g","p":2.15,"u":"5,38 €/KG","img":"https://fd14-photos.leclercdrive.fr/image.ashx?id=2640617&use=l&cat=p&typeid=i","cat":284429},{"id":38032,"n":"Viande bovine jarret  *** avec os 800g à mijoter - 800g","p":7.92,"u":"9,90 €/KG","img":"https://fd14-photos.leclercdrive.fr/image.ashx?id=819496&use=l&cat=p&typeid=i","cat":284328},{"id":38035,"n":"Shampooing Petit Nateis 2en1 Enfants - 250ml","p":1.35,"u":"5,40 €/L","img":"https://fd14-photos.leclercdrive.fr/image.ashx?id=2626799&use=l&cat=p&typeid=i","cat":284606},{"id":38100,"n":"Chocolat en poudre Nesquik Boîte 490g","p":3.55,"u":"7,24 €/KG","img":"https://fd14-photos.leclercdrive.fr/image.ashx?id=3005305&use=l&cat=p&typeid=i","cat":293235},{"id":38220,"n":"Pansements Primoplast Anti-ampoules x6","p":3.15,"img":"https://fd14-photos.leclercdrive.fr/image.ashx?id=2955716&use=l&cat=p&typeid=i","cat":284630},{"id":38226,"n":"Compresses stériles Primoplast Gaze x60","p":4.99,"u":"0,08 €/P","img":"https://fd14-photos.leclercdrive.fr/image.ashx?id=2834181&use=l&cat=p&typeid=i","cat":284630},{"id":38228,"n":"Vaseline Primoplast Tube 50ml","p":1.73,"u":"34,60 €/L","img":"https://fd14-photos.leclercdrive.fr/image.ashx?id=2856519&use=l&cat=p&typeid=i","cat":284630},{"id":38230,"n":"Mouchoirs blancs 4 plis Caresse Pock kid mouchoirs papier x10","p":1.12,"u":"0,11 €/P","img":"https://fd14-photos.leclercdrive.fr/image.ashx?id=2042457&use=l&cat=p&typeid=i","cat":284638},{"id":38232,"n":"Mouchoirs blancs 3 plis Caresse Boîte décor aléatoire Kids -x60","p":1.75,"u":"0,03 €/P","img":"https://fd14-photos.leclercdrive.fr/image.ashx?id=2814432&use=l&cat=p&typeid=i","cat":284638},{"id":38234,"n":"Dessert - P'tit Brassé Nestlé Banane - dès 6 mois - 4x100g","p":1.7,"u":"4,25 €/KG","img":"https://fd14-photos.leclercdrive.fr/image.ashx?id=2615131&use=l&cat=p&typeid=i","cat":312392},{"id":38235,"n":"Dessert - P'tit Brassé Nestlé Framboise - dès 6 mois - 4x100g","p":1.66,"u":"4,15 €/KG","img":"https://fd14-photos.leclercdrive.fr/image.ashx?id=2604876&use=l&cat=p&typeid=i","cat":312392},{"id":38236,"n":"Dessert - P'tit Brassé Nestlé Abricot - dès 6 mois - 4x100g","p":1.54,"u":"3,85 €/KG","img":"https://fd14-photos.leclercdrive.fr/image.ashx?id=2600569&use=l&cat=p&typeid=i","cat":312392},{"id":38238,"n":"Dessert - P'tit Brassé Nestlé Fraise - dès 6 mois - 4x100g","p":1.54,"u":"3,85 €/KG","img":"https://fd14-photos.leclercdrive.fr/image.ashx?id=2510187&use=l&cat=p&typeid=i","cat":312392},{"id":38239,"n":"Dessert - P'tit Brassé Nestlé Myrtille - dès 6 mois - 4x100g","p":1.7,"u":"4,25 €/KG","img":"https://fd14-photos.leclercdrive.fr/image.ashx?id=2583235&use=l&cat=p&typeid=i","cat":312392},{"id":38297,"n":"Matière grasse St Hubert Omega3 52%mg - demi-sel - 510g","p":3.3,"u":"6,47 €/KG","img":"https://fd14-photos.leclercdrive.fr/image.ashx?id=2734099&use=l&cat=p&typeid=i","cat":315229},{"id":38298,"n":"Matière grasse St Hubert Omega 3 - 52%mg - doux - 510g","p":3.3,"u":"6,47 €/KG","img":"https://fd14-photos.leclercdrive.fr/image.ashx?id=2734108&use=l&cat=p&typeid=i","cat":315229},{"id":38322,"n":"Compote Douceur du Verger Gourdes multivariétés - 20x90g","p":5.95,"u":"3,31 €/KG","img":"https://fd14-photos.leclercdrive.fr/image.ashx?id=2837057&use=l&cat=p&typeid=i","cat":284508},{"id":38337,"n":"Huile sèche corps Inell Nourrissante - 150ml","p":3.68,"u":"24,53 €/L","img":"https://fd14-photos.leclercdrive.fr/image.ashx?id=2604349&use=l&cat=p&typeid=i","cat":325349},{"id":38373,"n":"Rasoirs jetables Siliss 3 lames x6","p":2.21,"u":"0,55 €/P","img":"https://fd14-photos.leclercdrive.fr/image.ashx?id=2873549&use=l&cat=p&typeid=i","cat":325352},{"id":38374,"n":"Brosse à dents Dentamyl Super pro interdent x1","p":1.3,"img":"https://fd14-photos.leclercdrive.fr/image.ashx?id=2790970&use=l&cat=p&typeid=i","cat":284614},{"id":38379,"n":"Shampooing Manava Aux oeufs 500ml","p":1.0,"u":"2,00 €/L","img":"https://fd14-photos.leclercdrive.fr/image.ashx?id=2852243&use=l&cat=p&typeid=i","cat":284606},{"id":38488,"n":"Pièce fondue de boeuf 500g","p":10.95,"u":"21,90 €/KG","img":"https://fd14-photos.leclercdrive.fr/image.ashx?id=2117915&use=l&cat=p&typeid=i","cat":284328},{"id":38489,"n":"Viande bovine 2x bavette  Aloyau *** à griller - 280g","p":8.09,"u":"28,89 €/KG","img":"https://fd14-photos.leclercdrive.fr/image.ashx?id=659538&use=l&cat=p&typeid=i","cat":284328},{"id":38492,"n":"Veau : Rôti ***  600g","p":11.9,"u":"19,83 €/KG","img":"https://fd14-photos.leclercdrive.fr/image.ashx?id=630095&use=l&cat=p&typeid=i","cat":284329},{"id":38495,"n":"Sauté de veau *** à mijoter           600g","p":8.94,"u":"14,90 €/KG","img":"https://fd14-photos.leclercdrive.fr/image.ashx?id=618450&use=l&cat=p&typeid=i","cat":284329},{"id":38524,"n":"Tendres perles Blé Tipiak Prêt en 5 min - 350g","p":1.5,"u":"4,29 €/KG","img":"https://fd14-photos.leclercdrive.fr/image.ashx?id=2640614&use=l&cat=p&typeid=i","cat":284429},{"id":38543,"n":"Jambon supérieur Tradilège Torchon 4 tranches 160g","p":2.69,"u":"16,81 €/KG","img":"https://fd14-photos.leclercdrive.fr/image.ashx?id=2970471&use=l&cat=p&typeid=i","cat":316009},{"id":38562,"n":"Cône Nestlé Extrême  Vanille de Madagascar x6 - 426g","p":3.25,"u":"7,63 €/KG","img":"https://fd14-photos.leclercdrive.fr/image.ashx?id=3000432&use=l&cat=p&typeid=i","cat":284264},{"id":38563,"n":"Cône Extrême Nestlé Chocolat intense 6x71g","p":3.4,"u":"7,98 €/KG","img":"https://fd14-photos.leclercdrive.fr/image.ashx?id=2353089&use=l&cat=p&typeid=i","cat":284264},{"id":38705,"n":"Chocolat Pâtissier Nestlé Dessert - 2x205g","p":5.75,"u":"14,02 €/KG","img":"https://fd14-photos.leclercdrive.fr/image.ashx?id=2959491&use=l&cat=p&typeid=i","cat":285562},{"id":38709,"n":"Fromage apéritif Apéricube Bella Italia 48 cubes","p":4.17,"u":"0,09 €/P","img":"https://fd14-photos.leclercdrive.fr/image.ashx?id=2882668&use=l&cat=p&typeid=i","cat":314027},{"id":38735,"n":"Lait de douche Manava Lait et miel - 250ml","p":0.91,"u":"3,64 €/L","img":"https://fd14-photos.leclercdrive.fr/image.ashx?id=2618338&use=l&cat=p&typeid=i","cat":284594},{"id":38744,"n":"Beurre allégé Les Croisés Demi-sel - 60% MG - 250g","p":1.89,"u":"7,56 €/KG","img":"https://fd14-photos.leclercdrive.fr/image.ashx?id=2897787&use=l&cat=p&typeid=i","cat":284379},{"id":38765,"n":"Soda Jean's Cola Cherry Bouteille - 1,5L","p":1.49,"u":"0,99 €/L","img":"https://fd14-photos.leclercdrive.fr/image.ashx?id=2441848&use=l&cat=p&typeid=i","cat":284530},{"id":38773,"n":"Pur jus d'orange Jafaden Avec pulpe - 1,5L","p":3.0,"u":"2,00 €/L","img":"https://fd14-photos.leclercdrive.fr/image.ashx?id=2496893&use=l&cat=p&typeid=i","cat":284521},{"id":38780,"n":"Shampooing Manava Anti-pelliculaire 500ml","p":1.03,"u":"2,06 €/L","img":"https://fd14-photos.leclercdrive.fr/image.ashx?id=1903863&use=l&cat=p&typeid=i","cat":284606},{"id":38781,"n":"Mouchoirs blancs 4 plis Caresse Boîte mouchoirs papier - x80","p":1.1,"u":"0,01 €/P","img":"https://fd14-photos.leclercdrive.fr/image.ashx?id=2801049&use=l&cat=p&typeid=i","cat":284638},{"id":38799,"n":"Essuie-tout Mimosa Demi-feuille - x3","p":4.9,"u":"1,63 €/P","img":"https://fd14-photos.leclercdrive.fr/image.ashx?id=2752625&use=l&cat=p&typeid=i","cat":284635},{"id":38801,"n":"Déodorant spray Manava Vanille 100ml","p":1.33,"u":"13,30 €/L","img":"https://fd14-photos.leclercdrive.fr/image.ashx?id=2671408&use=l&cat=p&typeid=i","cat":284595},{"id":38802,"n":"Déodorant spray Manava Pierre d'alun/Aloe Vera - 100ml","p":1.39,"u":"13,90 €/L","img":"https://fd14-photos.leclercdrive.fr/image.ashx?id=2481231&use=l&cat=p&typeid=i","cat":284595},{"id":38803,"n":"Déodorant spray grenade Manava A l'huile sauge sclarée - 100ml","p":1.34,"u":"13,40 €/L","img":"https://fd14-photos.leclercdrive.fr/image.ashx?id=2656448&use=l&cat=p&typeid=i","cat":284595},{"id":38812,"n":"Pains au lait Pasquier x10 - 350g","p":1.39,"u":"3,97 €/KG","img":"https://fd14-photos.leclercdrive.fr/image.ashx?id=2576940&use=l&cat=p&typeid=i","cat":293505},{"id":38857,"n":"Fromage Boursin cuisine Ail & fines herbes - 240g","p":2.45,"u":"10,21 €/KG","img":"https://fd14-photos.leclercdrive.fr/image.ashx?id=2615418&use=l&cat=p&typeid=i","cat":314029},{"id":38868,"n":"Chips ondulées Pom'Lisse Poulet rôti - 135g","p":1.04,"u":"7,70 €/KG","img":"https://fd14-photos.leclercdrive.fr/image.ashx?id=2919625&use=l&cat=p&typeid=i","cat":284447},{"id":38869,"n":"Purée de tomates Turini Saveur basilic - 200g","p":0.8,"u":"4,00 €/KG","img":"https://fd14-photos.leclercdrive.fr/image.ashx?id=2174702&use=l&cat=p&typeid=i","cat":288384},{"id":38970,"n":"Ananas rondelle Découpe fraîche  250g","p":2.39,"u":"9,56 €/KG","img":"https://fd14-photos.leclercdrive.fr/image.ashx?id=729091&use=l&cat=p&typeid=i","cat":290298},{"id":38985,"n":"Beurre Grand Fermage  Demi-sel - 80% MG - 250g","p":2.55,"u":"10,20 €/KG","img":"https://fd14-photos.leclercdrive.fr/image.ashx?id=2915569&use=l&cat=p&typeid=i","cat":284379},{"id":39009,"n":"Pain de mie complet Epi d'Or Extra moelleux - 500g","p":1.79,"u":"3,58 €/KG","img":"https://fd14-photos.leclercdrive.fr/image.ashx?id=2860742&use=l&cat=p&typeid=i","cat":284477},{"id":39061,"n":"Film étirable Alfapac Rouleau 35m x 29cm","p":1.55,"img":"https://fd14-photos.leclercdrive.fr/image.ashx?id=2918268&use=l&cat=p&typeid=i","cat":334134},{"id":39067,"n":"Tablettes lave vaisselle Sun Classic x60 - 570g","p":6.39,"u":"11,21 €/KG","img":"https://fd14-photos.leclercdrive.fr/image.ashx?id=2775745&use=l&cat=p&typeid=i","cat":284656},{"id":39107,"n":"Gel lavant Manava Savon de Marseille - 300ml","p":0.99,"u":"3,30 €/L","img":"https://fd14-photos.leclercdrive.fr/image.ashx?id=2935498&use=l&cat=p&typeid=i","cat":284597},{"id":39122,"n":"Fromage de chèvre Soignon Bûche Sainte Maure - 300g","p":3.19,"u":"10,63 €/KG","img":"https://fd14-photos.leclercdrive.fr/image.ashx?id=2963331&use=l&cat=p&typeid=i","cat":314031},{"id":39139,"n":"Olives vertes Tropic Apéro Dénoyautées au piment - 110g","p":1.75,"u":"15,91 €/KG","img":"https://fd14-photos.leclercdrive.fr/image.ashx?id=2438969&use=l&cat=p&typeid=i","cat":316002},{"id":39140,"n":"Olives vertes Tropic Apéro Dénoyautées Provençales - 110g","p":1.69,"u":"15,36 €/KG","img":"https://fd14-photos.leclercdrive.fr/image.ashx?id=2438975&use=l&cat=p&typeid=i","cat":316002},{"id":39143,"n":"Beurre Les Eleveurs de Bretagne Demi-sel Extra-fin -80% MG 500g","p":4.95,"u":"9,90 €/KG","img":"https://fd14-photos.leclercdrive.fr/image.ashx?id=2128839&use=l&cat=p&typeid=i","cat":284379},{"id":39144,"n":"Oeufs Eleveurs de Bretagne Plein air - x20","p":4.55,"u":"0,23 €/P","img":"https://fd14-photos.leclercdrive.fr/image.ashx?id=2187589&use=l&cat=p&typeid=i","cat":284378},{"id":39145,"n":"Mouchoirs blancs 4 plis Caresse Etuis x15 - Mentholés","p":1.98,"u":"0,13 €/P","img":"https://fd14-photos.leclercdrive.fr/image.ashx?id=2572996&use=l&cat=p&typeid=i","cat":284638},{"id":39155,"n":"Chips La classique Vico Nature - 6x27,5g","p":1.68,"u":"10,18 €/KG","img":"https://fd14-photos.leclercdrive.fr/image.ashx?id=2917813&use=l&cat=p&typeid=i","cat":284447},{"id":39199,"n":"Pizza Turini Cuite sur pierre Campagnarde - 400g","p":2.98,"u":"7,45 €/KG","img":"https://fd14-photos.leclercdrive.fr/image.ashx?id=2816576&use=l&cat=p&typeid=i","cat":284256},{"id":39204,"n":"Tartinable Ronde des Mers Saumon fumé - 120g","p":2.49,"u":"20,75 €/KG","img":"https://fd14-photos.leclercdrive.fr/image.ashx?id=2631435&use=l&cat=p&typeid=i","cat":285191},{"id":39205,"n":"Tartinable Ronde des Mers Thon - 120g","p":1.84,"u":"15,33 €/KG","img":"https://fd14-photos.leclercdrive.fr/image.ashx?id=2631441&use=l&cat=p&typeid=i","cat":285191},{"id":39206,"n":"Tartinable Ronde des Mers Surimi-crabe - 120g","p":1.69,"u":"14,08 €/KG","img":"https://fd14-photos.leclercdrive.fr/image.ashx?id=2631438&use=l&cat=p&typeid=i","cat":285191},{"id":39266,"n":"AOP Corse vin rosé Terres Ocrées - 75cl","p":4.99,"u":"6,65 €/L","img":"https://fd14-photos.leclercdrive.fr/image.ashx?id=2412028&use=l&cat=p&typeid=i","cat":289558},{"id":39271,"n":"AOP Alsace Pinot gris  vin blanc Rebmann - 75 cl","p":4.99,"u":"6,65 €/L","img":"https://fd14-photos.leclercdrive.fr/image.ashx?id=2202425&use=l&cat=p&typeid=i","cat":289557},{"id":39331,"n":"Shampooing Manava Beurre de karité 500ml","p":1.3,"u":"2,60 €/L","img":"https://fd14-photos.leclercdrive.fr/image.ashx?id=1884643&use=l&cat=p&typeid=i","cat":284606},{"id":39332,"n":"Shampooing Manava Cheveux normaux à gras 500ml","p":1.24,"u":"2,48 €/L","img":"https://fd14-photos.leclercdrive.fr/image.ashx?id=1885059&use=l&cat=p&typeid=i","cat":284606},{"id":39338,"n":"Moutarde Savora Amora 385g","p":2.25,"u":"5,84 €/KG","img":"https://fd14-photos.leclercdrive.fr/image.ashx?id=2775685&use=l&cat=p&typeid=i","cat":288850},{"id":39339,"n":"Moutarde Amora Fine & douce - 190g","p":1.6,"u":"8,42 €/KG","img":"https://fd14-photos.leclercdrive.fr/image.ashx?id=2738791&use=l&cat=p&typeid=i","cat":288850},{"id":39348,"n":"Doseur de lait Mots d'Enfants x1","p":2.95,"img":"https://fd14-photos.leclercdrive.fr/image.ashx?id=1274905&use=l&cat=p&typeid=i","cat":289435},{"id":39376,"n":"Pur jus d'orange Tropicana Sans pulpe - 1,5L","p":3.25,"u":"2,17 €/L","img":"https://fd14-photos.leclercdrive.fr/image.ashx?id=2509637&use=l&cat=p&typeid=i","cat":284521},{"id":39389,"n":"Haricots beurre Notre Jardin Extra fins 1kg","p":2.65,"u":"2,65 €/KG","img":"https://fd14-photos.leclercdrive.fr/image.ashx?id=2431134&use=l&cat=p&typeid=i","cat":319805},{"id":39403,"n":"Joker Pur Jus Engagé Orange  sans pulpe - 1L","p":2.6,"u":"2,60 €/L","img":"https://fd14-photos.leclercdrive.fr/image.ashx?id=2984982&use=l&cat=p&typeid=i","cat":284521},{"id":39414,"n":"yaourt aux fruits danone recette crémeuse - 16x125g","p":4.85,"u":"2,43 €/KG","img":"https://fd14-photos.leclercdrive.fr/image.ashx?id=2611967&use=l&cat=p&typeid=i","cat":284410},{"id":39417,"n":"Boisson Sunny Delight Florida - 1,25L","p":2.2,"u":"1,76 €/L","img":"https://fd14-photos.leclercdrive.fr/image.ashx?id=2309960&use=l&cat=p&typeid=i","cat":285435},{"id":39418,"n":"Boisson Sunny Delight Doux California - 1,25L","p":2.1,"u":"1,68 €/L","img":"https://fd14-photos.leclercdrive.fr/image.ashx?id=2309963&use=l&cat=p&typeid=i","cat":285435},{"id":39421,"n":"Jus innocent pomme 900ml","p":2.6,"u":"2,89 €/L","img":"https://fd14-photos.leclercdrive.fr/image.ashx?id=2891703&use=l&cat=p&typeid=i","cat":284354},{"id":39471,"n":"Mousse aux oeufs Bonne Maman Chocolat - 4x50g","p":2.3,"u":"11,50 €/KG","img":"https://fd14-photos.leclercdrive.fr/image.ashx?id=2571509&use=l&cat=p&typeid=i","cat":284417},{"id":39472,"n":"Mousse aux oeufs Bonne Maman Chocolat au lait - 4x50g","p":2.3,"u":"11,50 €/KG","img":"https://fd14-photos.leclercdrive.fr/image.ashx?id=2571512&use=l&cat=p&typeid=i","cat":284417},{"id":39480,"n":"Chips ondulées Pom'Lisse Nature - 6x30g","p":1.57,"u":"8,72 €/KG","img":"https://fd14-photos.leclercdrive.fr/image.ashx?id=2728246&use=l&cat=p&typeid=i","cat":284447},{"id":39482,"n":"Brownie P'tit Déli Chocolat noisette - 240g","p":1.85,"u":"7,71 €/KG","img":"https://fd14-photos.leclercdrive.fr/image.ashx?id=2540954&use=l&cat=p&typeid=i","cat":294776},{"id":39485,"n":"Barre chocolatée Balisto Miel amande - x10 barres - 185g","p":2.76,"u":"14,92 €/KG","img":"https://fd14-photos.leclercdrive.fr/image.ashx?id=1930977&use=l&cat=p&typeid=i","cat":284498},{"id":39497,"n":"Barre chocolatée P'tit Déli Bille de riz - 162g","p":1.5,"u":"9,26 €/KG","img":"https://fd14-photos.leclercdrive.fr/image.ashx?id=2529599&use=l&cat=p&typeid=i","cat":284488},{"id":39498,"n":"Biscottes Epi d'Or Gout brioché x36 - 300g","p":1.51,"u":"5,03 €/KG","img":"https://fd14-photos.leclercdrive.fr/image.ashx?id=2212033&use=l&cat=p&typeid=i","cat":284479},{"id":39507,"n":"Moutarde Rustica Douce - 435g","p":1.39,"u":"3,20 €/KG","img":"https://fd14-photos.leclercdrive.fr/image.ashx?id=2052019&use=l&cat=p&typeid=i","cat":288850},{"id":39513,"n":"Soupe Velouté Régal  Poireaux St Jacques - 1L","p":3.8,"u":"3,80 €/L","img":"https://fd14-photos.leclercdrive.fr/image.ashx?id=2074987&use=l&cat=p&typeid=i","cat":284462},{"id":39517,"n":"Thé vert Twinings Citron x25 sachets -50g","p":2.15,"u":"43,00 €/KG","img":"https://fd14-photos.leclercdrive.fr/image.ashx?id=2893012&use=l&cat=p&typeid=i","cat":293233},{"id":39521,"n":"Cacahuètes enrobées Tokapi Salées - 150g","p":0.85,"u":"5,67 €/KG","img":"https://fd14-photos.leclercdrive.fr/image.ashx?id=1957812&use=l&cat=p&typeid=i","cat":284448},{"id":39522,"n":"Cacahuètes enrobées Tokapi Bacon - 150g","p":0.85,"u":"5,67 €/KG","img":"https://fd14-photos.leclercdrive.fr/image.ashx?id=1951858&use=l&cat=p&typeid=i","cat":284448},{"id":39523,"n":"Cacahuètes enrobées Tokapi Paprika - 150g","p":0.85,"u":"5,67 €/KG","img":"https://fd14-photos.leclercdrive.fr/image.ashx?id=1972828&use=l&cat=p&typeid=i","cat":284448},{"id":39524,"n":"Cacahuètes enrobées Tokapi Epicées - 150g","p":0.9,"u":"6,00 €/KG","img":"https://fd14-photos.leclercdrive.fr/image.ashx?id=763519&use=l&cat=p&typeid=i","cat":284448},{"id":39529,"n":"Jus de citron Rustica Sicile - 50cl","p":1.67,"u":"3,34 €/L","img":"https://fd14-photos.leclercdrive.fr/image.ashx?id=2974804&use=l&cat=p&typeid=i","cat":288383},{"id":39547,"n":"Duo Haricots verts et beurre Notre Jardin - 225g","p":1.03,"u":"4,58 €/KG","img":"https://fd14-photos.leclercdrive.fr/image.ashx?id=2988060&use=l&cat=p&typeid=i","cat":312606},{"id":39548,"n":"Haricots verts Notre Jardin Extra fins - 3x110g","p":1.83,"u":"5,55 €/KG","img":"https://fd14-photos.leclercdrive.fr/image.ashx?id=2472514&use=l&cat=p&typeid=i","cat":312606},{"id":39555,"n":"Repas bébé bio Babybio - 6 mois Veau / Légumes - 2x200g","p":3.0,"u":"7,50 €/KG","img":"https://fd14-photos.leclercdrive.fr/image.ashx?id=2850545&use=l&cat=p&typeid=i","cat":312236},{"id":39556,"n":"Gaufres liégeoises P'tit Déli Sucrées - 550g","p":2.69,"u":"4,89 €/KG","img":"https://fd14-photos.leclercdrive.fr/image.ashx?id=2430219&use=l&cat=p&typeid=i","cat":294777},{"id":39558,"n":"Croquettes chat Tous mes amis Stérilisés - 2kg","p":3.24,"u":"1,62 €/KG","img":"https://fd14-photos.leclercdrive.fr/image.ashx?id=2301490&use=l&cat=p&typeid=i","cat":284680},{"id":39559,"n":"Céréales Jordans Spécial Muesli Fruits et Noix - 750g","p":3.35,"u":"4,47 €/KG","img":"https://fd14-photos.leclercdrive.fr/image.ashx?id=2966770&use=l&cat=p&typeid=i","cat":309512},{"id":39560,"n":"Duo Haricots verts et beurre Notre Jardin - 455g","p":1.99,"u":"4,37 €/KG","img":"https://fd14-photos.leclercdrive.fr/image.ashx?id=2291408&use=l&cat=p&typeid=i","cat":312606},{"id":39562,"n":"Céréales Bio Jordans Muesli - 500g","p":2.8,"u":"5,60 €/KG","img":"https://fd14-photos.leclercdrive.fr/image.ashx?id=2475897&use=l&cat=p&typeid=i","cat":309512},{"id":39570,"n":"Céréales Jordans Country Crisp 4 Noix - 550g","p":2.95,"u":"5,36 €/KG","img":"https://fd14-photos.leclercdrive.fr/image.ashx?id=2973487&use=l&cat=p&typeid=i","cat":309512},{"id":39617,"n":"Sirop Moulin de Valdonne Menthe - 70cl","p":2.75,"u":"3,93 €/L","img":"https://fd14-photos.leclercdrive.fr/image.ashx?id=2170550&use=l&cat=p&typeid=i","cat":295020},{"id":39686,"n":"Protection incontinence Chorys Homme - Normal - x20","p":5.32,"u":"0,27 €/P","img":"https://fd14-photos.leclercdrive.fr/image.ashx?id=2672936&use=l&cat=p&typeid=i","cat":291514},{"id":39704,"n":"Recharge de gaz Clairgaz Butane - 6kg","p":21.9,"u":"3,65 €/KG","img":"https://fd14-photos.leclercdrive.fr/image.ashx?id=764893&use=l&cat=p&typeid=i","cat":335916},{"id":39705,"n":"Détendeur spécifique Clairgaz Butane - 6kg","p":7.5,"img":"https://fd14-photos.leclercdrive.fr/image.ashx?id=770494&use=l&cat=p&typeid=i","cat":335916},{"id":39706,"n":"Recharge de gaz Clairgaz Butane - 13kg","p":33.9,"u":"2,61 €/KG","img":"https://fd14-photos.leclercdrive.fr/image.ashx?id=764901&use=l&cat=p&typeid=i","cat":335916},{"id":39707,"n":"Recharge de gaz Clairgaz Propane - 11kg","p":32.9,"u":"2,99 €/KG","img":"https://fd14-photos.leclercdrive.fr/image.ashx?id=764897&use=l&cat=p&typeid=i","cat":335916},{"id":39740,"n":"Tortilla dürüm Antalya 12x30cm","p":3.6,"u":"3,00 €/KG","img":"https://fd14-photos.leclercdrive.fr/image.ashx?id=1594844&use=l&cat=p&typeid=i","cat":288993},{"id":39750,"n":"Confiture Bonne Maman Myrtille cassis 370g","p":2.25,"u":"6,08 €/KG","img":"https://fd14-photos.leclercdrive.fr/image.ashx?id=2963427&use=l&cat=p&typeid=i","cat":284480},{"id":39777,"n":"AOP Crémant d'Alsace Blanc Brut Arthur Metz - 75cl","p":5.95,"u":"7,93 €/L","img":"https://fd14-photos.leclercdrive.fr/image.ashx?id=2422926&use=l&cat=p&typeid=i","cat":284544},{"id":39783,"n":"Liqueur Malibu Coco 18% vol - 1L","p":14.75,"u":"14,75 €/L","img":"https://fd14-photos.leclercdrive.fr/image.ashx?id=2396881&use=l&cat=p&typeid=i","cat":284551},{"id":39796,"n":"Bûche de chèvre Soignon Crémeuse - 180g","p":2.85,"u":"15,83 €/KG","img":"https://fd14-photos.leclercdrive.fr/image.ashx?id=2787134&use=l&cat=p&typeid=i","cat":314031},{"id":39847,"n":"Eau minérale Plancoët 6x1.5L","p":2.8,"u":"0,31 €/L","img":"https://fd14-photos.leclercdrive.fr/image.ashx?id=2565032&use=l&cat=p&typeid=i","cat":284535},{"id":39856,"n":"Sirop Frucci  Citron vert - 75cl","p":3.29,"u":"4,39 €/L","img":"https://fd14-photos.leclercdrive.fr/image.ashx?id=2842307&use=l&cat=p&typeid=i","cat":295020},{"id":39858,"n":"Sirop Frucci Fruits exotiques - 75cl","p":2.65,"u":"3,53 €/L","img":"https://fd14-photos.leclercdrive.fr/image.ashx?id=2842310&use=l&cat=p&typeid=i","cat":295020},{"id":39871,"n":"Pur jus d'orange Jafaden 4x20cl","p":3.33,"u":"4,16 €/L","img":"https://fd14-photos.leclercdrive.fr/image.ashx?id=2691276&use=l&cat=p&typeid=i","cat":284521},{"id":39872,"n":"Pur jus d'ananas Jafaden 4x20cl","p":3.35,"u":"4,19 €/L","img":"https://fd14-photos.leclercdrive.fr/image.ashx?id=2691273&use=l&cat=p&typeid=i","cat":284524},{"id":39934,"n":"Yaourts à la Grecque Délisse Nature - 8x125g","p":2.15,"u":"2,15 €/KG","img":"https://fd14-photos.leclercdrive.fr/image.ashx?id=2699480&use=l&cat=p&typeid=i","cat":314999},{"id":39941,"n":"Laque Fixation Forte 24h Dop Vivelle - 250ml","p":3.63,"u":"14,52 €/L","img":"https://fd14-photos.leclercdrive.fr/image.ashx?id=2457239&use=l&cat=p&typeid=i","cat":284609},{"id":39942,"n":"Laque Fixation 24H Extrême Dop Vivelle - 250ml","p":3.83,"u":"15,32 €/L","img":"https://fd14-photos.leclercdrive.fr/image.ashx?id=2575624&use=l&cat=p&typeid=i","cat":284609},{"id":39943,"n":"Laque fixation Extra-Forte Dop Vivelle - 250ml","p":3.75,"u":"15,00 €/L","img":"https://fd14-photos.leclercdrive.fr/image.ashx?id=2457236&use=l&cat=p&typeid=i","cat":284609},{"id":39946,"n":"Crème de nuit L'Oréal Paris Revitalift anti-rides - 50ml","p":7.85,"u":"157,00 €/L","img":"https://fd14-photos.leclercdrive.fr/image.ashx?id=2865869&use=l&cat=p&typeid=i","cat":325345},{"id":39947,"n":"Soin de jour L'Oréal Paris Revitalift Anti-rides - 50ml","p":7.85,"u":"157,00 €/L","img":"https://fd14-photos.leclercdrive.fr/image.ashx?id=2851078&use=l&cat=p&typeid=i","cat":325345},{"id":39950,"n":"Yaourts Lait de brebis Délisse Nature - 4x125g","p":2.19,"u":"4,38 €/KG","img":"https://fd14-photos.leclercdrive.fr/image.ashx?id=1872007&use=l&cat=p&typeid=i","cat":314998},{"id":39951,"n":"Crème dessert Délisse Pistache - 4x125g","p":0.95,"u":"1,90 €/KG","img":"https://fd14-photos.leclercdrive.fr/image.ashx?id=2441333&use=l&cat=p&typeid=i","cat":285041},{"id":39953,"n":"crème dessert chocolat danette pop billes 3 chocolats - 4x117g","p":2.42,"u":"5,17 €/KG","img":"https://fd14-photos.leclercdrive.fr/image.ashx?id=2926230&use=l&cat=p&typeid=i","cat":285041},{"id":39954,"n":"Crème dessert vanille Danette  Billes 3 chocolats - 4x117g","p":2.42,"u":"5,17 €/KG","img":"https://fd14-photos.leclercdrive.fr/image.ashx?id=2926227&use=l&cat=p&typeid=i","cat":285041},{"id":39961,"n":"Emiettés de sardines Gastromer Citron - 150g","p":1.99,"pp":1.31,"u":"8,73 €/KG","img":"https://fd14-photos.leclercdrive.fr/image.ashx?id=1605758&use=l&cat=p&typeid=i","cat":285191},{"id":39973,"n":"Plat bébé Blédina 12 mois  Boulghour tomate saumon -2x200g","p":3.03,"u":"7,58 €/KG","img":"https://fd14-photos.leclercdrive.fr/image.ashx?id=2975083&use=l&cat=p&typeid=i","cat":312237},{"id":39974,"n":"Plat bébé Blédina 6 mois  Purée butternut poulet - 2x200g","p":2.86,"u":"7,15 €/KG","img":"https://fd14-photos.leclercdrive.fr/image.ashx?id=2975080&use=l&cat=p&typeid=i","cat":312236},{"id":39988,"n":"Crème de douche Manava Douceur de crème - 250ml","p":0.95,"u":"3,80 €/L","img":"https://fd14-photos.leclercdrive.fr/image.ashx?id=2699282&use=l&cat=p&typeid=i","cat":284594},{"id":39989,"n":"Savon douceur Manava 1/4 de crème 100g","p":0.96,"u":"9,60 €/KG","img":"https://fd14-photos.leclercdrive.fr/image.ashx?id=2331318&use=l&cat=p&typeid=i","cat":284597},{"id":39990,"n":"Savon Manava Fleur de Tiaré orchidée 100g","p":0.89,"u":"8,90 €/KG","img":"https://fd14-photos.leclercdrive.fr/image.ashx?id=2751898&use=l&cat=p&typeid=i","cat":284597},{"id":39992,"n":"Gel douche Manava Monoï de Polynésie 250ml","p":1.15,"u":"4,60 €/L","img":"https://fd14-photos.leclercdrive.fr/image.ashx?id=2626805&use=l&cat=p&typeid=i","cat":284594},{"id":39994,"n":"Lait douche Manava Fleur d'oranger 250ml","p":1.29,"u":"5,16 €/L","img":"https://fd14-photos.leclercdrive.fr/image.ashx?id=2618335&use=l&cat=p&typeid=i","cat":284594},{"id":39995,"n":"Recharge gel lavant Manava Savon de Marseil. Olive - 250ml","p":0.5,"u":"2,00 €/L","img":"https://fd14-photos.leclercdrive.fr/image.ashx?id=2935501&use=l&cat=p&typeid=i","cat":284597},{"id":40003,"n":"Saucisson Justin Bridou La Juste Sèche - 275g","p":3.5,"u":"12,73 €/KG","img":"https://fd14-photos.leclercdrive.fr/image.ashx?id=2756927&use=l&cat=p&typeid=i","cat":316006},{"id":40004,"n":"Saucisson Mini Justin Bridou  Bâton de Berger - 100g","p":2.2,"u":"22,00 €/KG","img":"https://fd14-photos.leclercdrive.fr/image.ashx?id=3011440&use=l&cat=p&typeid=i","cat":316006},{"id":40006,"n":"Houmous Extra l'Atelier Blini 175g","p":2.65,"u":"15,14 €/KG","img":"https://fd14-photos.leclercdrive.fr/image.ashx?id=2795093&use=l&cat=p&typeid=i","cat":315999},{"id":40010,"n":"Emiettés de thon chorizo  Gastromer - 150g","p":1.99,"pp":1.31,"u":"8,73 €/KG","img":"https://fd14-photos.leclercdrive.fr/image.ashx?id=2049910&use=l&cat=p&typeid=i","cat":285191},{"id":40011,"n":"Filets d'anchois La Monegasque Huile équilibre - 100g","p":2.4,"u":"24,00 €/KG","img":"https://fd14-photos.leclercdrive.fr/image.ashx?id=2095557&use=l&cat=p&typeid=i","cat":285190},{"id":40015,"n":"Tarama Blini Extra - 175g","p":2.65,"u":"15,14 €/KG","img":"https://fd14-photos.leclercdrive.fr/image.ashx?id=2795096&use=l&cat=p&typeid=i","cat":315999},{"id":40017,"n":"Tzatziki Blini Extra - 175g","p":2.65,"u":"15,14 €/KG","img":"https://fd14-photos.leclercdrive.fr/image.ashx?id=2973703&use=l&cat=p&typeid=i","cat":315999},{"id":40033,"n":"Yaourt nature sucré Yoplait - 16x125g","p":3.2,"u":"1,60 €/KG","img":"https://fd14-photos.leclercdrive.fr/image.ashx?id=2796821&use=l&cat=p&typeid=i","cat":284409},{"id":40034,"n":"Menthe Pastille Giffard 24%vol - 70cl","p":11.85,"pp":10.85,"u":"15,50 €/L","img":"https://fd14-photos.leclercdrive.fr/image.ashx?id=2529903&use=l&cat=p&typeid=i","cat":286032},{"id":40038,"n":"Bière Lindemans Kriek 3.5%vol. - 25cl","p":1.65,"u":"6,60 €/L","img":"https://fd14-photos.leclercdrive.fr/image.ashx?id=2830894&use=l&cat=p&typeid=i","cat":334872},{"id":40046,"n":"Bière blonde triple Chimay 8%vol -  33cl","p":1.6,"u":"4,85 €/L","img":"https://fd14-photos.leclercdrive.fr/image.ashx?id=1758846&use=l&cat=p&typeid=i","cat":334872},{"id":40047,"n":"Bière brune Gulden Draak 10,5% vol - 33cl","p":1.95,"u":"5,91 €/L","img":"https://fd14-photos.leclercdrive.fr/image.ashx?id=2416456&use=l&cat=p&typeid=i","cat":334872},{"id":40051,"n":"Crêpes bretonnes Saint Michel Nature - x12 - 315g","p":2.07,"u":"6,57 €/KG","img":"https://fd14-photos.leclercdrive.fr/image.ashx?id=2060238&use=l&cat=p&typeid=i","cat":284494},{"id":40053,"n":"Saucisse aux herbes x5 Hénaff - 277g","p":4.8,"u":"17,33 €/KG","img":"https://fd14-photos.leclercdrive.fr/image.ashx?id=2795171&use=l&cat=p&typeid=i","cat":284334},{"id":40055,"n":"Saucisse Henaff x2 Nature - 250g","p":3.95,"u":"15,80 €/KG","img":"https://fd14-photos.leclercdrive.fr/image.ashx?id=2812885&use=l&cat=p&typeid=i","cat":284334},{"id":40056,"n":"Crêpe dentelle Gavottes Au chocolat noir - 90g","p":1.95,"u":"21,67 €/KG","img":"https://fd14-photos.leclercdrive.fr/image.ashx?id=2659662&use=l&cat=p&typeid=i","cat":284487},{"id":40071,"n":"Pavé de boeuf *** Tournedos à griller x2 - 280g","p":6.13,"u":"21,89 €/KG","img":"https://fd14-photos.leclercdrive.fr/image.ashx?id=2117924&use=l&cat=p&typeid=i","cat":284328},{"id":40072,"n":"Bières Lancelot 5,58% - 6x33cl","p":9.9,"pp":6.93,"u":"3,50 €/L","img":"https://fd14-photos.leclercdrive.fr/image.ashx?id=1863642&use=l&cat=p&typeid=i","cat":334872},{"id":40084,"n":"Blanc de dinde Tradilège 4 tranches 160g","p":2.49,"u":"15,56 €/KG","img":"https://fd14-photos.leclercdrive.fr/image.ashx?id=2943683&use=l&cat=p&typeid=i","cat":316010},{"id":40089,"n":"Gel douche Manava Cranberry myrtille - 250ml","p":1.15,"u":"4,60 €/L","img":"https://fd14-photos.leclercdrive.fr/image.ashx?id=2626802&use=l&cat=p&typeid=i","cat":284594},{"id":40090,"n":"Lait corps Inell Nourrissant - 250ml","p":1.71,"u":"6,84 €/L","img":"https://fd14-photos.leclercdrive.fr/image.ashx?id=2691661&use=l&cat=p&typeid=i","cat":325349},{"id":40092,"n":"Saucisson sec Saint Azay Stick au noix 100g","p":1.99,"u":"19,90 €/KG","img":"https://fd14-photos.leclercdrive.fr/image.ashx?id=2977165&use=l&cat=p&typeid=i","cat":316006},{"id":40102,"n":"Savon de toilette Manava Fleur oranger 100g","p":0.7,"u":"7,00 €/KG","img":"https://fd14-photos.leclercdrive.fr/image.ashx?id=2348670&use=l&cat=p&typeid=i","cat":284597},{"id":40109,"n":"Rillettes de canard Hénaff 180g","p":3.55,"u":"19,72 €/KG","img":"https://fd14-photos.leclercdrive.fr/image.ashx?id=2271420&use=l&cat=p&typeid=i","cat":305149},{"id":40120,"n":"IGP Sel Moulin Le Guérandais Rechargeable - 75g","p":3.41,"u":"45,47 €/KG","img":"https://fd14-photos.leclercdrive.fr/image.ashx?id=2811113&use=l&cat=p&typeid=i","cat":284457},{"id":40122,"n":"AOP Côtes de Provence vin rosé Terres Ocrées - 75cl - 13%","p":4.99,"u":"6,65 €/L","img":"https://fd14-photos.leclercdrive.fr/image.ashx?id=2896895&use=l&cat=p&typeid=i","cat":289558},{"id":40133,"n":"Gaufrettes Paille d'Or LU Framboise - 170g","p":1.79,"u":"10,53 €/KG","img":"https://fd14-photos.leclercdrive.fr/image.ashx?id=2883753&use=l&cat=p&typeid=i","cat":284489},{"id":40135,"n":"Biscottes Heudebert  Nature - 300g","p":1.29,"u":"4,30 €/KG","img":"https://fd14-photos.leclercdrive.fr/image.ashx?id=2368291&use=l&cat=p&typeid=i","cat":284479},{"id":40140,"n":"Pain grillé Pelletier Froment - 500g","p":2.02,"u":"4,04 €/KG","img":"https://fd14-photos.leclercdrive.fr/image.ashx?id=3002249&use=l&cat=p&typeid=i","cat":284479},{"id":40142,"n":"Compote Douceur du Verger Coupelle multivariétés -16x100g","p":3.99,"u":"2,49 €/KG","img":"https://fd14-photos.leclercdrive.fr/image.ashx?id=2663533&use=l&cat=p&typeid=i","cat":284508},{"id":40168,"n":"IGP Sel fin Le Guérandais 125g","p":1.4,"u":"11,20 €/KG","img":"https://fd14-photos.leclercdrive.fr/image.ashx?id=2457890&use=l&cat=p&typeid=i","cat":284457},{"id":40169,"n":"IGP Sel fin Le Guérandais  Label rouge - 250g","p":2.25,"u":"9,00 €/KG","img":"https://fd14-photos.leclercdrive.fr/image.ashx?id=2457887&use=l&cat=p&typeid=i","cat":284457},{"id":40173,"n":"Préfou Paso Tomate basilic - 350g","p":3.77,"img":"https://fd14-photos.leclercdrive.fr/image.ashx?id=2676765&use=l&cat=p&typeid=i","cat":316003},{"id":40180,"n":"Emiettés surimi crabe Gastromer 150g","p":1.99,"pp":1.31,"u":"8,73 €/KG","img":"https://fd14-photos.leclercdrive.fr/image.ashx?id=1605662&use=l&cat=p&typeid=i","cat":285191},{"id":40214,"n":"Sauce Pesto Barilla Basilic et Roquette - 190g","p":2.14,"u":"11,26 €/KG","img":"https://fd14-photos.leclercdrive.fr/image.ashx?id=2457980&use=l&cat=p&typeid=i","cat":287599},{"id":40217,"n":"Petits pots Babybio Bio Légumes jambon - 8mois 2x200g","p":2.95,"u":"7,38 €/KG","img":"https://fd14-photos.leclercdrive.fr/image.ashx?id=2838464&use=l&cat=p&typeid=i","cat":312236},{"id":40277,"n":"Barres glacées Bounty  Chocolat & Noix de Coco x6 235g","p":2.43,"u":"10,34 €/KG","img":"https://fd14-photos.leclercdrive.fr/image.ashx?id=1935069&use=l&cat=p&typeid=i","cat":284264},{"id":40278,"n":"Barres glacées Twix  Caramel & Biscuit x6 - 205g","p":2.6,"u":"12,68 €/KG","img":"https://fd14-photos.leclercdrive.fr/image.ashx?id=2906742&use=l&cat=p&typeid=i","cat":284264},{"id":40311,"n":"Biscuits cacao P'tit Déli Chocolat noir/blanc - 115g","p":2.0,"u":"17,39 €/KG","img":"https://fd14-photos.leclercdrive.fr/image.ashx?id=2566197&use=l&cat=p&typeid=i","cat":284488},{"id":40313,"n":"Madeleines marbrées P'tit Déli Chocolat 400g","p":2.15,"u":"5,38 €/KG","img":"https://fd14-photos.leclercdrive.fr/image.ashx?id=2646065&use=l&cat=p&typeid=i","cat":284492},{"id":40318,"n":"Mini cornichons Rustica 210g","p":2.03,"u":"9,67 €/KG","img":"https://fd14-photos.leclercdrive.fr/image.ashx?id=777839&use=l&cat=p&typeid=i","cat":284458},{"id":40330,"n":"Sablés P'tit Déli Pur beurre framboise - 100g","p":1.18,"u":"11,80 €/KG","img":"https://fd14-photos.leclercdrive.fr/image.ashx?id=2691297&use=l&cat=p&typeid=i","cat":284487},{"id":40332,"n":"Bière aromatisée Desperados 5.9%vol. - 20x25cl","p":18.2,"u":"3,64 €/L","img":"https://fd14-photos.leclercdrive.fr/image.ashx?id=2977300&use=l&cat=p&typeid=i","cat":334878},{"id":40342,"n":"Serviette Tena Lady - Maxi Night - x12","p":5.6,"u":"0,47 €/P","img":"https://fd14-photos.leclercdrive.fr/image.ashx?id=2597232&use=l&cat=p&typeid=i","cat":284628},{"id":40345,"n":"Cotons Démaquillants Demak'Up Original ovale x70","p":1.75,"u":"0,03 €/P","img":"https://fd14-photos.leclercdrive.fr/image.ashx?id=2791458&use=l&cat=p&typeid=i","cat":285593},{"id":40369,"n":"Gingembre Tanoshi En fines lamelles - 200g","p":4.15,"u":"20,75 €/KG","img":"https://fd14-photos.leclercdrive.fr/image.ashx?id=2921157&use=l&cat=p&typeid=i","cat":288992},{"id":40412,"n":"Thon entier Petit Navire Huile de tournesol - 160g","p":1.8,"u":"11,25 €/KG","img":"https://fd14-photos.leclercdrive.fr/image.ashx?id=2523846&use=l&cat=p&typeid=i","cat":303867},{"id":40430,"n":"Plat bébé soir Blédiner 8 mois  Patate douce carotte - 2x200g","p":2.09,"u":"5,23 €/KG","img":"https://fd14-photos.leclercdrive.fr/image.ashx?id=2902969&use=l&cat=p&typeid=i","cat":312239},{"id":40485,"n":"Pâté de foie Prunier 170g","p":2.35,"u":"13,82 €/KG","img":"https://fd14-photos.leclercdrive.fr/image.ashx?id=2832044&use=l&cat=p&typeid=i","cat":316008},{"id":40487,"n":"Terrine de lapin Prunier 160g","p":3.2,"u":"20,00 €/KG","img":"https://fd14-photos.leclercdrive.fr/image.ashx?id=2570331&use=l&cat=p&typeid=i","cat":316008},{"id":40488,"n":"Terrine de campagne Prunier 160g","p":2.35,"u":"14,69 €/KG","img":"https://fd14-photos.leclercdrive.fr/image.ashx?id=2570325&use=l&cat=p&typeid=i","cat":316008},{"id":40491,"n":"Compotes Andros Pomme poire 8x100g","p":2.45,"u":"3,06 €/KG","img":"https://fd14-photos.leclercdrive.fr/image.ashx?id=2883943&use=l&cat=p&typeid=i","cat":284416},{"id":40493,"n":"Panna Cotta Délisse Fruits rouges - 4x90g","p":2.19,"u":"6,08 €/KG","img":"https://fd14-photos.leclercdrive.fr/image.ashx?id=1846157&use=l&cat=p&typeid=i","cat":284419},{"id":40516,"n":"Compote Douceur du Verger Gourdes multivariétés - 12x90g","p":4.09,"u":"3,79 €/KG","img":"https://fd14-photos.leclercdrive.fr/image.ashx?id=2837048&use=l&cat=p&typeid=i","cat":284508},{"id":40518,"n":"Kit burritos Old El Paso extra doux - 491g","p":4.52,"u":"9,21 €/KG","img":"https://fd14-photos.leclercdrive.fr/image.ashx?id=2759496&use=l&cat=p&typeid=i","cat":288993},{"id":40519,"n":"Kit fajitas Old El Paso extra doux - 478g","p":4.75,"u":"9,94 €/KG","img":"https://fd14-photos.leclercdrive.fr/image.ashx?id=2765405&use=l&cat=p&typeid=i","cat":288993},{"id":40559,"n":"Pizza Campagnarde  545g","p":6.2,"u":"11,38 €/KG","img":"https://fd14-photos.leclercdrive.fr/image.ashx?id=746696&use=l&cat=p&typeid=i","cat":333679},{"id":40565,"n":"Pain complet tranché   300g","p":1.35,"u":"4,50 €/KG","img":"https://fd14-photos.leclercdrive.fr/image.ashx?id=2063074&use=l&cat=p&typeid=i","cat":284359},{"id":40573,"n":"Tablette chocolat Milka Chocolat lait/Noisette - 2x100g","p":3.34,"u":"16,70 €/KG","img":"https://fd14-photos.leclercdrive.fr/image.ashx?id=2832422&use=l&cat=p&typeid=i","cat":284497},{"id":40610,"n":"Pérail Lou Pérac Fromage de brebis - 100g","p":2.05,"u":"20,50 €/KG","img":"https://fd14-photos.leclercdrive.fr/image.ashx?id=2848545&use=l&cat=p&typeid=i","cat":314031},{"id":40612,"n":"Fromage de Brebis Etorki  180g","p":3.3,"u":"18,33 €/KG","img":"https://fd14-photos.leclercdrive.fr/image.ashx?id=2702816&use=l&cat=p&typeid=i","cat":329184},{"id":40625,"n":"AOC Fronton vin rosé Terrasses d'Autan - 75cl","p":2.99,"u":"3,99 €/L","img":"https://fd14-photos.leclercdrive.fr/image.ashx?id=2678797&use=l&cat=p&typeid=i","cat":289558},{"id":40626,"n":"AOC Rosé de Loire vin rosé Les Caractères - 75cl","p":3.69,"u":"4,92 €/L","img":"https://fd14-photos.leclercdrive.fr/image.ashx?id=2236314&use=l&cat=p&typeid=i","cat":289558},{"id":40627,"n":"AOC Rosé d'Anjou vin rosé Les Caractères - 75cl","p":3.89,"u":"5,19 €/L","img":"https://fd14-photos.leclercdrive.fr/image.ashx?id=2236311&use=l&cat=p&typeid=i","cat":289558},{"id":40631,"n":"Levure Chimique Alsacienne alsa 8 sachets - 88g","p":0.68,"u":"7,73 €/KG","img":"https://fd14-photos.leclercdrive.fr/image.ashx?id=3009335&use=l&cat=p&typeid=i","cat":294686},{"id":40649,"n":"Pansement Primoplast Transparents x40","p":0.99,"u":"0,02 €/P","img":"https://fd14-photos.leclercdrive.fr/image.ashx?id=2832957&use=l&cat=p&typeid=i","cat":284630},{"id":40652,"n":"Jus de cranberry Gayelord Hauser - 75cl","p":3.35,"u":"4,47 €/L","img":"https://fd14-photos.leclercdrive.fr/image.ashx?id=2750441&use=l&cat=p&typeid=i","cat":284915},{"id":40653,"n":"Jus de grenade Gayelord Hauser - 75cl","p":3.15,"u":"4,20 €/L","img":"https://fd14-photos.leclercdrive.fr/image.ashx?id=2923789&use=l&cat=p&typeid=i","cat":284915},{"id":40656,"n":"Gel douche Manava Surgras - 500ml","p":1.86,"u":"3,72 €/L","img":"https://fd14-photos.leclercdrive.fr/image.ashx?id=2799239&use=l&cat=p&typeid=i","cat":284594},{"id":40657,"n":"Gel douche Manava Hypoallergenique - 500ml","p":1.86,"u":"3,72 €/L","img":"https://fd14-photos.leclercdrive.fr/image.ashx?id=2799165&use=l&cat=p&typeid=i","cat":284594},{"id":40666,"n":"Antiseptique Primoplast Spray - 100ml","p":2.44,"u":"24,40 €/L","img":"https://fd14-photos.leclercdrive.fr/image.ashx?id=2856522&use=l&cat=p&typeid=i","cat":284630},{"id":40676,"n":"Beurre Tendre Président Demi-sel - 80% MG - 250g","p":3.14,"u":"12,56 €/KG","img":"https://fd14-photos.leclercdrive.fr/image.ashx?id=2731420&use=l&cat=p&typeid=i","cat":284379},{"id":40774,"n":"Lingettes nettoyantes La Croix Désinfectant Javel - x 25","p":1.5,"u":"0,06 €/P","img":"https://fd14-photos.leclercdrive.fr/image.ashx?id=2540106&use=l&cat=p&typeid=i","cat":325358},{"id":40776,"n":"Détachant avant lavage K2R  Tâche incrustée mousse  - 400mL","p":2.75,"u":"6,88 €/L","img":"https://fd14-photos.leclercdrive.fr/image.ashx?id=2101177&use=l&cat=p&typeid=i","cat":284651},{"id":40789,"n":"Yaourts à boire Délisse Fraise - 8x100g","p":1.95,"u":"2,44 €/KG","img":"https://fd14-photos.leclercdrive.fr/image.ashx?id=2762504&use=l&cat=p&typeid=i","cat":284415},{"id":40794,"n":"Rôti de poulet Tradilège Supérieur 4tr - 160g","p":2.27,"u":"14,19 €/KG","img":"https://fd14-photos.leclercdrive.fr/image.ashx?id=2837093&use=l&cat=p&typeid=i","cat":316010},{"id":40796,"n":"Rôti de porc Tradilège Supérieur Maxiformat 8tr- 240 g","p":3.17,"u":"13,21 €/KG","img":"https://fd14-photos.leclercdrive.fr/image.ashx?id=2930763&use=l&cat=p&typeid=i","cat":316009},{"id":40868,"n":"Pizza Chorizo  430g","p":6.2,"u":"14,42 €/KG","img":"https://fd14-photos.leclercdrive.fr/image.ashx?id=723948&use=l&cat=p&typeid=i","cat":333679},{"id":40896,"n":"Pizza au Saumon  430g","p":6.55,"u":"15,23 €/KG","img":"https://fd14-photos.leclercdrive.fr/image.ashx?id=746692&use=l&cat=p&typeid=i","cat":333679},{"id":40904,"n":"Pesto rosso Turini 190g","p":1.68,"u":"8,84 €/KG","img":"https://fd14-photos.leclercdrive.fr/image.ashx?id=2546257&use=l&cat=p&typeid=i","cat":287599},{"id":40908,"n":"Sauce pizza Tomapizza Panzani aux tomates et origan - 390g","p":1.3,"u":"3,33 €/KG","img":"https://fd14-photos.leclercdrive.fr/image.ashx?id=2744626&use=l&cat=p&typeid=i","cat":288384},{"id":40988,"n":"Détachant Ace Délicat Système 8+ 2L","p":4.2,"u":"2,10 €/L","img":"https://fd14-photos.leclercdrive.fr/image.ashx?id=2559152&use=l&cat=p&typeid=i","cat":284651},{"id":41002,"n":"Repas fraicheur pour chat Sheba Volaille en sauce - 6x50g","p":2.45,"u":"8,17 €/KG","img":"https://fd14-photos.leclercdrive.fr/image.ashx?id=2888097&use=l&cat=p&typeid=i","cat":285286},{"id":41016,"n":"Sachet fraîcheur chat Sheba Poissons en sauce - 4x85g","p":2.0,"u":"5,88 €/KG","img":"https://fd14-photos.leclercdrive.fr/image.ashx?id=2759625&use=l&cat=p&typeid=i","cat":285286},{"id":41018,"n":"Pur jus d'ananas Jafaden Bouteille 1L","p":1.99,"u":"1,99 €/L","img":"https://fd14-photos.leclercdrive.fr/image.ashx?id=2956729&use=l&cat=p&typeid=i","cat":284916},{"id":41019,"n":"Pur jus de raisin Jafaden Bouteille 1L","p":1.54,"u":"1,54 €/L","img":"https://fd14-photos.leclercdrive.fr/image.ashx?id=2843587&use=l&cat=p&typeid=i","cat":284915},{"id":41020,"n":"Pur jus Jafaden Clémentine - 1L","p":1.91,"u":"1,91 €/L","img":"https://fd14-photos.leclercdrive.fr/image.ashx?id=1956844&use=l&cat=p&typeid=i","cat":284915},{"id":41022,"n":"Sachet fraicheur chat Sheba Thon cabillaud en sauce - 6x50g","p":2.45,"u":"8,17 €/KG","img":"https://fd14-photos.leclercdrive.fr/image.ashx?id=2347128&use=l&cat=p&typeid=i","cat":285286},{"id":41117,"n":"Vinaigre de nettoyage Clair Citron - 750ml","p":1.95,"u":"2,60 €/L","img":"https://fd14-photos.leclercdrive.fr/image.ashx?id=2949188&use=l&cat=p&typeid=i","cat":325365},{"id":41140,"n":"Filets maquereaux Pêche Océan Naturel - 95g","p":1.48,"u":"15,58 €/KG","img":"https://fd14-photos.leclercdrive.fr/image.ashx?id=2515685&use=l&cat=p&typeid=i","cat":303868},{"id":41147,"n":"Bain de bouche Dentamyl Expert Sensitive - 500ml","p":1.79,"u":"3,58 €/L","img":"https://fd14-photos.leclercdrive.fr/image.ashx?id=2594570&use=l&cat=p&typeid=i","cat":284613},{"id":41161,"n":"Olives Apéritives A la provençale - 250g","p":2.59,"u":"10,36 €/KG","img":"https://fd14-photos.leclercdrive.fr/image.ashx?id=2833699&use=l&cat=p&typeid=i","cat":316002},{"id":41162,"n":"Olives Apéritives Cassées à l'ail - 250g","p":2.59,"u":"10,36 €/KG","img":"https://fd14-photos.leclercdrive.fr/image.ashx?id=2833696&use=l&cat=p&typeid=i","cat":316002},{"id":41169,"n":"Sauce Madère Cruz 20cl","p":1.7,"u":"8,50 €/L","img":"https://fd14-photos.leclercdrive.fr/image.ashx?id=2498290&use=l&cat=p&typeid=i","cat":284913},{"id":41188,"n":"Captain Morgan Original Spiced Boisson à base de rhum- 70cl","p":12.65,"u":"18,07 €/L","img":"https://fd14-photos.leclercdrive.fr/image.ashx?id=2518403&use=l&cat=p&typeid=i","cat":284551},{"id":41190,"n":"Liqueur de Whisky Jack Daniel's Honey 70cL","p":19.95,"pp":17.95,"u":"25,64 €/L","img":"https://fd14-photos.leclercdrive.fr/image.ashx?id=2973982&use=l&cat=p&typeid=i","cat":286032},{"id":41223,"n":"Chips natures paysannes Bret's Au sel de Guérande 250g","p":2.2,"u":"8,80 €/KG","img":"https://fd14-photos.leclercdrive.fr/image.ashx?id=2217651&use=l&cat=p&typeid=i","cat":284447},{"id":41236,"n":"Beurre gastronomique Président Demi-sel - 80% MG - 250g","p":2.79,"u":"11,16 €/KG","img":"https://fd14-photos.leclercdrive.fr/image.ashx?id=2962257&use=l&cat=p&typeid=i","cat":284379},{"id":41238,"n":"Beurre La Motte Président Sel de mer - 80% MG - 250g","p":3.19,"u":"12,76 €/KG","img":"https://fd14-photos.leclercdrive.fr/image.ashx?id=2896958&use=l&cat=p&typeid=i","cat":284379},{"id":41268,"n":"Croquettes chat  Eco+ Viandes légumes-  2kg","p":2.33,"u":"1,17 €/KG","img":"https://fd14-photos.leclercdrive.fr/image.ashx?id=2932381&use=l&cat=p&typeid=i","cat":284680},{"id":41271,"n":"Croquettes chiens Eco+ Adulte - Boeuf - 10kg","p":9.97,"u":"1,00 €/KG","img":"https://fd14-photos.leclercdrive.fr/image.ashx?id=2946808&use=l&cat=p&typeid=i","cat":284672},{"id":41275,"n":"Croquettes chat Purina One Sterilisé - Poulet - 1,5kg","p":6.7,"u":"4,47 €/KG","img":"https://fd14-photos.leclercdrive.fr/image.ashx?id=2488046&use=l&cat=p&typeid=i","cat":284680},{"id":41278,"n":"Croquettes chiens Eco+ Adulte - Viande -  4kg","p":3.93,"u":"0,98 €/KG","img":"https://fd14-photos.leclercdrive.fr/image.ashx?id=2946799&use=l&cat=p&typeid=i","cat":284672},{"id":41282,"n":"Croquettes petit chien Ultima  Jack Russell poulet - 1,5kg","p":6.2,"u":"4,13 €/KG","img":"https://fd14-photos.leclercdrive.fr/image.ashx?id=2918089&use=l&cat=p&typeid=i","cat":294526},{"id":41285,"n":"Croquettes chaton Purina One  Junior -Poulet/Céréales - 1,5kg","p":6.85,"u":"4,57 €/KG","img":"https://fd14-photos.leclercdrive.fr/image.ashx?id=2433563&use=l&cat=p&typeid=i","cat":284680},{"id":41293,"n":"Sachets repas chats Purina One Stérilisés - Saumon Dinde 4x85g","p":2.0,"u":"5,88 €/KG","img":"https://fd14-photos.leclercdrive.fr/image.ashx?id=2902349&use=l&cat=p&typeid=i","cat":285286},{"id":41333,"n":"Lait céréales Blédidej 9 mois Caramel - 4x250ml","p":3.6,"u":"14,40 €/L","img":"https://fd14-photos.leclercdrive.fr/image.ashx?id=2921061&use=l&cat=p&typeid=i","cat":312226},{"id":41337,"n":"Lait céréales Blédidej 9 mois Madeleine - 4x250ml","p":3.65,"u":"3,65 €/L","img":"https://fd14-photos.leclercdrive.fr/image.ashx?id=2921052&use=l&cat=p&typeid=i","cat":312226},{"id":41352,"n":"Gommage visage Inell Douceur - 75ml","p":2.01,"u":"26,80 €/L","img":"https://fd14-photos.leclercdrive.fr/image.ashx?id=2686344&use=l&cat=p&typeid=i","cat":284603},{"id":41361,"n":"Croque monsieur Côté Croc Maxi - 2x150g","p":2.49,"u":"8,30 €/KG","img":"https://fd14-photos.leclercdrive.fr/image.ashx?id=2852240&use=l&cat=p&typeid=i","cat":333671},{"id":41364,"n":"Cordon bleu Côté Croc Comté - 200g","p":2.05,"u":"10,25 €/KG","img":"https://fd14-photos.leclercdrive.fr/image.ashx?id=2800240&use=l&cat=p&typeid=i","cat":333683},{"id":41377,"n":"Manchons de poulet Côté Croc Croustillant - 250g","p":2.49,"u":"9,96 €/KG","img":"https://fd14-photos.leclercdrive.fr/image.ashx?id=2843042&use=l&cat=p&typeid=i","cat":333685},{"id":41381,"n":"Gratin Côté Table Endives au jambon - 280g","p":3.09,"u":"11,04 €/KG","img":"https://fd14-photos.leclercdrive.fr/image.ashx?id=2759217&use=l&cat=p&typeid=i","cat":333665},{"id":41422,"n":"Fromage à Tartiner St Môret  Nature - 300g","p":3.31,"u":"11,03 €/KG","img":"https://fd14-photos.leclercdrive.fr/image.ashx?id=2755465&use=l&cat=p&typeid=i","cat":314029},{"id":41447,"n":"Fromage fruité bloc Les Croisés 220g","p":2.75,"u":"12,50 €/KG","img":"https://fd14-photos.leclercdrive.fr/image.ashx?id=1961168&use=l&cat=p&typeid=i","cat":314034},{"id":41460,"n":"Pain de mie 100% Mie Harrys Complet sans croûte - 500g","p":1.8,"u":"3,60 €/KG","img":"https://fd14-photos.leclercdrive.fr/image.ashx?id=2731864&use=l&cat=p&typeid=i","cat":284477},{"id":41464,"n":"Purée de tomates Turini Brique 500g","p":0.75,"u":"1,50 €/KG","img":"https://fd14-photos.leclercdrive.fr/image.ashx?id=1686100&use=l&cat=p&typeid=i","cat":288384},{"id":41465,"n":"Cotons Inell Maxi confort x80","p":1.78,"img":"https://fd14-photos.leclercdrive.fr/image.ashx?id=1926969&use=l&cat=p&typeid=i","cat":284636},{"id":41488,"n":"Sachets Insectivor Anti-mites anti-acariens - x24","p":2.9,"u":"0,12 €/P","img":"https://fd14-photos.leclercdrive.fr/image.ashx?id=2852952&use=l&cat=p&typeid=i","cat":298368},{"id":41491,"n":"Tartines croustillantes Wasa Léger - 270g","p":1.6,"u":"5,93 €/KG","img":"https://fd14-photos.leclercdrive.fr/image.ashx?id=3011851&use=l&cat=p&typeid=i","cat":284479},{"id":41492,"n":"Tartines croustillantes Wasa Fibres - 230g","p":1.5,"u":"6,52 €/KG","img":"https://fd14-photos.leclercdrive.fr/image.ashx?id=3011854&use=l&cat=p&typeid=i","cat":284479},{"id":41493,"n":"Tartines croustillantes Wasa Authentique - 275g","p":1.42,"u":"5,16 €/KG","img":"https://fd14-photos.leclercdrive.fr/image.ashx?id=3011857&use=l&cat=p&typeid=i","cat":284479},{"id":41517,"n":"Couches bébé Mots d'Enfants T6 Douceur - 16kg+ - x58 changes","p":12.75,"img":"https://fd14-photos.leclercdrive.fr/image.ashx?id=2904577&use=l&cat=p&typeid=i","cat":284737},{"id":41524,"n":"Ossau Iraty AOP Istara Fromage de brebis - 180g","p":3.55,"u":"19,72 €/KG","img":"https://fd14-photos.leclercdrive.fr/image.ashx?id=2766193&use=l&cat=p&typeid=i","cat":329184},{"id":41534,"n":"Déodorant Spray Homme Nivea Men Black&White Original - 200ml","p":2.24,"u":"11,20 €/L","img":"https://fd14-photos.leclercdrive.fr/image.ashx?id=3005218&use=l&cat=p&typeid=i","cat":284618},{"id":41538,"n":"Déodorant Homme Stick Williams Peau Sensible 75ml","p":2.39,"u":"31,87 €/L","img":"https://fd14-photos.leclercdrive.fr/image.ashx?id=2905102&use=l&cat=p&typeid=i","cat":284618},{"id":41551,"n":"Soda Schweppes Saveur Citron - 1,5L","p":1.95,"u":"1,30 €/L","img":"https://fd14-photos.leclercdrive.fr/image.ashx?id=2852417&use=l&cat=p&typeid=i","cat":284532},{"id":41556,"n":"Boisson aux fruits Oasis Orange - 2L","p":2.4,"u":"1,20 €/L","img":"https://fd14-photos.leclercdrive.fr/image.ashx?id=2688653&use=l&cat=p&typeid=i","cat":295018},{"id":41647,"n":"AOP Alsace Gewurztraminer   vin blanc Rebmann - 75 cl","p":5.99,"u":"7,99 €/L","img":"https://fd14-photos.leclercdrive.fr/image.ashx?id=2343941&use=l&cat=p&typeid=i","cat":289557},{"id":41800,"n":"Mayonnaise Fine & Douce Lesieur 475g","p":2.15,"u":"4,53 €/KG","img":"https://fd14-photos.leclercdrive.fr/image.ashx?id=2918541&use=l&cat=p&typeid=i","cat":298295},{"id":41806,"n":"Ketchup nature Amora 850g","p":2.51,"u":"2,95 €/KG","img":"https://fd14-photos.leclercdrive.fr/image.ashx?id=2589690&use=l&cat=p&typeid=i","cat":284455},{"id":41823,"n":"Sauce barbecue/miel Amora 282g","p":1.9,"u":"6,74 €/KG","img":"https://fd14-photos.leclercdrive.fr/image.ashx?id=2654188&use=l&cat=p&typeid=i","cat":318431},{"id":41829,"n":"AOP Bordeaux vin rosé  Chantet Blanet - 75cl","p":2.99,"u":"3,99 €/L","img":"https://fd14-photos.leclercdrive.fr/image.ashx?id=2682657&use=l&cat=p&typeid=i","cat":289558},{"id":41830,"n":"Saucisses Francfort Stoeffler Cuites et fumées - 6x40g","p":2.35,"u":"9,79 €/KG","img":"https://fd14-photos.leclercdrive.fr/image.ashx?id=2767537&use=l&cat=p&typeid=i","cat":316012},{"id":41832,"n":"Saucisse Strasbourg Stoeffler Cuites et fumées 6x40g","p":2.35,"u":"9,79 €/KG","img":"https://fd14-photos.leclercdrive.fr/image.ashx?id=2767534&use=l&cat=p&typeid=i","cat":316012},{"id":41835,"n":"AOC Bourgueil vin rouge Les Caractères - 75cl","p":4.49,"u":"5,99 €/L","img":"https://fd14-photos.leclercdrive.fr/image.ashx?id=2691336&use=l&cat=p&typeid=i","cat":289556},{"id":41841,"n":"AOP Bordeaux vin rouge Chantet Blanet - 75cl","p":2.89,"u":"3,85 €/L","img":"https://fd14-photos.leclercdrive.fr/image.ashx?id=2741285&use=l&cat=p&typeid=i","cat":289556},{"id":41845,"n":"Génoise fourrée Kinder Pingui Lait et cacao x8 - 240g","p":2.25,"u":"9,38 €/KG","img":"https://fd14-photos.leclercdrive.fr/image.ashx?id=2855352&use=l&cat=p&typeid=i","cat":284420},{"id":41846,"n":"Compotes Andros Panachés 16x100g","p":4.5,"u":"2,81 €/KG","img":"https://fd14-photos.leclercdrive.fr/image.ashx?id=2921343&use=l&cat=p&typeid=i","cat":284416},{"id":41852,"n":"Sauce pomme frite Amora 260g","p":1.55,"u":"5,96 €/KG","img":"https://fd14-photos.leclercdrive.fr/image.ashx?id=2957776&use=l&cat=p&typeid=i","cat":318431},{"id":41857,"n":"Bière Alveringem Abbaye Rouge 5%vol. - 6x25cl","p":3.78,"u":"2,52 €/L","img":"https://fd14-photos.leclercdrive.fr/image.ashx?id=2637919&use=l&cat=p&typeid=i","cat":334878},{"id":41858,"n":"Yaourt SMARTIES Fraise bonbons chocolat 4x120g","p":2.3,"u":"4,79 €/KG","img":"https://fd14-photos.leclercdrive.fr/image.ashx?id=2890046&use=l&cat=p&typeid=i","cat":284414},{"id":41865,"n":"AOC Coteaux Varois en Provence vin rosé Terres Ocrées - 75cl","p":4.49,"u":"5,99 €/L","img":"https://fd14-photos.leclercdrive.fr/image.ashx?id=2176584&use=l&cat=p&typeid=i","cat":289558},{"id":41868,"n":"Bûche de chèvre Soignon 400g","p":4.16,"u":"10,40 €/KG","img":"https://fd14-photos.leclercdrive.fr/image.ashx?id=2840988&use=l&cat=p&typeid=i","cat":314031},{"id":41903,"n":"Jus de pomme Jafaden A base de concentré - 2L","p":1.85,"u":"0,93 €/L","img":"https://fd14-photos.leclercdrive.fr/image.ashx?id=1965554&use=l&cat=p&typeid=i","cat":284522},{"id":41914,"n":"Crème hydratante Inell Visage-corps 200ml","p":1.96,"u":"9,80 €/L","img":"https://fd14-photos.leclercdrive.fr/image.ashx?id=1903869&use=l&cat=p&typeid=i","cat":325345},{"id":41920,"n":"Patch pureté Inell x6","p":2.4,"u":"0,40 €/P","img":"https://fd14-photos.leclercdrive.fr/image.ashx?id=2657727&use=l&cat=p&typeid=i","cat":284603},{"id":41923,"n":"Vin d'Union Européenne rosé Adrien Champaud 11% vol BIB 5L","p":8.49,"u":"1,70 €/L","img":"https://fd14-photos.leclercdrive.fr/image.ashx?id=2457677&use=l&cat=p&typeid=i","cat":289560},{"id":41924,"n":"Vin d'Union Européenne rouge Adrien Champaud 12% vol BIB 5L","p":8.49,"u":"1,70 €/L","img":"https://fd14-photos.leclercdrive.fr/image.ashx?id=1665891&use=l&cat=p&typeid=i","cat":289560},{"id":41949,"n":"La Teurgoule Fermière À la Vanille - 140g","p":1.0,"u":"7,14 €/KG","img":"https://fd14-photos.leclercdrive.fr/image.ashx?id=1746158&use=l&cat=p&typeid=i","cat":284418},{"id":41950,"n":"La Teurgoule Fermière Au Caramel - 140g","p":1.0,"u":"7,14 €/KG","img":"https://fd14-photos.leclercdrive.fr/image.ashx?id=1746155&use=l&cat=p&typeid=i","cat":284418},{"id":42041,"n":"Olives vertes Tropic Apéro Dénoyautées à l'ail - 110g","p":1.89,"u":"17,18 €/KG","img":"https://fd14-photos.leclercdrive.fr/image.ashx?id=2438972&use=l&cat=p&typeid=i","cat":316002},{"id":42044,"n":"Noix de cajou Maître Prunille Sans sel, grillé, sachet 200g","p":3.89,"u":"19,45 €/KG","img":"https://fd14-photos.leclercdrive.fr/image.ashx?id=1750478&use=l&cat=p&typeid=i","cat":284357},{"id":42045,"n":"Amande grillée Maître Prunille Décortiquée sans sel 250g","p":3.89,"u":"15,56 €/KG","img":"https://fd14-photos.leclercdrive.fr/image.ashx?id=1750481&use=l&cat=p&typeid=i","cat":284448},{"id":42046,"n":"Pruneaux d'Agen Maître Prunille IGP Dénoyautés - 500g","p":4.89,"u":"9,78 €/KG","img":"https://fd14-photos.leclercdrive.fr/image.ashx?id=2016029&use=l&cat=p&typeid=i","cat":284357},{"id":42063,"n":"Madeleines Saint Michel Oeufs de poule plein air - 500g","p":1.98,"u":"3,96 €/KG","img":"https://fd14-photos.leclercdrive.fr/image.ashx?id=2936191&use=l&cat=p&typeid=i","cat":284492},{"id":42067,"n":"Biscuits p'tit déjeuner BN Chocolat - 200g","p":1.6,"u":"8,00 €/KG","img":"https://fd14-photos.leclercdrive.fr/image.ashx?id=2603468&use=l&cat=p&typeid=i","cat":284491},{"id":42070,"n":"Pizza 4 fromages  500g","p":6.2,"u":"12,40 €/KG","img":"https://fd14-photos.leclercdrive.fr/image.ashx?id=726068&use=l&cat=p&typeid=i","cat":333679},{"id":42072,"n":"Pizza Reine  500g","p":5.95,"u":"11,90 €/KG","img":"https://fd14-photos.leclercdrive.fr/image.ashx?id=717990&use=l&cat=p&typeid=i","cat":333679},{"id":42111,"n":"Haché de veau Férial Façon bouchère - x2 - 200g","p":3.19,"u":"15,95 €/KG","img":"https://fd14-photos.leclercdrive.fr/image.ashx?id=2903986&use=l&cat=p&typeid=i","cat":284332},{"id":42113,"n":"Haché de porc Férial Façon bouchère - x2 - 220g","p":2.69,"u":"12,23 €/KG","img":"https://fd14-photos.leclercdrive.fr/image.ashx?id=2946469&use=l&cat=p&typeid=i","cat":284332},{"id":42117,"n":"Céréales muesli Bjorg Bio Sans sucre ajoutés - 375g","p":1.8,"u":"4,80 €/KG","img":"https://fd14-photos.leclercdrive.fr/image.ashx?id=2906163&use=l&cat=p&typeid=i","cat":309512},{"id":42123,"n":"Jus de pruneaux Gayelord Hauser - 75cl","p":3.05,"u":"4,07 €/L","img":"https://fd14-photos.leclercdrive.fr/image.ashx?id=2962482&use=l&cat=p&typeid=i","cat":284915},{"id":42131,"n":"Huile vierge de colza Cauvin 75cl","p":5.3,"u":"7,07 €/L","img":"https://fd14-photos.leclercdrive.fr/image.ashx?id=2498347&use=l&cat=p&typeid=i","cat":284453},{"id":42188,"n":"Fromage fouetté Madame Loïk Échalote Ciboulette - 275g","p":2.85,"u":"10,36 €/KG","img":"https://fd14-photos.leclercdrive.fr/image.ashx?id=2774616&use=l&cat=p&typeid=i","cat":314029},{"id":42218,"n":"Bloc WC Bref Power  Activ'Océan toilettes - 50g x1","p":1.4,"u":"28,00 €/KG","img":"https://fd14-photos.leclercdrive.fr/image.ashx?id=2789802&use=l&cat=p&typeid=i","cat":284662},{"id":42226,"n":"Emincés de Poulet Roti Père Dod  Nature - 200g","p":3.8,"u":"19,00 €/KG","img":"https://fd14-photos.leclercdrive.fr/image.ashx?id=2957089&use=l&cat=p&typeid=i","cat":316011},{"id":42227,"n":"Saucisses épicées x5 Hénaff - 277g","p":4.8,"u":"17,33 €/KG","img":"https://fd14-photos.leclercdrive.fr/image.ashx?id=2795177&use=l&cat=p&typeid=i","cat":284334},{"id":42228,"n":"Emincés de Poulet Roti Père Dod  Curry - 200g","p":3.8,"u":"19,00 €/KG","img":"https://fd14-photos.leclercdrive.fr/image.ashx?id=2957092&use=l&cat=p&typeid=i","cat":316011},{"id":42229,"n":"Emincés de Poulet Roti Père Dod  Paprika - 200g","p":3.8,"u":"19,00 €/KG","img":"https://fd14-photos.leclercdrive.fr/image.ashx?id=2992089&use=l&cat=p&typeid=i","cat":316011},{"id":42289,"n":"Huile pimentée pizza Cauvin A l'huile d'olive - 25cl","p":2.17,"u":"8,68 €/L","img":"https://fd14-photos.leclercdrive.fr/image.ashx?id=2539857&use=l&cat=p&typeid=i","cat":284453},{"id":42290,"n":"Huile de colza Eco + 1L","p":1.46,"u":"1,46 €/L","img":"https://fd14-photos.leclercdrive.fr/image.ashx?id=2486769&use=l&cat=p&typeid=i","cat":284453},{"id":42291,"n":"Huile pour friture Eco + 1L","p":2.23,"u":"2,23 €/L","img":"https://fd14-photos.leclercdrive.fr/image.ashx?id=2913639&use=l&cat=p&typeid=i","cat":284453},{"id":42292,"n":"Vinaigrette allégée Eco + Nature - 1L","p":1.04,"u":"1,04 €/L","img":"https://fd14-photos.leclercdrive.fr/image.ashx?id=2900516&use=l&cat=p&typeid=i","cat":284456},{"id":42295,"n":"Vinaigrette bi-phase Rustica Vin rouge/échalote - 50cl","p":2.49,"u":"4,98 €/L","img":"https://fd14-photos.leclercdrive.fr/image.ashx?id=2142190&use=l&cat=p&typeid=i","cat":284456},{"id":42297,"n":"Sauce caesar Rustica 50cl","p":2.59,"u":"5,18 €/L","img":"https://fd14-photos.leclercdrive.fr/image.ashx?id=1972928&use=l&cat=p&typeid=i","cat":284456},{"id":42298,"n":"Boisson végétale Bio Village Avoine bio - 1l","p":1.57,"u":"1,57 €/L","img":"https://fd14-photos.leclercdrive.fr/image.ashx?id=2739538&use=l&cat=p&typeid=i","cat":316067},{"id":42305,"n":"IGP Vinaigre balsamique Maille De Modène - 250ml","p":2.75,"u":"11,00 €/L","img":"https://fd14-photos.leclercdrive.fr/image.ashx?id=2805669&use=l&cat=p&typeid=i","cat":298543},{"id":42321,"n":"Nettoyant Menager Cif lingettes Ocean Antibacterien - x120","p":2.1,"img":"https://fd14-photos.leclercdrive.fr/image.ashx?id=2747163&use=l&cat=p&typeid=i","cat":325358},{"id":42325,"n":"Spray Nettoyant Menager Cif  Antibacterien - 750 ml","p":2.1,"u":"2,80 €/L","img":"https://fd14-photos.leclercdrive.fr/image.ashx?id=2813540&use=l&cat=p&typeid=i","cat":325357},{"id":42341,"n":"Compotes Pom'Potes Gourdes  Multivariétés Inédits - 12x90g","p":5.2,"u":"4,81 €/KG","img":"https://fd14-photos.leclercdrive.fr/image.ashx?id=2864309&use=l&cat=p&typeid=i","cat":284508},{"id":42347,"n":"Pansements enfants Primoplast x20","p":0.69,"u":"0,03 €/P","img":"https://fd14-photos.leclercdrive.fr/image.ashx?id=2958062&use=l&cat=p&typeid=i","cat":284630},{"id":42426,"n":"Lingettes Vanish  Anti-décoloration - x30","p":5.3,"img":"https://fd14-photos.leclercdrive.fr/image.ashx?id=2224145&use=l&cat=p&typeid=i","cat":290450},{"id":42428,"n":"Pains au chocolat Pasquier x8 - 360g","p":2.21,"u":"6,14 €/KG","img":"https://fd14-photos.leclercdrive.fr/image.ashx?id=2863446&use=l&cat=p&typeid=i","cat":296366},{"id":42442,"n":"Moutarde forte Eco + 370g","p":0.74,"u":"2,00 €/KG","img":"https://fd14-photos.leclercdrive.fr/image.ashx?id=2954319&use=l&cat=p&typeid=i","cat":288850},{"id":42448,"n":"Capsules Nescafé Dolce Gusto  Ricoré Latte - x16","p":4.55,"u":"27,08 €/KG","img":"https://fd14-photos.leclercdrive.fr/image.ashx?id=2818085&use=l&cat=p&typeid=i","cat":293239},{"id":42452,"n":"Moutarde douce Amora Flacon souple - 260g","p":1.9,"u":"7,31 €/KG","img":"https://fd14-photos.leclercdrive.fr/image.ashx?id=3005401&use=l&cat=p&typeid=i","cat":288850},{"id":42507,"n":"Crème dessert Mont Blanc Choco Vanille Praliné - 6x125g","p":4.45,"u":"5,93 €/KG","img":"https://fd14-photos.leclercdrive.fr/image.ashx?id=3011605&use=l&cat=p&typeid=i","cat":284506},{"id":42516,"n":"Préparation Francine Pâte à pizza - 520g","p":1.4,"u":"2,69 €/KG","img":"https://fd14-photos.leclercdrive.fr/image.ashx?id=2989123&use=l&cat=p&typeid=i","cat":284503},{"id":42552,"n":"Préfou chèvre 350g","p":3.77,"u":"10,77 €/KG","img":"https://fd14-photos.leclercdrive.fr/image.ashx?id=2676768&use=l&cat=p&typeid=i","cat":316003},{"id":42560,"n":"Jus innocent ananas passion 900ml","p":2.55,"u":"2,83 €/L","img":"https://fd14-photos.leclercdrive.fr/image.ashx?id=2861740&use=l&cat=p&typeid=i","cat":285435},{"id":42563,"n":"Boisson végétale lait d'amande bio bjorg sans sucre - 1l","p":1.66,"u":"1,66 €/L","img":"https://fd14-photos.leclercdrive.fr/image.ashx?id=2939415&use=l&cat=p&typeid=i","cat":316067},{"id":42565,"n":"Vinaigre blanc d'alcool Eco +  - 1,5L","p":0.6,"u":"0,40 €/L","img":"https://fd14-photos.leclercdrive.fr/image.ashx?id=2729269&use=l&cat=p&typeid=i","cat":298543},{"id":42567,"n":"Pâte à tartiner Bio Jardin Bio - 750g","p":6.55,"u":"8,73 €/KG","img":"https://fd14-photos.leclercdrive.fr/image.ashx?id=2918925&use=l&cat=p&typeid=i","cat":284481},{"id":42572,"n":"Pur jus de grenade Jardin Bio 50cl","p":4.46,"u":"8,92 €/L","img":"https://fd14-photos.leclercdrive.fr/image.ashx?id=2530047&use=l&cat=p&typeid=i","cat":284916},{"id":42624,"n":"Pâtes coudes rayés Panzani 1kg","p":2.0,"u":"2,00 €/KG","img":"https://fd14-photos.leclercdrive.fr/image.ashx?id=2876029&use=l&cat=p&typeid=i","cat":284427},{"id":42628,"n":"Chips Bret's Fromage du Jura - 125g","p":1.09,"u":"8,72 €/KG","img":"https://fd14-photos.leclercdrive.fr/image.ashx?id=1916976&use=l&cat=p&typeid=i","cat":284447},{"id":42649,"n":"Crème douche Manava Surgras - 250ml","p":0.94,"u":"3,76 €/L","img":"https://fd14-photos.leclercdrive.fr/image.ashx?id=2456147&use=l&cat=p&typeid=i","cat":284594},{"id":42655,"n":"Huile merveilleuse Garnier Huile d'argan & camélia - 150ml","p":6.08,"u":"40,53 €/L","img":"https://fd14-photos.leclercdrive.fr/image.ashx?id=2661730&use=l&cat=p&typeid=i","cat":284608},{"id":42665,"n":"Gel shampooing douche Fa Men Extreme cool flacon - 250ml","p":1.42,"u":"5,68 €/L","img":"https://fd14-photos.leclercdrive.fr/image.ashx?id=2995094&use=l&cat=p&typeid=i","cat":284621},{"id":42667,"n":"Soin de jour L'Oréal Paris Revitalift Anti-Âge - 50ml","p":13.88,"u":"277,60 €/L","img":"https://fd14-photos.leclercdrive.fr/image.ashx?id=2921876&use=l&cat=p&typeid=i","cat":325345},{"id":42703,"n":"P'tit Basque Istara Fromage de brebis - 220g","p":5.1,"u":"23,18 €/KG","img":"https://fd14-photos.leclercdrive.fr/image.ashx?id=2759876&use=l&cat=p&typeid=i","cat":329184},{"id":42757,"n":"Emmental rapé Eco + 30% MG - 500g","p":3.72,"u":"7,44 €/KG","img":"https://fd14-photos.leclercdrive.fr/image.ashx?id=2942172&use=l&cat=p&typeid=i","cat":314035},{"id":42759,"n":"Copeaux Parmigiano Reggiano AOP Les Croisés - 80g","p":1.9,"u":"23,75 €/KG","img":"https://fd14-photos.leclercdrive.fr/image.ashx?id=2935504&use=l&cat=p&typeid=i","cat":314035},{"id":42788,"n":"Tranchettes de chèvre 32.4% MG Les Croisés - 200g","p":3.1,"u":"15,50 €/KG","img":"https://fd14-photos.leclercdrive.fr/image.ashx?id=2796061&use=l&cat=p&typeid=i","cat":314028},{"id":42789,"n":"Cheddar Les Croisés 32% MG Tranchettes - 200g","p":2.64,"u":"13,20 €/KG","img":"https://fd14-photos.leclercdrive.fr/image.ashx?id=2796064&use=l&cat=p&typeid=i","cat":314028},{"id":42798,"n":"Miel de fleurs d'Oranger Nid d'Abeille - 250g","p":2.99,"u":"11,96 €/KG","img":"https://fd14-photos.leclercdrive.fr/image.ashx?id=2434242&use=l&cat=p&typeid=i","cat":287643},{"id":42800,"n":"Vodka Smirnoff Ice 4D 4%vol - 70cl","p":2.89,"u":"4,13 €/L","img":"https://fd14-photos.leclercdrive.fr/image.ashx?id=2111082&use=l&cat=p&typeid=i","cat":284550},{"id":42809,"n":"Berlingots de javel Clair Eucalyptus - 3x250ml","p":1.3,"u":"1,73 €/L","img":"https://fd14-photos.leclercdrive.fr/image.ashx?id=2949194&use=l&cat=p&typeid=i","cat":284661},{"id":42846,"n":"Cacahuètes Menguy's Grillées et salées - 800g","p":5.45,"u":"6,81 €/KG","img":"https://fd14-photos.leclercdrive.fr/image.ashx?id=2979800&use=l&cat=p&typeid=i","cat":284448},{"id":42858,"n":"Eau gazeuse Vichy Célestins - 6x50cl","p":2.5,"u":"0,83 €/L","img":"https://fd14-photos.leclercdrive.fr/image.ashx?id=2991933&use=l&cat=p&typeid=i","cat":284536},{"id":42872,"n":"Jus innocent pomme framboise 900ml","p":2.7,"u":"3,00 €/L","img":"https://fd14-photos.leclercdrive.fr/image.ashx?id=2862877&use=l&cat=p&typeid=i","cat":285435},{"id":42874,"n":"Jus innocent poire pêche 900ml","p":2.7,"u":"3,00 €/L","img":"https://fd14-photos.leclercdrive.fr/image.ashx?id=2893000&use=l&cat=p&typeid=i","cat":285435},{"id":42876,"n":"Jus innocent pomme mangue 900ml","p":2.7,"u":"3,00 €/L","img":"https://fd14-photos.leclercdrive.fr/image.ashx?id=2892220&use=l&cat=p&typeid=i","cat":285435},{"id":42938,"n":"Soupe instantanée Royco  Bouillon de Volailles 3x200ml","p":1.33,"u":"41,56 €/KG","img":"https://fd14-photos.leclercdrive.fr/image.ashx?id=2651423&use=l&cat=p&typeid=i","cat":293527},{"id":42964,"n":"Os à mâcher Lydog Fourrés boeuf - 2x100g","p":2.26,"u":"11,30 €/KG","img":"https://fd14-photos.leclercdrive.fr/image.ashx?id=1947283&use=l&cat=p&typeid=i","cat":294527},{"id":42965,"n":"Pepites de chocolat au lait Tablier Blanc - 100g","p":2.04,"u":"20,40 €/KG","img":"https://fd14-photos.leclercdrive.fr/image.ashx?id=2723141&use=l&cat=p&typeid=i","cat":284504},{"id":42966,"n":"Haricots verts Notre Jardin Extra fins - 455g","p":1.97,"u":"4,33 €/KG","img":"https://fd14-photos.leclercdrive.fr/image.ashx?id=2988084&use=l&cat=p&typeid=i","cat":312606},{"id":42967,"n":"Haricots verts Notre Jardin Extra fins vapeur - 225g","p":1.6,"u":"7,11 €/KG","img":"https://fd14-photos.leclercdrive.fr/image.ashx?id=1964999&use=l&cat=p&typeid=i","cat":312606},{"id":42968,"n":"Petits pois doux Notre Jardin Vapeur - 530g","p":2.52,"u":"4,75 €/KG","img":"https://fd14-photos.leclercdrive.fr/image.ashx?id=2028525&use=l&cat=p&typeid=i","cat":312607},{"id":42969,"n":"Petits pois doux Notre Jardin Vapeur - 265g","p":1.28,"u":"4,83 €/KG","img":"https://fd14-photos.leclercdrive.fr/image.ashx?id=2028528&use=l&cat=p&typeid=i","cat":312607},{"id":42974,"n":"Haricots rouges Notre Jardin A la mexicaine - 800g","p":2.42,"u":"3,03 €/KG","img":"https://fd14-photos.leclercdrive.fr/image.ashx?id=3002614&use=l&cat=p&typeid=i","cat":312612},{"id":43000,"n":"Pulpe de tomate Bio Village Bio - 500g","p":1.96,"u":"3,92 €/KG","img":"https://fd14-photos.leclercdrive.fr/image.ashx?id=2442136&use=l&cat=p&typeid=i","cat":288384},{"id":43009,"n":"Biscuits fourrés P'tit Deli Noisette - 225g","p":1.38,"u":"6,13 €/KG","img":"https://fd14-photos.leclercdrive.fr/image.ashx?id=2202419&use=l&cat=p&typeid=i","cat":284488},{"id":43016,"n":"Asperges blanches moyennes Notre Jardin - 205g","p":1.99,"u":"9,71 €/KG","img":"https://fd14-photos.leclercdrive.fr/image.ashx?id=2049058&use=l&cat=p&typeid=i","cat":312611},{"id":43017,"n":"Betterave en Dés Notre Jardin 265g","p":1.02,"u":"3,85 €/KG","img":"https://fd14-photos.leclercdrive.fr/image.ashx?id=1993203&use=l&cat=p&typeid=i","cat":312611},{"id":43019,"n":"Biscuits animaux P'tit Déli Nappés chocolat lait - 225g","p":1.64,"u":"7,29 €/KG","img":"https://fd14-photos.leclercdrive.fr/image.ashx?id=2529602&use=l&cat=p&typeid=i","cat":284488},{"id":43022,"n":"Consigne Clairgaz Gaz : Butane - 6kg","p":5.0,"img":"https://fd14-photos.leclercdrive.fr/image.ashx?id=796466&use=l&cat=p&typeid=i","cat":335916},{"id":43024,"n":"Consigne Clairgaz Gaz : Propane - 11kg","p":5.0,"img":"https://fd14-photos.leclercdrive.fr/image.ashx?id=796470&use=l&cat=p&typeid=i","cat":335916},{"id":43049,"n":"Steak haché charolais Férial  15%mg x4 - 400g","p":5.99,"u":"14,98 €/KG","img":"https://fd14-photos.leclercdrive.fr/image.ashx?id=2823762&use=l&cat=p&typeid=i","cat":319778},{"id":43197,"n":"Tartine Grilletine de Pasquier Briochées - x18 - 242g","p":1.75,"u":"7,23 €/KG","img":"https://fd14-photos.leclercdrive.fr/image.ashx?id=2333054&use=l&cat=p&typeid=i","cat":284479},{"id":43218,"n":"Pains au lait Pasquier x20 - 700g","p":2.71,"u":"3,87 €/KG","img":"https://fd14-photos.leclercdrive.fr/image.ashx?id=2609315&use=l&cat=p&typeid=i","cat":293505},{"id":43237,"n":"Lotion démaquillante Inell Douceur yeux - 150ml","p":1.29,"u":"8,60 €/L","img":"https://fd14-photos.leclercdrive.fr/image.ashx?id=1993197&use=l&cat=p&typeid=i","cat":284603},{"id":43247,"n":"Tuiles apéritives Tokapi Poulet braisé - 170g","p":1.55,"u":"9,12 €/KG","img":"https://fd14-photos.leclercdrive.fr/image.ashx?id=2609580&use=l&cat=p&typeid=i","cat":287899},{"id":43287,"n":"Dentifrice Dentamyl Blancheur extrême - 75ml","p":0.95,"u":"12,67 €/L","img":"https://fd14-photos.leclercdrive.fr/image.ashx?id=2613837&use=l&cat=p&typeid=i","cat":284612},{"id":43304,"n":"Semoule au lait La Laitière Nature - 4x115g","p":1.8,"u":"3,91 €/KG","img":"https://fd14-photos.leclercdrive.fr/image.ashx?id=2686543&use=l&cat=p&typeid=i","cat":284418},{"id":43309,"n":"Dessert végétal Sojasun  Chocolat - 6x100g","p":2.45,"u":"4,08 €/KG","img":"https://fd14-photos.leclercdrive.fr/image.ashx?id=2355692&use=l&cat=p&typeid=i","cat":316071},{"id":43310,"n":"Dessert végétal Sojasun Vanille - 6x100g","p":2.45,"u":"4,08 €/KG","img":"https://fd14-photos.leclercdrive.fr/image.ashx?id=2355695&use=l&cat=p&typeid=i","cat":316071},{"id":43341,"n":"Thon mariné Petit Navire Basilic - 110g","p":2.0,"u":"18,18 €/KG","img":"https://fd14-photos.leclercdrive.fr/image.ashx?id=2542965&use=l&cat=p&typeid=i","cat":303867},{"id":43344,"n":"Coriandre France Sainte Lucie Flacon 8g","p":1.65,"u":"206,25 €/KG","img":"https://fd14-photos.leclercdrive.fr/image.ashx?id=2774301&use=l&cat=p&typeid=i","cat":298297},{"id":43358,"n":"Sel fin Eco+ Boîte verseuse - 750g","p":0.53,"u":"0,71 €/KG","img":"https://fd14-photos.leclercdrive.fr/image.ashx?id=2050582&use=l&cat=p&typeid=i","cat":284457},{"id":43371,"n":"AOC Saint-Nicolas-de-Bourgueil vin rouge Les Caractères - 75cl","p":4.99,"u":"6,65 €/L","img":"https://fd14-photos.leclercdrive.fr/image.ashx?id=2894734&use=l&cat=p&typeid=i","cat":289556},{"id":43372,"n":"AOP Saumur-Champigny vin rouge Les Caractères - 75cl","p":4.99,"u":"6,65 €/L","img":"https://fd14-photos.leclercdrive.fr/image.ashx?id=2691342&use=l&cat=p&typeid=i","cat":289556},{"id":43374,"n":"AOC Bordeaux BIO vin rouge Chantet Blanet - 75cl","p":4.77,"u":"6,36 €/L","img":"https://fd14-photos.leclercdrive.fr/image.ashx?id=2188805&use=l&cat=p&typeid=i","cat":289556},{"id":43381,"n":"Dessert liégeois Viennois  Chocolat - 12x100g","p":3.85,"u":"3,21 €/KG","img":"https://fd14-photos.leclercdrive.fr/image.ashx?id=2875987&use=l&cat=p&typeid=i","cat":285042},{"id":43394,"n":"Spaghetti  Tradizioni d'Italia n°118  Pasta di Gragnano 500g","p":1.73,"u":"3,46 €/KG","img":"https://fd14-photos.leclercdrive.fr/image.ashx?id=2657301&use=l&cat=p&typeid=i","cat":284427},{"id":43396,"n":"Farfalle Tradizioni d'Italia N°210 - 500g","p":1.79,"u":"3,58 €/KG","img":"https://fd14-photos.leclercdrive.fr/image.ashx?id=2657304&use=l&cat=p&typeid=i","cat":284427},{"id":43407,"n":"Glace à l'eau Smicy Star  Framboise Orange Citron x8 480g","p":2.59,"u":"5,40 €/KG","img":"https://fd14-photos.leclercdrive.fr/image.ashx?id=2751904&use=l&cat=p&typeid=i","cat":285250},{"id":43408,"n":"AOP Chinon vin rouge Les Caractères - 75cl","p":4.95,"u":"6,60 €/L","img":"https://fd14-photos.leclercdrive.fr/image.ashx?id=2236350&use=l&cat=p&typeid=i","cat":289556},{"id":43409,"n":"AOP Côtes de Bergerac moelleux Terrasses d'Autan - 75cl","p":3.7,"u":"4,93 €/L","img":"https://fd14-photos.leclercdrive.fr/image.ashx?id=2031706&use=l&cat=p&typeid=i","cat":289557},{"id":43419,"n":"IGP Pays d'oc rosé Roche Mazet Merlot 12% vol - 75 cl","p":2.95,"u":"3,93 €/L","img":"https://fd14-photos.leclercdrive.fr/image.ashx?id=2342045&use=l&cat=p&typeid=i","cat":289558},{"id":43509,"n":"Ktipiti Tables du Monde 200g","p":1.69,"u":"8,45 €/KG","img":"https://fd14-photos.leclercdrive.fr/image.ashx?id=2872448&use=l&cat=p&typeid=i","cat":315999},{"id":43514,"n":"Limonade Bouteille - 1.5L","p":1.25,"u":"0,83 €/L","img":"https://fd14-photos.leclercdrive.fr/image.ashx?id=2558553&use=l&cat=p&typeid=i","cat":284531},{"id":43586,"n":"Steak de boeuf **  à griller x2 - 300g","p":5.37,"u":"17,90 €/KG","img":"https://fd14-photos.leclercdrive.fr/image.ashx?id=659550&use=l&cat=p&typeid=i","cat":284328},{"id":43589,"n":"Consigne Sodastream Pour la recharge CO2 60L","p":29.9,"img":"https://fd14-photos.leclercdrive.fr/image.ashx?id=802695&use=l&cat=p&typeid=i","cat":335916},{"id":43604,"n":"Jus d'orange Jafaden Sans pulpe - 1.5L","p":3.13,"u":"2,09 €/L","img":"https://fd14-photos.leclercdrive.fr/image.ashx?id=2723147&use=l&cat=p&typeid=i","cat":285435},{"id":43605,"n":"Jus de clémentine Jafaden  1.5L","p":2.99,"u":"1,99 €/L","img":"https://fd14-photos.leclercdrive.fr/image.ashx?id=2723150&use=l&cat=p&typeid=i","cat":285435},{"id":43618,"n":"Flocons d'avoine Quaker Oats 550g","p":1.65,"u":"3,00 €/KG","img":"https://fd14-photos.leclercdrive.fr/image.ashx?id=2140656&use=l&cat=p&typeid=i","cat":309512},{"id":43619,"n":"AOC Blaye Côtes de Bordeaux vin rouge Chantet Blanet - 75cl","p":3.8,"u":"5,07 €/L","img":"https://fd14-photos.leclercdrive.fr/image.ashx?id=2298266&use=l&cat=p&typeid=i","cat":289556},{"id":43621,"n":"Liquide vaisselle Uni vert Ecologique PSS 500ml","p":1.15,"u":"2,30 €/L","img":"https://fd14-photos.leclercdrive.fr/image.ashx?id=2999508&use=l&cat=p&typeid=i","cat":284655},{"id":43623,"n":"AOC Bordeaux vin rouge Chantet Blanet - 37,5cl","p":1.99,"u":"5,31 €/L","img":"https://fd14-photos.leclercdrive.fr/image.ashx?id=2213317&use=l&cat=p&typeid=i","cat":289556},{"id":43643,"n":"Porc : Rouelle de jambon  800g","p":4.92,"u":"6,15 €/KG","img":"https://fd14-photos.leclercdrive.fr/image.ashx?id=811046&use=l&cat=p&typeid=i","cat":284331},{"id":43646,"n":"Pot au feu de boeuf ** à mijoter - 1kg","p":7.9,"u":"7,90 €/KG","img":"https://fd14-photos.leclercdrive.fr/image.ashx?id=2117918&use=l&cat=p&typeid=i","cat":284328},{"id":43674,"n":"Dessert normand : La teurgoule Caramel - 750g","p":2.95,"u":"3,93 €/KG","img":"https://fd14-photos.leclercdrive.fr/image.ashx?id=819528&use=l&cat=p&typeid=i","cat":284418},{"id":43675,"n":"Dessert normand : La teurgoule Vanille - 750g","p":2.95,"u":"3,93 €/KG","img":"https://fd14-photos.leclercdrive.fr/image.ashx?id=819938&use=l&cat=p&typeid=i","cat":284418},{"id":43707,"n":"Laque Ultra-Forte L'Oréal Paris Thermoprotecteur - 150ml","p":5.15,"u":"34,33 €/L","img":"https://fd14-photos.leclercdrive.fr/image.ashx?id=2582237&use=l&cat=p&typeid=i","cat":284609},{"id":43756,"n":"Avocat Hass           2x1p","p":1.89,"u":"0,95 €/P","img":"https://fd14-photos.leclercdrive.fr/image.ashx?id=1633691&use=l&cat=p&typeid=i","cat":284352},{"id":43761,"n":"Flacon persil de France 7g","p":1.4,"u":"200,00 €/KG","img":"https://fd14-photos.leclercdrive.fr/image.ashx?id=2973583&use=l&cat=p&typeid=i","cat":298297},{"id":43763,"n":"Safran en poudre 4x0.1g","p":4.1,"img":"https://fd14-photos.leclercdrive.fr/image.ashx?id=2774424&use=l&cat=p&typeid=i","cat":298297},{"id":43771,"n":"Spray démelant  200ml","p":2.55,"u":"12,75 €/L","img":"https://fd14-photos.leclercdrive.fr/image.ashx?id=2712986&use=l&cat=p&typeid=i","cat":284608},{"id":43781,"n":"Céréales Extra Kellogg's Chocolat Noir Noisettes - 800g","p":5.54,"u":"6,93 €/KG","img":"https://fd14-photos.leclercdrive.fr/image.ashx?id=2775026&use=l&cat=p&typeid=i","cat":309512},{"id":43816,"n":"Gourmandise Novi 198g","p":8.49,"pp":5.6,"u":"28,28 €/KG","img":"https://fd14-photos.leclercdrive.fr/image.ashx?id=2615179&use=l&cat=p&typeid=i","cat":327595},{"id":43818,"n":"Pralines Raffaello Noix de coco amandes x30 - 300g","p":9.25,"u":"30,83 €/KG","img":"https://fd14-photos.leclercdrive.fr/image.ashx?id=2922197&use=l&cat=p&typeid=i","cat":327595},{"id":44010,"n":"Soda Breizh Cola Bouteille - 1,5L","p":1.85,"u":"1,23 €/L","img":"https://fd14-photos.leclercdrive.fr/image.ashx?id=2458670&use=l&cat=p&typeid=i","cat":284530},{"id":44011,"n":"Soda Breizh Cola Bouteille - 6x1,5L","p":11.64,"u":"1,29 €/L","img":"https://fd14-photos.leclercdrive.fr/image.ashx?id=1654086&use=l&cat=p&typeid=i","cat":284530},{"id":44039,"n":"Soufflés Grignot' Tokapi Barbecue - 90g","p":0.99,"u":"11,00 €/KG","img":"https://fd14-photos.leclercdrive.fr/image.ashx?id=2059486&use=l&cat=p&typeid=i","cat":284449},{"id":44040,"n":"Soufflé grignot' Tokapi  jambon fromage 90g","p":0.89,"u":"9,89 €/KG","img":"https://fd14-photos.leclercdrive.fr/image.ashx?id=803076&use=l&cat=p&typeid=i","cat":284449},{"id":44057,"n":"Soufflés Tornades 3D Goût emmental - 85g","p":0.69,"u":"8,12 €/KG","img":"https://fd14-photos.leclercdrive.fr/image.ashx?id=2900139&use=l&cat=p&typeid=i","cat":284449},{"id":44081,"n":"Eau aromatisée Volvic Juicy Fraise - 1,5L","p":1.35,"u":"0,90 €/L","img":"https://fd14-photos.leclercdrive.fr/image.ashx?id=2964664&use=l&cat=p&typeid=i","cat":284537},{"id":44082,"n":"Eau aromatisée Volvic juicy Fruits exotiques - 1,5L","p":1.35,"u":"0,90 €/L","img":"https://fd14-photos.leclercdrive.fr/image.ashx?id=2964667&use=l&cat=p&typeid=i","cat":284537},{"id":44083,"n":"Eau gazeuse  Badoit verte finement pétillante - 6x1l","p":3.6,"u":"0,60 €/L","img":"https://fd14-photos.leclercdrive.fr/image.ashx?id=2919259&use=l&cat=p&typeid=i","cat":284536},{"id":44091,"n":"AOC Côtes du Rhône Villages vin rouge Rives & Terrasses - 75cl","p":3.89,"u":"5,19 €/L","img":"https://fd14-photos.leclercdrive.fr/image.ashx?id=2967570&use=l&cat=p&typeid=i","cat":289556},{"id":44096,"n":"Fond pour rotis 110g","p":2.16,"u":"19,64 €/KG","img":"https://fd14-photos.leclercdrive.fr/image.ashx?id=2188691&use=l&cat=p&typeid=i","cat":288379},{"id":44166,"n":"Vinaigre de Riz Tanoshi Flacon 150ml","p":2.45,"u":"16,33 €/L","img":"https://fd14-photos.leclercdrive.fr/image.ashx?id=2907982&use=l&cat=p&typeid=i","cat":288992},{"id":44168,"n":"Guacamole en pot 300g","p":1.75,"u":"5,83 €/KG","img":"https://fd14-photos.leclercdrive.fr/image.ashx?id=2466072&use=l&cat=p&typeid=i","cat":288993},{"id":44170,"n":"Assaisonnement pour Fajitas Mélange d'épices - 30g","p":1.06,"u":"35,33 €/KG","img":"https://fd14-photos.leclercdrive.fr/image.ashx?id=2477565&use=l&cat=p&typeid=i","cat":288993},{"id":44171,"n":"6 wraps de blé nature 370g","p":1.95,"u":"5,27 €/KG","img":"https://fd14-photos.leclercdrive.fr/image.ashx?id=2679741&use=l&cat=p&typeid=i","cat":288993},{"id":44173,"n":"Après-shampooing Nateis Cheveux colorés - 250ml","p":1.63,"u":"6,52 €/L","img":"https://fd14-photos.leclercdrive.fr/image.ashx?id=2626808&use=l&cat=p&typeid=i","cat":284607},{"id":44174,"n":"Après-shampooing doux Nateis Cheveux secs - 250ml","p":1.31,"u":"5,24 €/KG","img":"https://fd14-photos.leclercdrive.fr/image.ashx?id=2626811&use=l&cat=p&typeid=i","cat":284607},{"id":44175,"n":"Masque nourrisant Natéïs Cheuveux secs et frisés - 300ml","p":2.45,"u":"8,17 €/L","img":"https://fd14-photos.leclercdrive.fr/image.ashx?id=1875848&use=l&cat=p&typeid=i","cat":284608},{"id":44183,"n":"Tortillas Old El Paso de blé nature x8 - 326g","p":2.25,"u":"6,90 €/KG","img":"https://fd14-photos.leclercdrive.fr/image.ashx?id=2737642&use=l&cat=p&typeid=i","cat":288993},{"id":44185,"n":"Kit Burritos Old El Paso Original paprika doux - 510g","p":4.8,"u":"9,41 €/KG","img":"https://fd14-photos.leclercdrive.fr/image.ashx?id=2940579&use=l&cat=p&typeid=i","cat":288993},{"id":44186,"n":"Kit Enchiladas Old El Paso au four doux - 657g","p":4.7,"u":"7,15 €/KG","img":"https://fd14-photos.leclercdrive.fr/image.ashx?id=2759502&use=l&cat=p&typeid=i","cat":288993},{"id":44195,"n":"Détachant avant lavage K2R  Action complète pistolet -750ml","p":3.15,"u":"4,20 €/L","img":"https://fd14-photos.leclercdrive.fr/image.ashx?id=2101180&use=l&cat=p&typeid=i","cat":284651},{"id":44197,"n":"Couches Activ+ Mots d'Enfants T4 : 7/18kg - x39 changes","p":12.89,"u":"0,33 €/P","img":"https://fd14-photos.leclercdrive.fr/image.ashx?id=2934715&use=l&cat=p&typeid=i","cat":284737},{"id":44216,"n":"Mousse aux cèpes Tradilège et champignons noirs 180g","p":1.35,"u":"7,50 €/KG","img":"https://fd14-photos.leclercdrive.fr/image.ashx?id=2852282&use=l&cat=p&typeid=i","cat":316008},{"id":44231,"n":"Estragon de france Sainte Lucie flacon 11g","p":1.95,"u":"177,27 €/KG","img":"https://fd14-photos.leclercdrive.fr/image.ashx?id=2774292&use=l&cat=p&typeid=i","cat":298297},{"id":44233,"n":"Poivre vert nature Sainte Lucie verrine 60g","p":3.1,"u":"51,67 €/KG","img":"https://fd14-photos.leclercdrive.fr/image.ashx?id=1867042&use=l&cat=p&typeid=i","cat":284457},{"id":44273,"n":"Miettes de thon Petit Navire À l'huile d'olive - 160g","p":2.3,"u":"14,38 €/KG","img":"https://fd14-photos.leclercdrive.fr/image.ashx?id=2519642&use=l&cat=p&typeid=i","cat":303867},{"id":44279,"n":"Fromage apéritif Apericube Panier de campagne 24 cubes","p":2.25,"u":"18,00 €/KG","img":"https://fd14-photos.leclercdrive.fr/image.ashx?id=2882656&use=l&cat=p&typeid=i","cat":314027},{"id":44293,"n":"Emmental râpé  Entremont  français 160g","p":1.78,"u":"11,13 €/KG","img":"https://fd14-photos.leclercdrive.fr/image.ashx?id=2983153&use=l&cat=p&typeid=i","cat":314035},{"id":44296,"n":"Fromage Rouy 25%mg - 200g","p":3.05,"u":"15,25 €/KG","img":"https://fd14-photos.leclercdrive.fr/image.ashx?id=2450814&use=l&cat=p&typeid=i","cat":329558},{"id":44298,"n":"L'Ortolan familial  Fromagerie Milleret-  330g","p":3.2,"u":"9,70 €/KG","img":"https://fd14-photos.leclercdrive.fr/image.ashx?id=2226400&use=l&cat=p&typeid=i","cat":314033},{"id":44299,"n":"Fromage à Tartiner Tartare  Ail et fines herbes - 250g","p":2.79,"u":"11,16 €/KG","img":"https://fd14-photos.leclercdrive.fr/image.ashx?id=2903170&use=l&cat=p&typeid=i","cat":314029},{"id":44300,"n":"Mini bûches de chèvre Soignon x6 - 150g","p":2.7,"u":"18,00 €/KG","img":"https://fd14-photos.leclercdrive.fr/image.ashx?id=2646560&use=l&cat=p&typeid=i","cat":314030},{"id":44307,"n":"Fromage Tomme noire NRT IGP  des Pyrénées - 200g","p":2.39,"u":"11,95 €/KG","img":"https://fd14-photos.leclercdrive.fr/image.ashx?id=2849596&use=l&cat=p&typeid=i","cat":329184},{"id":44326,"n":"Cidre fermier brut Henriot 4.5%vol. - 75cl","p":2.5,"u":"3,33 €/L","img":"https://fd14-photos.leclercdrive.fr/image.ashx?id=2461929&use=l&cat=p&typeid=i","cat":334880},{"id":44327,"n":"Vin Union Européenne rosé Le Tonnelier - BIB 5L","p":8.9,"u":"1,78 €/L","img":"https://fd14-photos.leclercdrive.fr/image.ashx?id=2107474&use=l&cat=p&typeid=i","cat":289560},{"id":44330,"n":"IGP Pays d'Oc blanc Roche Mazet Chardonnay 12% vol BIB 3L","p":11.3,"u":"3,77 €/L","img":"https://fd14-photos.leclercdrive.fr/image.ashx?id=2597130&use=l&cat=p&typeid=i","cat":289557},{"id":44340,"n":"Cire cheveux Taft Effet mat tenue forte - 75ml","p":3.26,"u":"43,47 €/L","img":"https://fd14-photos.leclercdrive.fr/image.ashx?id=2410937&use=l&cat=p&typeid=i","cat":284609},{"id":44342,"n":"Eau de cologne Bien Etre  Verveine, Romarin - 250ml","p":4.44,"u":"17,76 €/L","img":"https://fd14-photos.leclercdrive.fr/image.ashx?id=2353668&use=l&cat=p&typeid=i","cat":291525},{"id":44349,"n":"Mélange de matières grasses Le Fleurier - 53%mg-1/2sel-510g","p":3.7,"u":"7,25 €/KG","img":"https://fd14-photos.leclercdrive.fr/image.ashx?id=2978026&use=l&cat=p&typeid=i","cat":315229},{"id":44350,"n":"Matière grasse 55%MG Primevère à tartiner - 1/2sel - 500g","p":3.3,"u":"6,60 €/KG","img":"https://fd14-photos.leclercdrive.fr/image.ashx?id=1740281&use=l&cat=p&typeid=i","cat":315229},{"id":44351,"n":"Margarine Le Fleurier  1/2sel - 250g","p":1.95,"u":"7,80 €/KG","img":"https://fd14-photos.leclercdrive.fr/image.ashx?id=2734069&use=l&cat=p&typeid=i","cat":315229},{"id":44355,"n":"Sandwich Baguette Mega Viennois  Sodebo Poulet Œuf - 270g","p":1.75,"u":"6,48 €/KG","img":"https://fd14-photos.leclercdrive.fr/image.ashx?id=2732392&use=l&cat=p&typeid=i","cat":333658},{"id":44357,"n":"Sauce Hollandaise Gastromer Gastronomie de la mer - 200g","p":1.4,"u":"7,00 €/KG","img":"https://fd14-photos.leclercdrive.fr/image.ashx?id=2504659&use=l&cat=p&typeid=i","cat":284382},{"id":44361,"n":"Chocolat Pâtissier Nestlé Dessert : Noir - 205g","p":3.0,"u":"14,63 €/KG","img":"https://fd14-photos.leclercdrive.fr/image.ashx?id=2938920&use=l&cat=p&typeid=i","cat":285562},{"id":44364,"n":"Bonbon Alpin Fresh Ricola Sans sucres - 50g","p":1.55,"u":"31,00 €/KG","img":"https://fd14-photos.leclercdrive.fr/image.ashx?id=2387831&use=l&cat=p&typeid=i","cat":304256},{"id":44384,"n":"Saumon fumé Ronde des Mers MSC Alaska x2T - 60g","p":3.85,"u":"64,17 €/KG","img":"https://fd14-photos.leclercdrive.fr/image.ashx?id=2837698&use=l&cat=p&typeid=i","cat":285188},{"id":44387,"n":"AOP Morbier  200g","p":3.7,"u":"18,50 €/KG","img":"https://fd14-photos.leclercdrive.fr/image.ashx?id=2495520&use=l&cat=p&typeid=i","cat":329184},{"id":44390,"n":"AOP Saint-Nectaire  200g","p":3.8,"u":"19,00 €/KG","img":"https://fd14-photos.leclercdrive.fr/image.ashx?id=2505576&use=l&cat=p&typeid=i","cat":329184},{"id":44395,"n":"Beurre Les Eleveurs de Bretagne Demi-sel Extra fin -80% MG 250g","p":2.6,"u":"10,40 €/KG","img":"https://fd14-photos.leclercdrive.fr/image.ashx?id=2127832&use=l&cat=p&typeid=i","cat":284379},{"id":44423,"n":"IGP Côtes de Gascogne blanc Domus UBY 11,5% vol - 75cl","p":4.7,"u":"6,27 €/L","img":"https://fd14-photos.leclercdrive.fr/image.ashx?id=2108915&use=l&cat=p&typeid=i","cat":289557},{"id":44434,"n":"Nectar Bio Pressade Multifruits - 1,5L","p":2.25,"u":"1,50 €/L","img":"https://fd14-photos.leclercdrive.fr/image.ashx?id=2732533&use=l&cat=p&typeid=i","cat":284917},{"id":44469,"n":"Mousse de canard Tradilège 150g","p":1.54,"u":"10,27 €/KG","img":"https://fd14-photos.leclercdrive.fr/image.ashx?id=2840416&use=l&cat=p&typeid=i","cat":316008},{"id":44470,"n":"Pâté de campagne Tradilège 150g","p":1.33,"u":"8,87 €/KG","img":"https://fd14-photos.leclercdrive.fr/image.ashx?id=2840413&use=l&cat=p&typeid=i","cat":316008},{"id":44475,"n":"Saucisson ail fumé Tradilège au porc 16tranches 150g","p":2.21,"u":"14,73 €/KG","img":"https://fd14-photos.leclercdrive.fr/image.ashx?id=2933355&use=l&cat=p&typeid=i","cat":316006},{"id":44567,"n":"Oeufs de Nos Régions Plein air Oméga 3 - x6","p":1.52,"u":"0,25 €/P","img":"https://fd14-photos.leclercdrive.fr/image.ashx?id=2969782&use=l&cat=p&typeid=i","cat":284378},{"id":44568,"n":"Oeufs frais De Nos Régions  Oméga 3 - Plein Air - x12","p":2.88,"u":"0,24 €/P","img":"https://fd14-photos.leclercdrive.fr/image.ashx?id=2969785&use=l&cat=p&typeid=i","cat":284378},{"id":44572,"n":"AOC Bordeaux Supérieur vin rouge Chantet Blanet - 75cl","p":3.49,"u":"4,65 €/L","img":"https://fd14-photos.leclercdrive.fr/image.ashx?id=2236338&use=l&cat=p&typeid=i","cat":289556},{"id":44578,"n":"Madeleines Saint Michel Pépites chocolat 400g","p":1.98,"u":"4,95 €/KG","img":"https://fd14-photos.leclercdrive.fr/image.ashx?id=2936200&use=l&cat=p&typeid=i","cat":284492},{"id":44657,"n":"Bière blonde Leffe Rituel 9% - 12x25cl","p":10.05,"u":"3,35 €/L","img":"https://fd14-photos.leclercdrive.fr/image.ashx?id=2548288&use=l&cat=p&typeid=i","cat":334852},{"id":44685,"n":"Chaussettes Homme ultra courtes Sport,  blanc T39/42 - x3","p":4.65,"u":"1,55 €/P","img":"https://fd14-photos.leclercdrive.fr/image.ashx?id=816730&use=l&cat=p&typeid=i","cat":334130},{"id":44688,"n":"Chaussettes Homme ultra courtes Noir T39/42 - x3","p":4.65,"u":"1,55 €/P","img":"https://fd14-photos.leclercdrive.fr/image.ashx?id=805719&use=l&cat=p&typeid=i","cat":334130},{"id":44689,"n":"Chaussettes Homme ultra courtes Noir T43/45 - x3","p":4.65,"u":"1,55 €/P","img":"https://fd14-photos.leclercdrive.fr/image.ashx?id=805719&use=l&cat=p&typeid=i","cat":334130},{"id":44691,"n":"Socquette sport Homme Blanc T39/42 - x3","p":4.8,"u":"1,60 €/P","img":"https://fd14-photos.leclercdrive.fr/image.ashx?id=816726&use=l&cat=p&typeid=i","cat":334130},{"id":44695,"n":"Socquette sport Homme Noir T43/45 - x3","p":4.8,"u":"1,60 €/P","img":"https://fd14-photos.leclercdrive.fr/image.ashx?id=805699&use=l&cat=p&typeid=i","cat":334130},{"id":44700,"n":"Chaussettes sport Homme Tissaia Mi-haute Noir T39/42 - x3","p":4.75,"u":"1,58 €/P","img":"https://fd14-photos.leclercdrive.fr/image.ashx?id=805679&use=l&cat=p&typeid=i","cat":334130},{"id":44706,"n":"Palets bretons P'tit Déli 2x125g","p":1.84,"u":"7,36 €/KG","img":"https://fd14-photos.leclercdrive.fr/image.ashx?id=1070883&use=l&cat=p&typeid=i","cat":284487},{"id":44732,"n":"Brunoise Notre Jardin méditerranéens 600g","p":3.5,"u":"5,83 €/KG","img":"https://fd14-photos.leclercdrive.fr/image.ashx?id=2873150&use=l&cat=p&typeid=i","cat":319823},{"id":44736,"n":"Blanquette volaille Côté Table 900g","p":4.4,"u":"4,89 €/KG","img":"https://fd14-photos.leclercdrive.fr/image.ashx?id=2621934&use=l&cat=p&typeid=i","cat":284254},{"id":44740,"n":"Frites allumettes Pom'lisse 2.5kg","p":4.65,"u":"1,86 €/KG","img":"https://fd14-photos.leclercdrive.fr/image.ashx?id=2699495&use=l&cat=p&typeid=i","cat":319791},{"id":44741,"n":"Riz sushi Table du monde 500g","p":1.19,"u":"2,38 €/KG","img":"https://fd14-photos.leclercdrive.fr/image.ashx?id=2679753&use=l&cat=p&typeid=i","cat":288992},{"id":44747,"n":"Glace Mystère Extrême Vanille Coeur chocolat x4 308g","p":4.6,"u":"14,94 €/KG","img":"https://fd14-photos.leclercdrive.fr/image.ashx?id=2878381&use=l&cat=p&typeid=i","cat":284266},{"id":44748,"n":"Purée de carottes Notre Jardin potirons 750g","p":2.69,"u":"3,59 €/KG","img":"https://fd14-photos.leclercdrive.fr/image.ashx?id=2856190&use=l&cat=p&typeid=i","cat":319805},{"id":44758,"n":"Grattugiato 29% MG Les Croisés  100g","p":1.49,"u":"14,90 €/KG","img":"https://fd14-photos.leclercdrive.fr/image.ashx?id=2806859&use=l&cat=p&typeid=i","cat":314035},{"id":44767,"n":"Dés Gouda cumin Les Croisés 30%MG - 150g","p":1.95,"u":"13,00 €/KG","img":"https://fd14-photos.leclercdrive.fr/image.ashx?id=2532844&use=l&cat=p&typeid=i","cat":314027},{"id":44770,"n":"Steak haché Férial  5%mg x4 - 400g","p":6.95,"u":"17,38 €/KG","img":"https://fd14-photos.leclercdrive.fr/image.ashx?id=3004663&use=l&cat=p&typeid=i","cat":319778},{"id":44865,"n":"Dessert fruits mixés Sojasun Abricot / Goyave - 4x100g","p":1.6,"u":"4,00 €/KG","img":"https://fd14-photos.leclercdrive.fr/image.ashx?id=2355668&use=l&cat=p&typeid=i","cat":316071},{"id":44896,"n":"Café moulu Lobodis  Bolivie Bio - 260g","p":5.78,"u":"22,23 €/KG","img":"https://fd14-photos.leclercdrive.fr/image.ashx?id=2638892&use=l&cat=p&typeid=i","cat":284750},{"id":44933,"n":"Beurre Elle&Vire Condé sur Vire Demi-Sel - 80% MG - 500g","p":5.85,"u":"11,70 €/KG","img":"https://fd14-photos.leclercdrive.fr/image.ashx?id=2851917&use=l&cat=p&typeid=i","cat":284379},{"id":44939,"n":"Mini gratins Côté Table Pomme de terre salardaise 400g","p":3.89,"u":"9,73 €/KG","img":"https://fd14-photos.leclercdrive.fr/image.ashx?id=2641289&use=l&cat=p&typeid=i","cat":319802},{"id":44948,"n":"Pâtes Fetucine Panzani Qualité Pâtes Fraîche - 400G","p":1.55,"u":"3,88 €/KG","img":"https://fd14-photos.leclercdrive.fr/image.ashx?id=2902948&use=l&cat=p&typeid=i","cat":284427},{"id":44963,"n":"Stick lèvres Inell Miss pink - 1 pièce","p":1.69,"img":"https://fd14-photos.leclercdrive.fr/image.ashx?id=2691673&use=l&cat=p&typeid=i","cat":285485},{"id":44964,"n":"Alèses absorbantes Chorys 60x90cm - x16","p":6.99,"u":"0,44 €/P","img":"https://fd14-photos.leclercdrive.fr/image.ashx?id=2860076&use=l&cat=p&typeid=i","cat":284628},{"id":44967,"n":"Culottes bébé Mots d'Enfants  T5 : 12/18kg - x20 changes","p":5.45,"u":"0,27 €/P","img":"https://fd14-photos.leclercdrive.fr/image.ashx?id=2904580&use=l&cat=p&typeid=i","cat":290633},{"id":44968,"n":"Culottes bébé Mots d'Enfants  T6 : 16kg - x18 changes","p":4.99,"u":"0,28 €/P","img":"https://fd14-photos.leclercdrive.fr/image.ashx?id=2907201&use=l&cat=p&typeid=i","cat":290633},{"id":44976,"n":"Masque nourrisant Natéïs Cheveux secs ou abîmés - 300ml","p":2.6,"u":"8,67 €/L","img":"https://fd14-photos.leclercdrive.fr/image.ashx?id=2387340&use=l&cat=p&typeid=i","cat":284608},{"id":44977,"n":"Mousse nettoyante Inell Peaux sensibles 150ml","p":2.99,"u":"19,93 €/L","img":"https://fd14-photos.leclercdrive.fr/image.ashx?id=1993200&use=l&cat=p&typeid=i","cat":284603},{"id":44980,"n":"Gel lave-vaisselle Visior Classique x75 - 1,5L","p":4.75,"u":"3,17 €/L","img":"https://fd14-photos.leclercdrive.fr/image.ashx?id=1544234&use=l&cat=p&typeid=i","cat":284656},{"id":44982,"n":"Papier toilette Lotus Just.1 Rouleaux blancs - x6","p":3.8,"u":"0,63 €/P","img":"https://fd14-photos.leclercdrive.fr/image.ashx?id=2842915&use=l&cat=p&typeid=i","cat":284634},{"id":45002,"n":"Pain de mie Epi d'Or  Croque monsieur - 550g","p":1.45,"u":"2,64 €/KG","img":"https://fd14-photos.leclercdrive.fr/image.ashx?id=2860748&use=l&cat=p&typeid=i","cat":284477},{"id":45005,"n":"Fond de veau Rustica dégraissé 100g","p":2.16,"u":"21,60 €/KG","img":"https://fd14-photos.leclercdrive.fr/image.ashx?id=2979571&use=l&cat=p&typeid=i","cat":288379},{"id":45029,"n":"AOP Vin blanc Muscadet Sèvre & Maine sur Lie - 75cl","p":4.19,"u":"5,59 €/L","img":"https://fd14-photos.leclercdrive.fr/image.ashx?id=2236326&use=l&cat=p&typeid=i","cat":289557},{"id":45048,"n":"AOC Bordeaux Supérieur vin  rouge Chantet Blanet - BIB 3L","p":12.99,"u":"4,33 €/L","img":"https://fd14-photos.leclercdrive.fr/image.ashx?id=1950198&use=l&cat=p&typeid=i","cat":289560},{"id":45052,"n":"Velouté Régal Soupe Potiron Châtaigne - 1L","p":2.46,"u":"2,46 €/L","img":"https://fd14-photos.leclercdrive.fr/image.ashx?id=1648057&use=l&cat=p&typeid=i","cat":284462},{"id":45054,"n":"Soupe Velouté Régal Soupe  Tomate vermicelles 2x30cl","p":1.66,"u":"2,77 €/L","img":"https://fd14-photos.leclercdrive.fr/image.ashx?id=2607575&use=l&cat=p&typeid=i","cat":284462},{"id":45055,"n":"Soupe velouté Régal Soupe Légumes du soleil 2x30cl","p":1.62,"u":"2,70 €/L","img":"https://fd14-photos.leclercdrive.fr/image.ashx?id=2054984&use=l&cat=p&typeid=i","cat":284462},{"id":45101,"n":"Carrés de soin Mots d'Enfants Bébés - x100","p":1.99,"u":"0,02 €/P","img":"https://fd14-photos.leclercdrive.fr/image.ashx?id=3014245&use=l&cat=p&typeid=i","cat":284739},{"id":45102,"n":"Culottes bébé Mots d'Enfants  T4 : 8/15kg - x22 changes","p":5.35,"u":"0,24 €/P","img":"https://fd14-photos.leclercdrive.fr/image.ashx?id=2907198&use=l&cat=p&typeid=i","cat":290633},{"id":45145,"n":"Crème amande cuisine  Bjorg  Bio - 200ml","p":1.55,"u":"7,75 €/L","img":"https://fd14-photos.leclercdrive.fr/image.ashx?id=2851770&use=l&cat=p&typeid=i","cat":288383},{"id":45148,"n":"Boisson végétale épeautre noisette Bjorg Bio - 1L","p":2.35,"u":"2,35 €/L","img":"https://fd14-photos.leclercdrive.fr/image.ashx?id=2960804&use=l&cat=p&typeid=i","cat":316067},{"id":45149,"n":"Boisson végétale lait d'amande  chocolat bjorg bio - 1l","p":2.35,"u":"2,35 €/L","img":"https://fd14-photos.leclercdrive.fr/image.ashx?id=2939412&use=l&cat=p&typeid=i","cat":316067},{"id":45165,"n":"Pots soir bébé bio Babybio Légumes blé - 6 mois - 2x200g","p":2.6,"u":"6,50 €/KG","img":"https://fd14-photos.leclercdrive.fr/image.ashx?id=2827479&use=l&cat=p&typeid=i","cat":312239},{"id":45167,"n":"Flocons avoine bio  Terres et Céréales - 500g","p":1.8,"u":"3,60 €/KG","img":"https://fd14-photos.leclercdrive.fr/image.ashx?id=2471907&use=l&cat=p&typeid=i","cat":309512},{"id":45191,"n":"Couscous Jardin Bio Bio légumes du soleil - 220g","p":2.22,"u":"10,09 €/KG","img":"https://fd14-photos.leclercdrive.fr/image.ashx?id=2535022&use=l&cat=p&typeid=i","cat":287600},{"id":45192,"n":"Pâtes bio Jardin Bio Coquillettes 3 min - 500g","p":1.52,"u":"3,04 €/KG","img":"https://fd14-photos.leclercdrive.fr/image.ashx?id=2939976&use=l&cat=p&typeid=i","cat":284427},{"id":45205,"n":"Biscuits fourrés Bio Bjorg  Chocolat lait noisette - 225g","p":3.76,"u":"16,71 €/KG","img":"https://fd14-photos.leclercdrive.fr/image.ashx?id=2970930&use=l&cat=p&typeid=i","cat":284488},{"id":45212,"n":"Duo de quinoa Jardin Bio  Bio aux légumes - 250g","p":2.35,"u":"9,40 €/KG","img":"https://fd14-photos.leclercdrive.fr/image.ashx?id=2535481&use=l&cat=p&typeid=i","cat":287600},{"id":45213,"n":"Flageolets Jardin Bio  Bio cuisinés - 680g","p":2.83,"u":"4,16 €/KG","img":"https://fd14-photos.leclercdrive.fr/image.ashx?id=2918319&use=l&cat=p&typeid=i","cat":312606},{"id":45243,"n":"Lait de coco fluide Bio Bjorg 200ml","p":1.82,"u":"9,10 €/L","img":"https://fd14-photos.leclercdrive.fr/image.ashx?id=2752995&use=l&cat=p&typeid=i","cat":288992},{"id":45244,"n":"boisson végétale lait d'amande  bio bjorg 1l","p":2.15,"u":"2,15 €/L","img":"https://fd14-photos.leclercdrive.fr/image.ashx?id=2967067&use=l&cat=p&typeid=i","cat":316067},{"id":45245,"n":"Boisson végétale lait d'amande  vanille bjorg bio - 1l","p":2.25,"u":"2,25 €/L","img":"https://fd14-photos.leclercdrive.fr/image.ashx?id=2991978&use=l&cat=p&typeid=i","cat":316067},{"id":45250,"n":"Infusion bio Jardin Bio Tilleul Oranger - x20 - 30g","p":2.05,"u":"68,33 €/KG","img":"https://fd14-photos.leclercdrive.fr/image.ashx?id=2792657&use=l&cat=p&typeid=i","cat":293234},{"id":45252,"n":"Lentilles Jardin Bio  Bio façon petit salé - 250g","p":1.84,"u":"7,36 €/KG","img":"https://fd14-photos.leclercdrive.fr/image.ashx?id=2535019&use=l&cat=p&typeid=i","cat":287600},{"id":45254,"n":"Infusion Clipper Bio - Citron gingembre - 50g","p":2.4,"u":"48,00 €/KG","img":"https://fd14-photos.leclercdrive.fr/image.ashx?id=2909176&use=l&cat=p&typeid=i","cat":293234},{"id":45261,"n":"Orge riz rouge bio Céréal Bio  lentilles repas express-220g","p":1.85,"u":"7,40 €/KG","img":"https://fd14-photos.leclercdrive.fr/image.ashx?id=2574080&use=l&cat=p&typeid=i","cat":287600},{"id":45262,"n":"Orge pruneaux bio Céréal Bio  Marocain repas express-220g","p":2.0,"u":"9,09 €/KG","img":"https://fd14-photos.leclercdrive.fr/image.ashx?id=2575075&use=l&cat=p&typeid=i","cat":287600},{"id":45274,"n":"Maïs doux Jardin Bio  Bio - 230g","p":2.18,"u":"9,48 €/KG","img":"https://fd14-photos.leclercdrive.fr/image.ashx?id=2903233&use=l&cat=p&typeid=i","cat":312611},{"id":45289,"n":"Petits pois bio Jardin Bio A l'étuvée extra fins - 230g","p":2.02,"u":"8,78 €/KG","img":"https://fd14-photos.leclercdrive.fr/image.ashx?id=2944732&use=l&cat=p&typeid=i","cat":312607},{"id":45290,"n":"Petits pois Le jardin Bio  Bio extra fins - 445g","p":3.0,"u":"6,74 €/KG","img":"https://fd14-photos.leclercdrive.fr/image.ashx?id=2944735&use=l&cat=p&typeid=i","cat":312607},{"id":45291,"n":"Quinoa Jardin Bio  Bio poulet et Sésame - 250g","p":2.22,"u":"8,88 €/KG","img":"https://fd14-photos.leclercdrive.fr/image.ashx?id=2956433&use=l&cat=p&typeid=i","cat":287600},{"id":45340,"n":"Tartine  Céréal Bio  Bio multicéréales - 145g","p":1.5,"u":"10,34 €/KG","img":"https://fd14-photos.leclercdrive.fr/image.ashx?id=2810795&use=l&cat=p&typeid=i","cat":284479},{"id":45342,"n":"Salade bio Céréal Bio Lentilles, légumes, tofu -220g","p":2.02,"u":"9,18 €/KG","img":"https://fd14-photos.leclercdrive.fr/image.ashx?id=2574077&use=l&cat=p&typeid=i","cat":287600},{"id":45351,"n":"Tartines bio Jardin Bio Sarrasin sans gluten - 150g","p":1.95,"u":"13,00 €/KG","img":"https://fd14-photos.leclercdrive.fr/image.ashx?id=2535547&use=l&cat=p&typeid=i","cat":318654},{"id":45353,"n":"Tartines bio Jardin Bio Multicéréales sans gluten -150g","p":1.71,"u":"11,40 €/KG","img":"https://fd14-photos.leclercdrive.fr/image.ashx?id=2537646&use=l&cat=p&typeid=i","cat":318654},{"id":45382,"n":"Déodorant Spray Femme Nivea Protect & Care - 200ml","p":2.6,"u":"13,00 €/L","img":"https://fd14-photos.leclercdrive.fr/image.ashx?id=2869188&use=l&cat=p&typeid=i","cat":284595},{"id":45383,"n":"Déodorant protect & care Nivea Bille - 50ml","p":2.15,"u":"43,00 €/L","img":"https://fd14-photos.leclercdrive.fr/image.ashx?id=2871067&use=l&cat=p&typeid=i","cat":284595},{"id":45415,"n":"Fromage Emmental Entremont Râpé  - 300g","p":3.3,"u":"11,00 €/KG","img":"https://fd14-photos.leclercdrive.fr/image.ashx?id=2983156&use=l&cat=p&typeid=i","cat":314035},{"id":45453,"n":"Pâtes farfalle Panzani  Qualité pâte fraiche - 400g","p":1.7,"u":"4,25 €/KG","img":"https://fd14-photos.leclercdrive.fr/image.ashx?id=2902945&use=l&cat=p&typeid=i","cat":284427},{"id":45454,"n":"Soufflés Tornades 3D Tokapi  Paprika 85g","p":0.73,"u":"8,59 €/KG","img":"https://fd14-photos.leclercdrive.fr/image.ashx?id=2093861&use=l&cat=p&typeid=i","cat":284449},{"id":45478,"n":"Nettoyant lave-vaisselle Visior 3x40g","p":2.9,"u":"24,17 €/KG","img":"https://fd14-photos.leclercdrive.fr/image.ashx?id=2742694&use=l&cat=p&typeid=i","cat":284657},{"id":45479,"n":"Nettoyant Dentamyl Appareils dentaires x36","p":1.92,"img":"https://fd14-photos.leclercdrive.fr/image.ashx?id=2486799&use=l&cat=p&typeid=i","cat":285158},{"id":45480,"n":"Nettoyant menthe Dentamyl Appareils dentaires x36","p":2.04,"img":"https://fd14-photos.leclercdrive.fr/image.ashx?id=1200880&use=l&cat=p&typeid=i","cat":285158},{"id":45482,"n":"Brosse à dents Petit Dentamyl Multicoloris - 2-6 ans -  x3","p":1.47,"u":"0,49 €/P","img":"https://fd14-photos.leclercdrive.fr/image.ashx?id=1962444&use=l&cat=p&typeid=i","cat":288897},{"id":45498,"n":"Sacs poubelle 30L Elembal Ultra resist - x20","p":3.25,"u":"0,16 €/P","img":"https://fd14-photos.leclercdrive.fr/image.ashx?id=2958729&use=l&cat=p&typeid=i","cat":285168},{"id":45499,"n":"Sacs poubelle 50L Elembal Ultra résist - x15","p":3.9,"u":"0,26 €/P","img":"https://fd14-photos.leclercdrive.fr/image.ashx?id=2958732&use=l&cat=p&typeid=i","cat":285168},{"id":45500,"n":"Sacs poubelle 100L Elembal Ultra résist - x10","p":3.73,"u":"0,37 €/P","img":"https://fd14-photos.leclercdrive.fr/image.ashx?id=2958735&use=l&cat=p&typeid=i","cat":285168},{"id":45536,"n":"Taboulé Bonduelle Poulet - 300g","p":1.85,"u":"6,17 €/KG","img":"https://fd14-photos.leclercdrive.fr/image.ashx?id=2907902&use=l&cat=p&typeid=i","cat":333657},{"id":45540,"n":"Pizza l'Ovale Sodebo Jambon et fromages - 200g","p":1.4,"u":"7,00 €/KG","img":"https://fd14-photos.leclercdrive.fr/image.ashx?id=2407211&use=l&cat=p&typeid=i","cat":333679},{"id":45541,"n":"Pizza l'Ovale Sodebo 3 fromages fondants - 200g","p":1.39,"u":"6,95 €/KG","img":"https://fd14-photos.leclercdrive.fr/image.ashx?id=2723644&use=l&cat=p&typeid=i","cat":333679},{"id":45575,"n":"Fromage raclette Les Croisés Nature et 3 poivres - 400g","p":5.3,"u":"13,25 €/KG","img":"https://fd14-photos.leclercdrive.fr/image.ashx?id=2793227&use=l&cat=p&typeid=i","cat":314037},{"id":45576,"n":"Fromage raclette Les Croisés  Nature et fumé 400g","p":5.34,"u":"13,35 €/KG","img":"https://fd14-photos.leclercdrive.fr/image.ashx?id=2793233&use=l&cat=p&typeid=i","cat":314037},{"id":45625,"n":"Yaourts brassés Ker Ronan  Vanille - 4x125g","p":1.85,"u":"3,70 €/KG","img":"https://fd14-photos.leclercdrive.fr/image.ashx?id=1989525&use=l&cat=p&typeid=i","cat":284410},{"id":45626,"n":"Yaourts brassés Ker Ronan  Fraise - 4x125g","p":2.45,"u":"4,90 €/KG","img":"https://fd14-photos.leclercdrive.fr/image.ashx?id=1989531&use=l&cat=p&typeid=i","cat":284410},{"id":45642,"n":"Ratatouille Cuisinée Cassegrain à la Provençale 185g","p":1.78,"u":"9,62 €/KG","img":"https://fd14-photos.leclercdrive.fr/image.ashx?id=2913007&use=l&cat=p&typeid=i","cat":312612},{"id":45644,"n":"Recharge SpaWax Expert Veet Figue Sucrée et Lys Violet x6","p":5.25,"u":"35,00 €/KG","img":"https://fd14-photos.leclercdrive.fr/image.ashx?id=2854351&use=l&cat=p&typeid=i","cat":325351},{"id":45671,"n":"Chips Bret's Chèvre/piment d'espelette -125g","p":1.15,"u":"9,20 €/KG","img":"https://fd14-photos.leclercdrive.fr/image.ashx?id=1941593&use=l&cat=p&typeid=i","cat":284447},{"id":45708,"n":"Yaourt à boire Mini Yop Aromatisé Fraise - 8x100g","p":2.3,"u":"2,88 €/KG","img":"https://fd14-photos.leclercdrive.fr/image.ashx?id=2985159&use=l&cat=p&typeid=i","cat":284415},{"id":45710,"n":"Fromage Burger cheddar/emmental Président - 20 tranches - 340g","p":2.65,"u":"7,79 €/KG","img":"https://fd14-photos.leclercdrive.fr/image.ashx?id=2628239&use=l&cat=p&typeid=i","cat":314028},{"id":45711,"n":"Fromage Croque emmental Président - 20 tranches - 340g","p":2.8,"u":"8,24 €/KG","img":"https://fd14-photos.leclercdrive.fr/image.ashx?id=2838163&use=l&cat=p&typeid=i","cat":314028},{"id":45716,"n":"Rôti cuit supérieur Jean Brient Sel réduit 4 tranches - 180g","p":3.9,"u":"21,67 €/KG","img":"https://fd14-photos.leclercdrive.fr/image.ashx?id=2107126&use=l&cat=p&typeid=i","cat":316009},{"id":45717,"n":"Cervelas Jean Brient Vinaigrette - 500g","p":4.95,"u":"9,90 €/KG","img":"https://fd14-photos.leclercdrive.fr/image.ashx?id=2924005&use=l&cat=p&typeid=i","cat":316012},{"id":45721,"n":"Carré de côtes Jean Brient 4 tranches - 180g","p":4.15,"u":"23,06 €/KG","img":"https://fd14-photos.leclercdrive.fr/image.ashx?id=2107123&use=l&cat=p&typeid=i","cat":316009},{"id":45722,"n":"Poitrine cuite Jean Brient 4 tranches - 180g","p":4.95,"u":"27,50 €/KG","img":"https://fd14-photos.leclercdrive.fr/image.ashx?id=2107120&use=l&cat=p&typeid=i","cat":316011},{"id":45723,"n":"Langue de porc Jean Brient 3 tranches - 200g","p":4.95,"u":"24,75 €/KG","img":"https://fd14-photos.leclercdrive.fr/image.ashx?id=2510858&use=l&cat=p&typeid=i","cat":284331},{"id":45756,"n":"Couette unie Microstop Tissaia Anti-acariens - 260x240cm","p":41.92,"u":"Dont 0,60 € d'éco-part.","img":"https://fd14-photos.leclercdrive.fr/image.ashx?id=2648439&use=l&cat=p&typeid=i","cat":288835},{"id":45772,"n":"Traversin Tissaia Anti-acarien microstop 140cm","p":11.96,"u":"Dont 0,20 € d'éco-part.","img":"https://fd14-photos.leclercdrive.fr/image.ashx?id=2380241&use=l&cat=p&typeid=i","cat":288835},{"id":45773,"n":"Traversin Tissaia Anti-acarien microstop 160 cm","p":14.21,"u":"Dont 0,20 € d'éco-part.","img":"https://fd14-photos.leclercdrive.fr/image.ashx?id=2207742&use=l&cat=p&typeid=i","cat":288835},{"id":45813,"n":"Cire divine Nair Monoï - 400g","p":6.55,"u":"16,38 €/KG","img":"https://fd14-photos.leclercdrive.fr/image.ashx?id=2903239&use=l&cat=p&typeid=i","cat":325351},{"id":45825,"n":"Brosse à dents pro Dentamyl Souple x2","p":0.66,"u":"0,33 €/P","img":"https://fd14-photos.leclercdrive.fr/image.ashx?id=2790979&use=l&cat=p&typeid=i","cat":284614},{"id":45826,"n":"Brosse à dents pro Dentamyl Médium x2","p":0.55,"u":"0,28 €/P","img":"https://fd14-photos.leclercdrive.fr/image.ashx?id=2790982&use=l&cat=p&typeid=i","cat":284614},{"id":45867,"n":"Crème dessert Mont Blanc Coupelles Chocolat - 4x125g","p":3.1,"u":"6,20 €/KG","img":"https://fd14-photos.leclercdrive.fr/image.ashx?id=2961104&use=l&cat=p&typeid=i","cat":284506},{"id":45868,"n":"Crème dessert Mont Blanc Coupelles Vanille - 4x125g","p":3.15,"u":"6,30 €/KG","img":"https://fd14-photos.leclercdrive.fr/image.ashx?id=2967301&use=l&cat=p&typeid=i","cat":284506},{"id":45870,"n":"Vinaigre ménager Clair 100% naturel - 1L","p":1.08,"u":"1,08 €/L","img":"https://fd14-photos.leclercdrive.fr/image.ashx?id=2779199&use=l&cat=p&typeid=i","cat":325365},{"id":45908,"n":"Biscuits fourrés Prince Chocolat - 3x300g","p":3.84,"u":"4,27 €/KG","img":"https://fd14-photos.leclercdrive.fr/image.ashx?id=3014641&use=l&cat=p&typeid=i","cat":284488},{"id":45968,"n":"Dessert fruitier pomme Andros Pomme fraise x12+4 offert 1,6kg","p":3.75,"u":"2,34 €/KG","img":"https://fd14-photos.leclercdrive.fr/image.ashx?id=2305730&use=l&cat=p&typeid=i","cat":284416},{"id":46006,"n":"AOP Jurançon vin blanc Moelleux Terrasses d'Autan-75cl","p":6.99,"u":"9,32 €/L","img":"https://fd14-photos.leclercdrive.fr/image.ashx?id=2675265&use=l&cat=p&typeid=i","cat":289557},{"id":46016,"n":"Chocolat Pâtissier Tablette dOr Chocolat Noir - 3x200g","p":5.35,"u":"8,92 €/KG","img":"https://fd14-photos.leclercdrive.fr/image.ashx?id=2958519&use=l&cat=p&typeid=i","cat":285562},{"id":46028,"n":"IGP Pays d'Oc Rosé Grenache Cinsault JP Chenet 12.5% BIB 3L","p":10.3,"u":"3,43 €/L","img":"https://fd14-photos.leclercdrive.fr/image.ashx?id=2941715&use=l&cat=p&typeid=i","cat":289560},{"id":46042,"n":"Barre caramel Gerlinéa  Repas minceur x10 - 310g","p":5.8,"u":"18,71 €/KG","img":"https://fd14-photos.leclercdrive.fr/image.ashx?id=2654749&use=l&cat=p&typeid=i","cat":318652},{"id":46043,"n":"Barre 2 chocolats Gerlinéa  Repas minceur x10, 310g","p":5.72,"u":"18,45 €/KG","img":"https://fd14-photos.leclercdrive.fr/image.ashx?id=2638181&use=l&cat=p&typeid=i","cat":318652},{"id":46044,"n":"Barre chocolat orange GERLINEA  Repas minceur x10, 310g","p":5.45,"u":"17,58 €/KG","img":"https://fd14-photos.leclercdrive.fr/image.ashx?id=2654752&use=l&cat=p&typeid=i","cat":318652},{"id":46049,"n":"Pulpe de tomate Jardin Bio Bio - 500g","p":2.15,"u":"4,30 €/L","img":"https://fd14-photos.leclercdrive.fr/image.ashx?id=2535031&use=l&cat=p&typeid=i","cat":288384},{"id":46051,"n":"Menus chat Tous mes amis Viande menus gourmands 24x100g","p":6.95,"u":"2,90 €/KG","img":"https://fd14-photos.leclercdrive.fr/image.ashx?id=2027607&use=l&cat=p&typeid=i","cat":285286},{"id":46052,"n":"Gelée pour chat Tous mes amis Poisson menus gourmands 24x100g","p":6.95,"u":"2,90 €/KG","img":"https://fd14-photos.leclercdrive.fr/image.ashx?id=2027604&use=l&cat=p&typeid=i","cat":285286},{"id":46160,"n":"Bière blanche Hoegaarden 4,9% - 12x25cl","p":7.95,"u":"2,65 €/L","img":"https://fd14-photos.leclercdrive.fr/image.ashx?id=2948420&use=l&cat=p&typeid=i","cat":334878},{"id":46177,"n":"Chocolat Kinder surprise Bonhomme de neige - 6x20g","p":7.65,"u":"63,75 €/KG","img":"https://fd14-photos.leclercdrive.fr/image.ashx?id=2437205&use=l&cat=p&typeid=i","cat":327592},{"id":46261,"n":"Pâte à tarte feuilletée Cérélia Sans gluten - 280g","p":2.4,"u":"8,57 €/KG","img":"https://fd14-photos.leclercdrive.fr/image.ashx?id=2881915&use=l&cat=p&typeid=i","cat":333681},{"id":46381,"n":"Fromage Emmenta Les Croisés En dés - 150g","p":1.89,"u":"12,60 €/KG","img":"https://fd14-photos.leclercdrive.fr/image.ashx?id=2422550&use=l&cat=p&typeid=i","cat":314027},{"id":46462,"n":"Mini coudes Turini 500g","p":0.99,"u":"1,98 €/KG","img":"https://fd14-photos.leclercdrive.fr/image.ashx?id=2607566&use=l&cat=p&typeid=i","cat":284427},{"id":46525,"n":"Brosse à dents pro Dentamyl Souple x1","p":1.32,"img":"https://fd14-photos.leclercdrive.fr/image.ashx?id=2790985&use=l&cat=p&typeid=i","cat":284614},{"id":46541,"n":"Croquette chat stérilisé Ultima Chat d'intérieur - Dinde -1.5kg","p":6.7,"u":"4,47 €/KG","img":"https://fd14-photos.leclercdrive.fr/image.ashx?id=2927009&use=l&cat=p&typeid=i","cat":284680},{"id":46542,"n":"Croquettes petits chien Ultima  Poulet - Bulldog - 1.5kg","p":6.1,"u":"4,07 €/KG","img":"https://fd14-photos.leclercdrive.fr/image.ashx?id=2924869&use=l&cat=p&typeid=i","cat":294526},{"id":46547,"n":"Croquette chat stérilisé Ultima  Truite - Sensible - 1.5kg","p":6.75,"u":"4,50 €/KG","img":"https://fd14-photos.leclercdrive.fr/image.ashx?id=2937436&use=l&cat=p&typeid=i","cat":284680},{"id":46665,"n":"Jambon Torchon Fleury Michon -25% de sel x4 - 120g","p":2.5,"u":"20,83 €/KG","img":"https://fd14-photos.leclercdrive.fr/image.ashx?id=2923639&use=l&cat=p&typeid=i","cat":316009},{"id":46667,"n":"Monster Munch Salé - 135g","p":1.38,"u":"10,22 €/KG","img":"https://fd14-photos.leclercdrive.fr/image.ashx?id=2996935&use=l&cat=p&typeid=i","cat":284449},{"id":46703,"n":"Spray désodorisant Airwick  Pure Douceur de Coton - 250ml","p":2.85,"u":"11,40 €/L","img":"https://fd14-photos.leclercdrive.fr/image.ashx?id=2858600&use=l&cat=p&typeid=i","cat":311626},{"id":46979,"n":"Biscotte bretonne heudebert Au sel de  guérande - 290g","p":2.3,"u":"7,93 €/KG","img":"https://fd14-photos.leclercdrive.fr/image.ashx?id=3002243&use=l&cat=p&typeid=i","cat":284479},{"id":46984,"n":"Café et Chicorée Soluble Ricoré  Original Recharge - 180g","p":3.8,"u":"21,11 €/KG","img":"https://fd14-photos.leclercdrive.fr/image.ashx?id=2980112&use=l&cat=p&typeid=i","cat":284843},{"id":46990,"n":"Chocolat en poudre Nestlé Boîte - 500g","p":4.4,"u":"8,80 €/KG","img":"https://fd14-photos.leclercdrive.fr/image.ashx?id=2817335&use=l&cat=p&typeid=i","cat":293235},{"id":47038,"n":"Beurre de cacahuètes Ethiquable  Nicaragua - 350g","p":4.05,"u":"11,57 €/KG","img":"https://fd14-photos.leclercdrive.fr/image.ashx?id=2873396&use=l&cat=p&typeid=i","cat":284481},{"id":47125,"n":"Cidre bouché rosé Envie de rose 2.5%vol. - 75cl","p":2.57,"pp":1.7,"u":"2,27 €/L","img":"https://fd14-photos.leclercdrive.fr/image.ashx?id=2908984&use=l&cat=p&typeid=i","cat":334880},{"id":47126,"n":"Cidre bouché Envie de brut 4.5%vol. - 75cl","p":2.57,"pp":1.7,"u":"2,27 €/L","img":"https://fd14-photos.leclercdrive.fr/image.ashx?id=2908981&use=l&cat=p&typeid=i","cat":334880},{"id":47127,"n":"Bière Red Desperados 5.9%vol. - 6x33cl","p":8.8,"u":"4,44 €/L","img":"https://fd14-photos.leclercdrive.fr/image.ashx?id=2766229&use=l&cat=p&typeid=i","cat":334878},{"id":47128,"n":"Vin Union Européenne rouge Le Tonnelier - BIB 5L","p":8.9,"u":"1,78 €/L","img":"https://fd14-photos.leclercdrive.fr/image.ashx?id=2107468&use=l&cat=p&typeid=i","cat":289560},{"id":47130,"n":"Vin Union européenne blanc Le Tonnelier - BIB 5L","p":8.9,"img":"https://fd14-photos.leclercdrive.fr/image.ashx?id=2107471&use=l&cat=p&typeid=i","cat":289557},{"id":47132,"n":"IGP Pays d'Oc blanc Les Ormes De Cambras Sauvignon 12% BIB 5L","p":15.5,"u":"3,10 €/L","img":"https://fd14-photos.leclercdrive.fr/image.ashx?id=2192389&use=l&cat=p&typeid=i","cat":289557},{"id":47169,"n":"Sacs poubelle 10L Elembal Salle de bain - x20","p":0.8,"u":"0,04 €/P","img":"https://fd14-photos.leclercdrive.fr/image.ashx?id=1732829&use=l&cat=p&typeid=i","cat":285168},{"id":47176,"n":"Déodorant Spray Femme Nivea Black&White Original - 200ml","p":2.58,"u":"12,90 €/L","img":"https://fd14-photos.leclercdrive.fr/image.ashx?id=2980031&use=l&cat=p&typeid=i","cat":284595},{"id":47180,"n":"Gel douche enfant Tahiti Fruits exotiques - 300ml","p":1.92,"u":"6,40 €/L","img":"https://fd14-photos.leclercdrive.fr/image.ashx?id=2687332&use=l&cat=p&typeid=i","cat":284594},{"id":47238,"n":"Lames Gillette Sensor3 - x8","p":10.6,"u":"1,33 €/P","img":"https://fd14-photos.leclercdrive.fr/image.ashx?id=2737201&use=l&cat=p&typeid=i","cat":284616},{"id":47254,"n":"Pâtes Coudes Rayés Turini 1kg","p":1.73,"u":"1,73 €/KG","img":"https://fd14-photos.leclercdrive.fr/image.ashx?id=2980806&use=l&cat=p&typeid=i","cat":284427},{"id":47255,"n":"Pâtes linguine Turini  500g","p":0.91,"u":"1,82 €/KG","img":"https://fd14-photos.leclercdrive.fr/image.ashx?id=2607554&use=l&cat=p&typeid=i","cat":284427},{"id":47256,"n":"Pâtes Farfalles Turini  1kg","p":1.2,"u":"1,20 €/KG","img":"https://fd14-photos.leclercdrive.fr/image.ashx?id=2665574&use=l&cat=p&typeid=i","cat":284427},{"id":47257,"n":"Pâtes Spaghettoni Turini  500g","p":0.83,"u":"1,66 €/KG","img":"https://fd14-photos.leclercdrive.fr/image.ashx?id=2607557&use=l&cat=p&typeid=i","cat":284427},{"id":47258,"n":"Pâtes coquillettes Turini Blé complet  - 500g","p":1.1,"u":"2,20 €/KG","img":"https://fd14-photos.leclercdrive.fr/image.ashx?id=2607563&use=l&cat=p&typeid=i","cat":284427},{"id":47281,"n":"Piles rechargeables Energizer Power plus AAA/LR3 - x4 piles","p":9.89,"u":"2,47 €/P","img":"https://fd14-photos.leclercdrive.fr/image.ashx?id=2748629&use=l&cat=p&typeid=i","cat":300572},{"id":47288,"n":"Boitier Energizer Métal gris et bleu , piles","p":6.85,"u":"Dont 0,04 € d'éco-part.","img":"https://fd14-photos.leclercdrive.fr/image.ashx?id=1781939&use=l&cat=p&typeid=i","cat":300572},{"id":47358,"n":"Sandwich Mega Club  Complet Jambon Emmental - 230g","p":2.1,"u":"9,13 €/KG","img":"https://fd14-photos.leclercdrive.fr/image.ashx?id=2959928&use=l&cat=p&typeid=i","cat":333658},{"id":47359,"n":"Sandwich Mega Club Sodebo  Pain Complet Poulet Mayo - 230g","p":1.85,"u":"8,04 €/KG","img":"https://fd14-photos.leclercdrive.fr/image.ashx?id=2960156&use=l&cat=p&typeid=i","cat":333658},{"id":47360,"n":"Fromage à tartiner Madame Loïk Fouetté Ail Fines Herbes - 150g","p":1.7,"u":"11,33 €/KG","img":"https://fd14-photos.leclercdrive.fr/image.ashx?id=2948021&use=l&cat=p&typeid=i","cat":314029},{"id":47361,"n":"Bûche de chèvre Président 250g","p":2.9,"u":"11,60 €/KG","img":"https://fd14-photos.leclercdrive.fr/image.ashx?id=2446647&use=l&cat=p&typeid=i","cat":314031},{"id":47408,"n":"Plateau Fromageries Occitane 5 fromages - 400g","p":5.99,"u":"14,98 €/KG","img":"https://fd14-photos.leclercdrive.fr/image.ashx?id=2808854&use=l&cat=p&typeid=i","cat":314036},{"id":47412,"n":"Café moulu  Le Menez Bré Décaféiné -  250g","p":5.0,"u":"20,00 €/KG","img":"https://fd14-photos.leclercdrive.fr/image.ashx?id=2885378&use=l&cat=p&typeid=i","cat":284750},{"id":47493,"n":"Tablette chocolat au lait Milka Morceaux de Oreo -  3x100g","p":4.17,"u":"13,90 €/KG","img":"https://fd14-photos.leclercdrive.fr/image.ashx?id=2617081&use=l&cat=p&typeid=i","cat":284497},{"id":47543,"n":"Sucettes Chupa Chups Au fruits, sachet - 192g","p":2.41,"u":"12,55 €/KG","img":"https://fd14-photos.leclercdrive.fr/image.ashx?id=2647651&use=l&cat=p&typeid=i","cat":304252},{"id":47563,"n":"Macédoine de Légumes Bonduelle 265g","p":0.89,"u":"3,36 €/KG","img":"https://fd14-photos.leclercdrive.fr/image.ashx?id=2910007&use=l&cat=p&typeid=i","cat":312612},{"id":47567,"n":"Rhum blanc Clément  Martinique, agricole - 70cl","p":12.5,"pp":10.0,"u":"14,29 €/L","img":"https://fd14-photos.leclercdrive.fr/image.ashx?id=1973141&use=l&cat=p&typeid=i","cat":284550},{"id":47592,"n":"Crêpe fourrée Whaou Cracky choco x8 - 256g","p":2.22,"u":"8,67 €/KG","img":"https://fd14-photos.leclercdrive.fr/image.ashx?id=2971029&use=l&cat=p&typeid=i","cat":284494},{"id":47593,"n":"Yaourts Mamie Nova Chocolat - 2x150g","p":1.3,"u":"4,33 €/KG","img":"https://fd14-photos.leclercdrive.fr/image.ashx?id=2909029&use=l&cat=p&typeid=i","cat":285041},{"id":47594,"n":"Yaourts Mamie Nova  Café - 2x150g","p":1.3,"u":"4,33 €/KG","img":"https://fd14-photos.leclercdrive.fr/image.ashx?id=2909035&use=l&cat=p&typeid=i","cat":285041},{"id":47646,"n":"Pâtes Macaroni Panzani  3 Minutes - 500G","p":1.05,"u":"2,10 €/KG","img":"https://fd14-photos.leclercdrive.fr/image.ashx?id=2896081&use=l&cat=p&typeid=i","cat":284427},{"id":47667,"n":"Pâtes Penne Rigate Panzani 3 Minutes - 500G","p":1.1,"u":"2,20 €/KG","img":"https://fd14-photos.leclercdrive.fr/image.ashx?id=2896087&use=l&cat=p&typeid=i","cat":284427},{"id":47681,"n":"Sauce pizza Turini aux tomates et origan - 390g","p":0.99,"u":"2,54 €/KG","img":"https://fd14-photos.leclercdrive.fr/image.ashx?id=2412025&use=l&cat=p&typeid=i","cat":288384},{"id":47686,"n":"Fromage Spécialité Babybel Maxi - 200g","p":2.1,"u":"10,50 €/KG","img":"https://fd14-photos.leclercdrive.fr/image.ashx?id=2806913&use=l&cat=p&typeid=i","cat":314030},{"id":47693,"n":"AOP Saint-Émilion vin rouge Chantet Blanet - 75cl","p":8.95,"u":"11,93 €/L","img":"https://fd14-photos.leclercdrive.fr/image.ashx?id=2236344&use=l&cat=p&typeid=i","cat":289556},{"id":47694,"n":"AOC Sauternes vin blanc Chantet Blanet - 75cl","p":12.99,"u":"17,32 €/L","img":"https://fd14-photos.leclercdrive.fr/image.ashx?id=2042226&use=l&cat=p&typeid=i","cat":289557},{"id":47718,"n":"Boisson gourmande PAGO Cocktail Tropical Vitaminé - 75cl","p":1.65,"u":"2,20 €/L","img":"https://fd14-photos.leclercdrive.fr/image.ashx?id=2861854&use=l&cat=p&typeid=i","cat":284917},{"id":47722,"n":"Compotes Pom'Potes Gourdes  Pomme Nature - 12x90g","p":4.45,"u":"4,12 €/KG","img":"https://fd14-photos.leclercdrive.fr/image.ashx?id=2968082&use=l&cat=p&typeid=i","cat":284508},{"id":47794,"n":"Fromage Tomme de Savoie NRT IGP 300g","p":4.29,"u":"14,30 €/KG","img":"https://fd14-photos.leclercdrive.fr/image.ashx?id=2934835&use=l&cat=p&typeid=i","cat":329184},{"id":47795,"n":"Papier toilette humide Lotus Aloe Douceur - x42 feuilles","p":1.5,"u":"0,04 €/P","img":"https://fd14-photos.leclercdrive.fr/image.ashx?id=2864840&use=l&cat=p&typeid=i","cat":284634},{"id":47796,"n":"Papier toilette humide Lotus Pure - x42 feuilles","p":1.5,"u":"0,04 €/P","img":"https://fd14-photos.leclercdrive.fr/image.ashx?id=2866070&use=l&cat=p&typeid=i","cat":284634},{"id":47797,"n":"Papier toilette Lotus Confort Blanc - Aquatube - x12","p":3.9,"u":"0,33 €/P","img":"https://fd14-photos.leclercdrive.fr/image.ashx?id=3002213&use=l&cat=p&typeid=i","cat":284634},{"id":47811,"n":"Shampooing femme Gliss Color brillance - 250ml","p":2.2,"u":"8,80 €/L","img":"https://fd14-photos.leclercdrive.fr/image.ashx?id=2614615&use=l&cat=p&typeid=i","cat":284606},{"id":47812,"n":"Shampooing Gliss Ultimate  Cheveux sec flacon - 250ml","p":2.09,"u":"8,36 €/L","img":"https://fd14-photos.leclercdrive.fr/image.ashx?id=2868933&use=l&cat=p&typeid=i","cat":284606},{"id":47838,"n":"Speck Montorsi 100g","p":2.75,"u":"27,50 €/KG","img":"https://fd14-photos.leclercdrive.fr/image.ashx?id=2525843&use=l&cat=p&typeid=i","cat":316007},{"id":47839,"n":"Prosciutto Montorsi 90g","p":2.75,"u":"30,56 €/KG","img":"https://fd14-photos.leclercdrive.fr/image.ashx?id=2525849&use=l&cat=p&typeid=i","cat":316007},{"id":47840,"n":"Confit de canard Montfort Le sachet de 4 cuisses - 1kg","p":13.9,"u":"13,90 €/KG","img":"https://fd14-photos.leclercdrive.fr/image.ashx?id=2342454&use=l&cat=p&typeid=i","cat":284339},{"id":47843,"n":"Cordon bleu poulet Maître Coq 1kg","p":6.15,"u":"6,15 €/KG","img":"https://fd14-photos.leclercdrive.fr/image.ashx?id=2939475&use=l&cat=p&typeid=i","cat":319780},{"id":47865,"n":"Apéritif Lillet Rosé à base de vin 17% vol 75cl","p":12.5,"u":"16,67 €/L","img":"https://fd14-photos.leclercdrive.fr/image.ashx?id=2946493&use=l&cat=p&typeid=i","cat":304569},{"id":47923,"n":"Filet d'anchois La Monegasque Roulé sur câpres - 50g","p":1.45,"u":"29,00 €/KG","img":"https://fd14-photos.leclercdrive.fr/image.ashx?id=3011164&use=l&cat=p&typeid=i","cat":285190},{"id":47927,"n":"Blinis Cocktail Blini x16 - 135g","p":1.7,"u":"12,59 €/KG","img":"https://fd14-photos.leclercdrive.fr/image.ashx?id=2947952&use=l&cat=p&typeid=i","cat":285191},{"id":48029,"n":"Sirop Moulin de Valdonne Pêche blanche - 70cl","p":3.2,"u":"4,57 €/L","img":"https://fd14-photos.leclercdrive.fr/image.ashx?id=2842678&use=l&cat=p&typeid=i","cat":295020},{"id":48030,"n":"Bâtonnets surimi Fleury Michon  Fromage et herbes MSC x16 -256g","p":2.85,"u":"11,13 €/KG","img":"https://fd14-photos.leclercdrive.fr/image.ashx?id=2936944&use=l&cat=p&typeid=i","cat":285189},{"id":48106,"n":"Thon vapeur Petit Navire 130g","p":2.0,"u":"15,38 €/KG","img":"https://fd14-photos.leclercdrive.fr/image.ashx?id=2536918&use=l&cat=p&typeid=i","cat":303867},{"id":48107,"n":"Thon mariné Petit Navire Citron/thym - 110g","p":2.05,"u":"18,64 €/KG","img":"https://fd14-photos.leclercdrive.fr/image.ashx?id=2986122&use=l&cat=p&typeid=i","cat":303867},{"id":48155,"n":"Graines Maître Prunille Tournesol grillées, salées-250g","p":2.29,"u":"9,16 €/KG","img":"https://fd14-photos.leclercdrive.fr/image.ashx?id=2234024&use=l&cat=p&typeid=i","cat":284357},{"id":48164,"n":"Barres céréales Extra Kellogg's Chocolat et Amande - 4x32g","p":2.75,"u":"21,48 €/KG","img":"https://fd14-photos.leclercdrive.fr/image.ashx?id=2736601&use=l&cat=p&typeid=i","cat":285869},{"id":48167,"n":"Dosettes café Plantation  Doux - x36 - 250g","p":3.83,"u":"15,32 €/KG","img":"https://fd14-photos.leclercdrive.fr/image.ashx?id=2166218&use=l&cat=p&typeid=i","cat":293238},{"id":48183,"n":"Raisins secs Maître Prunille Sultanine - 500g","p":5.29,"u":"10,58 €/KG","img":"https://fd14-photos.leclercdrive.fr/image.ashx?id=1747070&use=l&cat=p&typeid=i","cat":284357},{"id":48200,"n":"Rillettes de poulet rôti Bordeau Chesnel - 220g","p":2.04,"u":"9,27 €/KG","img":"https://fd14-photos.leclercdrive.fr/image.ashx?id=2855046&use=l&cat=p&typeid=i","cat":316008},{"id":48226,"n":"Petit Pois, Carotte Cassegrain Tendres et Fondants 130g","p":1.22,"u":"9,38 €/KG","img":"https://fd14-photos.leclercdrive.fr/image.ashx?id=2912977&use=l&cat=p&typeid=i","cat":312607},{"id":48255,"n":"Recharge EasyWax Expert Veet Bras Jambes Peaux Normales 50ml","p":6.5,"u":"130,00 €/L","img":"https://fd14-photos.leclercdrive.fr/image.ashx?id=2970789&use=l&cat=p&typeid=i","cat":325351},{"id":48277,"n":"Coloration cheveux Kit Racines Schwarzkopf - R1 châtain clair","p":5.45,"img":"https://fd14-photos.leclercdrive.fr/image.ashx?id=2817482&use=l&cat=p&typeid=i","cat":288899},{"id":48286,"n":"Mousse au chocolat Marie Morin 400g","p":6.95,"u":"17,38 €/KG","img":"https://fd14-photos.leclercdrive.fr/image.ashx?id=2633064&use=l&cat=p&typeid=i","cat":284417},{"id":48302,"n":"Sandwich triangle Daunat Poulet rôti mayonnaise - 160g","p":1.45,"u":"9,06 €/KG","img":"https://fd14-photos.leclercdrive.fr/image.ashx?id=2894257&use=l&cat=p&typeid=i","cat":333658},{"id":48305,"n":"IGP Pays d'Oc rosé Roche Mazet BIB 3L","p":10.5,"u":"3,50 €/L","img":"https://fd14-photos.leclercdrive.fr/image.ashx?id=2342042&use=l&cat=p&typeid=i","cat":289560},{"id":48310,"n":"Concentré à diluer Pulco Citron vert - 70cl","p":2.4,"u":"3,43 €/L","img":"https://fd14-photos.leclercdrive.fr/image.ashx?id=2686630&use=l&cat=p&typeid=i","cat":295020},{"id":48311,"n":"Concentré à diluer Pulco Orange Citron - 70cl","p":2.4,"u":"3,43 €/L","img":"https://fd14-photos.leclercdrive.fr/image.ashx?id=2686633&use=l&cat=p&typeid=i","cat":295020},{"id":48312,"n":"Eau minérale gazeuse Perrier  Fines bulles - 6x50cl","p":3.2,"u":"1,07 €/L","img":"https://fd14-photos.leclercdrive.fr/image.ashx?id=2737021&use=l&cat=p&typeid=i","cat":284536},{"id":48315,"n":"Riz au lait Délisse Sur lit de caramel - 4x115g","p":1.69,"u":"3,67 €/KG","img":"https://fd14-photos.leclercdrive.fr/image.ashx?id=2595110&use=l&cat=p&typeid=i","cat":284418},{"id":48339,"n":"Chocolat au lait Lindt  Praliné Noisette - 100g","p":1.92,"u":"19,20 €/KG","img":"https://fd14-photos.leclercdrive.fr/image.ashx?id=2751321&use=l&cat=p&typeid=i","cat":284497},{"id":48348,"n":"Chocolat au lait Lindt Création Caramel - 150g","p":3.14,"u":"20,93 €/KG","img":"https://fd14-photos.leclercdrive.fr/image.ashx?id=2685814&use=l&cat=p&typeid=i","cat":284497},{"id":48352,"n":"Tablette de chocolat noir Lindt Orange intense - 100g","p":2.23,"u":"22,30 €/KG","img":"https://fd14-photos.leclercdrive.fr/image.ashx?id=2689496&use=l&cat=p&typeid=i","cat":284956},{"id":48353,"n":"Tablette de chocolat noir Lindt 70% cacao - 100g","p":2.22,"u":"22,20 €/KG","img":"https://fd14-photos.leclercdrive.fr/image.ashx?id=2681592&use=l&cat=p&typeid=i","cat":284956},{"id":48354,"n":"Tablette de chocolat noir Lindt 85% cacao - 100g","p":2.22,"u":"22,20 €/KG","img":"https://fd14-photos.leclercdrive.fr/image.ashx?id=2681589&use=l&cat=p&typeid=i","cat":284956},{"id":48355,"n":"Tablette de chocolat noir Lindt Caramel Pointe de sel - 100g","p":2.23,"u":"22,30 €/KG","img":"https://fd14-photos.leclercdrive.fr/image.ashx?id=2689493&use=l&cat=p&typeid=i","cat":284956},{"id":48357,"n":"Liqueur Manzanita Marie Brizard -15% - 70cl","p":6.8,"u":"9,71 €/L","img":"https://fd14-photos.leclercdrive.fr/image.ashx?id=2499594&use=l&cat=p&typeid=i","cat":286032},{"id":48373,"n":"Démélant Petit Manava Pour enfants, spray - 200ml","p":2.05,"u":"10,25 €/L","img":"https://fd14-photos.leclercdrive.fr/image.ashx?id=2713655&use=l&cat=p&typeid=i","cat":284608},{"id":48383,"n":"Gel Lubrifiant Massage 2 en 1 Durex Sensuel Ylang Ylang 200ml","p":6.9,"u":"34,50 €/L","img":"https://fd14-photos.leclercdrive.fr/image.ashx?id=2736562&use=l&cat=p&typeid=i","cat":285160},{"id":48392,"n":"Boules en cire naturelle Quies x12 paires","p":4.15,"u":"0,35 €/P","img":"https://fd14-photos.leclercdrive.fr/image.ashx?id=2159502&use=l&cat=p&typeid=i","cat":284630},{"id":48421,"n":"AOP Alsace Gewurztraminer blanc Wolfberger 13,5% - 75cl","p":7.25,"pp":5.44,"u":"7,25 €/L","img":"https://fd14-photos.leclercdrive.fr/image.ashx?id=2936368&use=l&cat=p&typeid=i","cat":289557},{"id":48429,"n":"AOP Corse rosé Terra Nostra - 75cl","p":6.5,"pp":5.2,"u":"6,93 €/L","img":"https://fd14-photos.leclercdrive.fr/image.ashx?id=2217563&use=l&cat=p&typeid=i","cat":289558},{"id":48493,"n":"Viande hachée Pur Boeuf 5%MG Les Eleveurs de Bretagne - 350g","p":6.45,"u":"18,43 €/KG","img":"https://fd14-photos.leclercdrive.fr/image.ashx?id=2406061&use=l&cat=p&typeid=i","cat":284332},{"id":48494,"n":"Steak haché Pur Boeuf 5%MG Les Eleveurs de Bretagne - 250g","p":4.79,"u":"19,16 €/KG","img":"https://fd14-photos.leclercdrive.fr/image.ashx?id=2406055&use=l&cat=p&typeid=i","cat":284332},{"id":48495,"n":"Steak haché Pur Boeuf 5%MG Les Eleveurs de Bretagne - 400g","p":7.49,"u":"18,73 €/KG","img":"https://fd14-photos.leclercdrive.fr/image.ashx?id=2406058&use=l&cat=p&typeid=i","cat":284332},{"id":48508,"n":"Ketchup AMORA Flacon Souple - 550g","p":1.75,"u":"3,18 €/KG","img":"https://fd14-photos.leclercdrive.fr/image.ashx?id=2766649&use=l&cat=p&typeid=i","cat":284455},{"id":48521,"n":"Oignon semoule Sainte Lucie 40g","p":1.65,"u":"41,25 €/KG","img":"https://fd14-photos.leclercdrive.fr/image.ashx?id=2774415&use=l&cat=p&typeid=i","cat":298297},{"id":48523,"n":"Romarin Sainte Lucie Feuilles coupées - 32g","p":1.7,"u":"53,13 €/KG","img":"https://fd14-photos.leclercdrive.fr/image.ashx?id=2775092&use=l&cat=p&typeid=i","cat":298297},{"id":48525,"n":"Tomato Ketchup Heinz - 700g","p":2.62,"u":"3,74 €/KG","img":"https://fd14-photos.leclercdrive.fr/image.ashx?id=2729326&use=l&cat=p&typeid=i","cat":284455},{"id":48589,"n":"Lait bébé poudre Gallia Calisma croissance Dès 12 mois 1,2kg","p":15.35,"u":"12,79 €/KG","img":"https://fd14-photos.leclercdrive.fr/image.ashx?id=2973553&use=l&cat=p&typeid=i","cat":290219},{"id":48591,"n":"Lait bébé Gallia Calisma croissance Dès 12 mois 4x1L","p":8.94,"u":"2,24 €/L","img":"https://fd14-photos.leclercdrive.fr/image.ashx?id=2481249&use=l&cat=p&typeid=i","cat":284728},{"id":48603,"n":"Farine de blé Francine 1,4kg","p":1.51,"u":"1,08 €/KG","img":"https://fd14-photos.leclercdrive.fr/image.ashx?id=2881308&use=l&cat=p&typeid=i","cat":284503},{"id":48604,"n":"Farine fluide Francine 1.4kg","p":1.6,"u":"1,14 €/KG","img":"https://fd14-photos.leclercdrive.fr/image.ashx?id=2881305&use=l&cat=p&typeid=i","cat":284503},{"id":48611,"n":"Plat bébé soir Blédiner 12 mois Pâtes légumes - 2x200g","p":2.14,"u":"5,35 €/KG","img":"https://fd14-photos.leclercdrive.fr/image.ashx?id=2975068&use=l&cat=p&typeid=i","cat":312239},{"id":48615,"n":"Coton Demak'up Duo disque x108","p":1.65,"u":"0,02 €/P","img":"https://fd14-photos.leclercdrive.fr/image.ashx?id=2791461&use=l&cat=p&typeid=i","cat":285593},{"id":48633,"n":"Boisson gourmande PAGO Fraise 75cl","p":2.2,"u":"2,93 €/L","img":"https://fd14-photos.leclercdrive.fr/image.ashx?id=2954007&use=l&cat=p&typeid=i","cat":284915},{"id":48646,"n":"Soda à l'orange Orangina Sans Sucres - 6x33cl","p":3.4,"u":"1,72 €/L","img":"https://fd14-photos.leclercdrive.fr/image.ashx?id=2946931&use=l&cat=p&typeid=i","cat":284532},{"id":48697,"n":"Sachet chat Purina One Sterillcat - 8x85g","p":3.65,"u":"5,37 €/KG","img":"https://fd14-photos.leclercdrive.fr/image.ashx?id=2899695&use=l&cat=p&typeid=i","cat":285286},{"id":48698,"n":"Croquettes chat Purina One Stérilisé/Intérieur-Poulet1.5kg","p":6.95,"u":"4,63 €/KG","img":"https://fd14-photos.leclercdrive.fr/image.ashx?id=2681257&use=l&cat=p&typeid=i","cat":284680},{"id":48720,"n":"Poêlée parisienne D'aucy  580g","p":2.8,"u":"4,83 €/KG","img":"https://fd14-photos.leclercdrive.fr/image.ashx?id=2835256&use=l&cat=p&typeid=i","cat":312612},{"id":48721,"n":"Poêlée jardinière D'aucy  580g","p":2.5,"u":"4,31 €/KG","img":"https://fd14-photos.leclercdrive.fr/image.ashx?id=2582816&use=l&cat=p&typeid=i","cat":312612},{"id":48725,"n":"Légumes pour Couscous D'Aucy Orientale - 800g","p":1.7,"u":"2,13 €/KG","img":"https://fd14-photos.leclercdrive.fr/image.ashx?id=2577800&use=l&cat=p&typeid=i","cat":312612},{"id":48745,"n":"Chocolat Pâtissier Nestlé Dessert Lait - 170g","p":2.85,"u":"16,76 €/KG","img":"https://fd14-photos.leclercdrive.fr/image.ashx?id=2961242&use=l&cat=p&typeid=i","cat":285562},{"id":48803,"n":"Confiture Confipote allégée en  Sucres - Pot Abricot - 350g","p":1.65,"u":"4,71 €/KG","img":"https://fd14-photos.leclercdrive.fr/image.ashx?id=2120959&use=l&cat=p&typeid=i","cat":284480},{"id":48806,"n":"Tomates pelées bio Jardin Bio - 480g","p":2.51,"u":"5,23 €/KG","img":"https://fd14-photos.leclercdrive.fr/image.ashx?id=2535571&use=l&cat=p&typeid=i","cat":288384},{"id":48809,"n":"Tartines bio Jardin Bio Craquantes au sarrasin - 300g","p":3.41,"u":"11,37 €/KG","img":"https://fd14-photos.leclercdrive.fr/image.ashx?id=2535562&use=l&cat=p&typeid=i","cat":284479},{"id":48823,"n":"Haché Végétal bio Céréal Bio Façon Bolognaise au Soja 250g","p":2.45,"u":"9,80 €/KG","img":"https://fd14-photos.leclercdrive.fr/image.ashx?id=2575090&use=l&cat=p&typeid=i","cat":287600},{"id":48854,"n":"Jus de carotte Le jardin Bio Origine France - 75cl","p":2.69,"u":"3,59 €/L","img":"https://fd14-photos.leclercdrive.fr/image.ashx?id=2743463&use=l&cat=p&typeid=i","cat":284523},{"id":48870,"n":"Infusion bio Jardin Bio Thym de France x20 - 28g","p":2.32,"u":"82,86 €/KG","img":"https://fd14-photos.leclercdrive.fr/image.ashx?id=2792840&use=l&cat=p&typeid=i","cat":293234},{"id":48878,"n":"Jus Le Jardin Bio Pruneaux - 75cl","p":3.85,"u":"5,13 €/L","img":"https://fd14-photos.leclercdrive.fr/image.ashx?id=2669190&use=l&cat=p&typeid=i","cat":284915},{"id":48879,"n":"Purée de piment Tables du Monde - 100g","p":1.19,"u":"11,90 €/KG","img":"https://fd14-photos.leclercdrive.fr/image.ashx?id=2679744&use=l&cat=p&typeid=i","cat":288992},{"id":48915,"n":"Sauce Arôme Maggi 1kg","p":5.8,"u":"5,80 €/KG","img":"https://fd14-photos.leclercdrive.fr/image.ashx?id=2785352&use=l&cat=p&typeid=i","cat":288379},{"id":49018,"n":"Beurre Moulé Paysan Breton Sel de guérande - 80% MG - 250g","p":3.2,"u":"12,80 €/KG","img":"https://fd14-photos.leclercdrive.fr/image.ashx?id=2869035&use=l&cat=p&typeid=i","cat":284379},{"id":49055,"n":"Steak haché charolais 15% MG Férial - 250g","p":4.69,"u":"18,76 €/KG","img":"https://fd14-photos.leclercdrive.fr/image.ashx?id=2903983&use=l&cat=p&typeid=i","cat":284332},{"id":49058,"n":"Piles Tech+ Foxter AA/LR6 1,5V - x8","p":2.99,"u":"0,37 €/P","img":"https://fd14-photos.leclercdrive.fr/image.ashx?id=2162324&use=l&cat=p&typeid=i","cat":300572},{"id":49078,"n":"Gaufrette P'tit Déli  Chocolat lait - 125g","p":1.29,"u":"10,32 €/KG","img":"https://fd14-photos.leclercdrive.fr/image.ashx?id=1077093&use=l&cat=p&typeid=i","cat":284490},{"id":49079,"n":"Petites madeleines P'tit Deli  Pépites de chocolat - 400g","p":1.68,"u":"4,20 €/KG","img":"https://fd14-photos.leclercdrive.fr/image.ashx?id=2603710&use=l&cat=p&typeid=i","cat":284492},{"id":49295,"n":"Cotons Démaquillants Demak'Up Ovale sensitive - x48","p":1.5,"u":"0,03 €/P","img":"https://fd14-photos.leclercdrive.fr/image.ashx?id=2745277&use=l&cat=p&typeid=i","cat":284636},{"id":49296,"n":"Barre Chocolat au Lait Lion x10 barres - 420g","p":3.73,"u":"8,88 €/KG","img":"https://fd14-photos.leclercdrive.fr/image.ashx?id=2736988&use=l&cat=p&typeid=i","cat":284498},{"id":49298,"n":"Biscuits croquant Nutella &Go! Pâte à tartiner x2 packs - 104g","p":2.43,"u":"23,37 €/KG","img":"https://fd14-photos.leclercdrive.fr/image.ashx?id=2737240&use=l&cat=p&typeid=i","cat":284488},{"id":49306,"n":"Gel anti-calcaire Calgon  Hygiène Plus - 2,25L","p":12.83,"u":"5,70 €/L","img":"https://fd14-photos.leclercdrive.fr/image.ashx?id=2953764&use=l&cat=p&typeid=i","cat":284653},{"id":49327,"n":"Déodorant Bille Homme Nivea Men Black&White Original - 50ml","p":1.9,"u":"38,00 €/L","img":"https://fd14-photos.leclercdrive.fr/image.ashx?id=2165815&use=l&cat=p&typeid=i","cat":284618},{"id":49333,"n":"Déodorant bille Men Expert Carbon Protection 48h - 50ml","p":2.57,"u":"51,40 €/L","img":"https://fd14-photos.leclercdrive.fr/image.ashx?id=2394561&use=l&cat=p&typeid=i","cat":284618},{"id":49342,"n":"Moutarde Eco+ Forte au vinaigre - 850g","p":1.7,"u":"2,00 €/KG","img":"https://fd14-photos.leclercdrive.fr/image.ashx?id=2954325&use=l&cat=p&typeid=i","cat":288850},{"id":49354,"n":"Olives Noires Grecques Tramier  Dénoyautées 220g","p":2.5,"u":"25,00 €/KG","img":"https://fd14-photos.leclercdrive.fr/image.ashx?id=2836340&use=l&cat=p&typeid=i","cat":284450},{"id":49360,"n":"Président Léger 250g","p":2.6,"u":"10,40 €/KG","img":"https://fd14-photos.leclercdrive.fr/image.ashx?id=2870380&use=l&cat=p&typeid=i","cat":314033},{"id":49397,"n":"Lait Les Eleveurs de Bretagne Demi-écrémé Bouteille -  6x50cl","p":4.5,"u":"1,50 €/L","img":"https://fd14-photos.leclercdrive.fr/image.ashx?id=1746983&use=l&cat=p&typeid=i","cat":284377},{"id":49400,"n":"Beurre La Motte Président  Demi-sel - 80% MG - 250g","p":3.4,"u":"13,60 €/KG","img":"https://fd14-photos.leclercdrive.fr/image.ashx?id=2903113&use=l&cat=p&typeid=i","cat":284379},{"id":49561,"n":"Gel Douche 5en1 Men Expert Pure carbon - 300ml","p":2.95,"u":"9,83 €/L","img":"https://fd14-photos.leclercdrive.fr/image.ashx?id=1603553&use=l&cat=p&typeid=i","cat":284619},{"id":49567,"n":"Diabolo grenadine Sprink's Bouteille - 1.5L","p":1.69,"u":"1,13 €/L","img":"https://fd14-photos.leclercdrive.fr/image.ashx?id=2188700&use=l&cat=p&typeid=i","cat":284532},{"id":49575,"n":"Boisson énergisante Monster Energy Mixxd Punch - 50CL","p":1.5,"u":"3,00 €/L","img":"https://fd14-photos.leclercdrive.fr/image.ashx?id=2206172&use=l&cat=p&typeid=i","cat":284533},{"id":49640,"n":"Bières blonde Bio Dremmwel 5% - 6x25cl","p":5.45,"u":"3,63 €/L","img":"https://fd14-photos.leclercdrive.fr/image.ashx?id=2678050&use=l&cat=p&typeid=i","cat":334873},{"id":49653,"n":"Chapelure dorée Tipiak 250g","p":0.62,"u":"2,48 €/KG","img":"https://fd14-photos.leclercdrive.fr/image.ashx?id=2563490&use=l&cat=p&typeid=i","cat":288382},{"id":49656,"n":"Sauce burger Amora 448g","p":2.45,"u":"5,47 €/KG","img":"https://fd14-photos.leclercdrive.fr/image.ashx?id=3014656&use=l&cat=p&typeid=i","cat":318431},{"id":49657,"n":"Huile de noisette Cauvin 25cl","p":3.5,"u":"14,00 €/L","img":"https://fd14-photos.leclercdrive.fr/image.ashx?id=2484221&use=l&cat=p&typeid=i","cat":284453},{"id":49677,"n":"Mousse fromage blanc Délisse Lit de fruits 0%MG - 4x115g","p":1.83,"u":"3,98 €/KG","img":"https://fd14-photos.leclercdrive.fr/image.ashx?id=2991130&use=l&cat=p&typeid=i","cat":284409},{"id":49681,"n":"Yaourt La Laitière Nature - 4x125g","p":1.7,"u":"3,40 €/KG","img":"https://fd14-photos.leclercdrive.fr/image.ashx?id=3007978&use=l&cat=p&typeid=i","cat":284409},{"id":49682,"n":"Yaourt La Laitière Vanille - 4x125g","p":1.9,"u":"3,80 €/KG","img":"https://fd14-photos.leclercdrive.fr/image.ashx?id=2650393&use=l&cat=p&typeid=i","cat":286006},{"id":49684,"n":"Yaourts La Laitière Nature - 8x125g","p":2.75,"u":"22,00 €/KG","img":"https://fd14-photos.leclercdrive.fr/image.ashx?id=2679509&use=l&cat=p&typeid=i","cat":284409},{"id":49700,"n":"Matin Léger Bio de Lactel Sans lactose 1.2%mg - 6x1L","p":12.6,"u":"2,10 €/L","img":"https://fd14-photos.leclercdrive.fr/image.ashx?id=2883552&use=l&cat=p&typeid=i","cat":317169},{"id":49761,"n":"Déodorant masculin Williams Stick Ice blue - 75ml","p":2.5,"u":"33,33 €/L","img":"https://fd14-photos.leclercdrive.fr/image.ashx?id=2774742&use=l&cat=p&typeid=i","cat":284618},{"id":49800,"n":"Chorizo doux César Moroni   200g","p":2.75,"u":"13,75 €/KG","img":"https://fd14-photos.leclercdrive.fr/image.ashx?id=2854420&use=l&cat=p&typeid=i","cat":316006},{"id":49825,"n":"Croco Pik Haribo  Sachet bonbons acidulés - 275g","p":1.6,"u":"5,82 €/KG","img":"https://fd14-photos.leclercdrive.fr/image.ashx?id=2802350&use=l&cat=p&typeid=i","cat":304250},{"id":49828,"n":"Happy Life Haribo Sachet bonbons - 275g","p":1.5,"u":"5,45 €/KG","img":"https://fd14-photos.leclercdrive.fr/image.ashx?id=2803577&use=l&cat=p&typeid=i","cat":304250},{"id":49832,"n":"Dragibus Pik Haribo Sachet bonbons - 230g","p":1.65,"u":"7,17 €/KG","img":"https://fd14-photos.leclercdrive.fr/image.ashx?id=2984907&use=l&cat=p&typeid=i","cat":304250},{"id":49834,"n":"Bonbons LUTTI BestFizz Assortiment Piquant - 550g","p":3.4,"u":"6,18 €/KG","img":"https://fd14-photos.leclercdrive.fr/image.ashx?id=2815022&use=l&cat=p&typeid=i","cat":304250},{"id":49845,"n":"Jus multifruits Jafaden Brique, ABC - 2L","p":2.65,"u":"1,33 €/L","img":"https://fd14-photos.leclercdrive.fr/image.ashx?id=2759220&use=l&cat=p&typeid=i","cat":284917},{"id":49863,"n":"Pizza feu de bois  Turini  Saumon  - 420g","p":2.45,"u":"5,83 €/KG","img":"https://fd14-photos.leclercdrive.fr/image.ashx?id=2816579&use=l&cat=p&typeid=i","cat":284256},{"id":49870,"n":"Protection Absorbante Tena Men  Médium - x10","p":3.9,"u":"0,39 €/P","img":"https://fd14-photos.leclercdrive.fr/image.ashx?id=2428573&use=l&cat=p&typeid=i","cat":291514},{"id":49872,"n":"Tampons Tampax Compak Pearl Super - x18","p":2.8,"u":"0,16 €/P","img":"https://fd14-photos.leclercdrive.fr/image.ashx?id=2956616&use=l&cat=p&typeid=i","cat":284626},{"id":49880,"n":"Boisson concentrée Frucci Menthe avec édulcorants - 75cl","p":2.39,"u":"3,19 €/L","img":"https://fd14-photos.leclercdrive.fr/image.ashx?id=2909903&use=l&cat=p&typeid=i","cat":295020},{"id":49881,"n":"Sirop Frucci Zero Grenadine avec edulcorants-75cl","p":2.49,"u":"3,32 €/L","img":"https://fd14-photos.leclercdrive.fr/image.ashx?id=2397663&use=l&cat=p&typeid=i","cat":295020},{"id":49882,"n":"Sirop Frucci Zero Pêche avec édulcorants - 75cl","p":2.35,"u":"3,13 €/L","img":"https://fd14-photos.leclercdrive.fr/image.ashx?id=2954100&use=l&cat=p&typeid=i","cat":295020},{"id":49883,"n":"Soda tonic Sprink's 1.5L","p":1.05,"u":"0,70 €/L","img":"https://fd14-photos.leclercdrive.fr/image.ashx?id=2147420&use=l&cat=p&typeid=i","cat":284531},{"id":49900,"n":"Feuilletés fromage fondu Eco+ 650g","p":1.67,"u":"2,57 €/KG","img":"https://fd14-photos.leclercdrive.fr/image.ashx?id=2079792&use=l&cat=p&typeid=i","cat":319776},{"id":49930,"n":"Yaourt douceur Le Petit Basque Brebis nature - 4x100g","p":2.8,"u":"7,00 €/KG","img":"https://fd14-photos.leclercdrive.fr/image.ashx?id=2248084&use=l&cat=p&typeid=i","cat":314998},{"id":49931,"n":"Yaourt douceur Le Petit Basque Brebis citron - 4x100g","p":2.65,"u":"6,63 €/KG","img":"https://fd14-photos.leclercdrive.fr/image.ashx?id=2248087&use=l&cat=p&typeid=i","cat":314998},{"id":49932,"n":"Fromage Pavé d'Affinois Original - 180g","p":2.5,"u":"13,89 €/KG","img":"https://fd14-photos.leclercdrive.fr/image.ashx?id=2644070&use=l&cat=p&typeid=i","cat":314030},{"id":49933,"n":"Fromage Pavé d'Affinois Mini Mix 5 variétés - 130g","p":2.5,"u":"19,23 €/KG","img":"https://fd14-photos.leclercdrive.fr/image.ashx?id=2644076&use=l&cat=p&typeid=i","cat":314030},{"id":49954,"n":"Limonade Sprink's 6x50cl","p":4.92,"u":"1,64 €/L","img":"https://fd14-photos.leclercdrive.fr/image.ashx?id=2147417&use=l&cat=p&typeid=i","cat":284531},{"id":49956,"n":"Soda à l'orange Orangina Sans Sucres - 1,5L","p":1.65,"u":"1,10 €/L","img":"https://fd14-photos.leclercdrive.fr/image.ashx?id=2946496&use=l&cat=p&typeid=i","cat":284532},{"id":49970,"n":"Grenailles Pom Bistro à l'Huile d'Olive - 450g","p":3.4,"u":"7,56 €/KG","img":"https://fd14-photos.leclercdrive.fr/image.ashx?id=2866415&use=l&cat=p&typeid=i","cat":319792},{"id":49971,"n":"Frites Pom Bistro à la Graisse de Canard - 500g","p":3.4,"u":"6,80 €/KG","img":"https://fd14-photos.leclercdrive.fr/image.ashx?id=2866412&use=l&cat=p&typeid=i","cat":319791},{"id":49981,"n":"Velouté Liebig Légumes du soleil - 1L","p":2.67,"u":"2,67 €/L","img":"https://fd14-photos.leclercdrive.fr/image.ashx?id=2750991&use=l&cat=p&typeid=i","cat":284462},{"id":49983,"n":"Sauce yakitori Kikkoman 250ml","p":4.35,"u":"17,40 €/L","img":"https://fd14-photos.leclercdrive.fr/image.ashx?id=2536299&use=l&cat=p&typeid=i","cat":288992},{"id":49990,"n":"Tortillas fraiches 20cm x8 - 320g","p":1.95,"u":"6,09 €/KG","img":"https://fd14-photos.leclercdrive.fr/image.ashx?id=1553401&use=l&cat=p&typeid=i","cat":288993},{"id":49996,"n":"Boisson aux fruits Oasis Mini Pomme Cassis Framboise - 6x25cl","p":3.1,"u":"2,07 €/L","img":"https://fd14-photos.leclercdrive.fr/image.ashx?id=2692272&use=l&cat=p&typeid=i","cat":295018},{"id":49997,"n":"Boisson aux fruits Oasis Mini Tropical - 6x25cl","p":2.75,"u":"1,83 €/L","img":"https://fd14-photos.leclercdrive.fr/image.ashx?id=2684443&use=l&cat=p&typeid=i","cat":295018},{"id":50003,"n":"Café soluble Maxwell House Qualité Filtre - 20g","p":7.55,"u":"37,75 €/KG","img":"https://fd14-photos.leclercdrive.fr/image.ashx?id=1755025&use=l&cat=p&typeid=i","cat":284843},{"id":50004,"n":"Kit Crousti Fajitas Old El Paso extra doux - 521g","p":4.52,"u":"8,68 €/KG","img":"https://fd14-photos.leclercdrive.fr/image.ashx?id=2765402&use=l&cat=p&typeid=i","cat":288993},{"id":50008,"n":"Filets de maquereaux Catalane Les Mouettes d'Arvor  - 169g","p":3.1,"u":"18,34 €/KG","img":"https://fd14-photos.leclercdrive.fr/image.ashx?id=1892276&use=l&cat=p&typeid=i","cat":303868},{"id":50052,"n":"Lait bébé en poudre Galliagest croissance Dès 12 mois 900g","p":13.05,"u":"14,50 €/KG","img":"https://fd14-photos.leclercdrive.fr/image.ashx?id=2616844&use=l&cat=p&typeid=i","cat":290219},{"id":50053,"n":"Eau gazeuse minérale Salvetat pauvre en sodium - 6x50cl","p":2.3,"u":"0,77 €/L","img":"https://fd14-photos.leclercdrive.fr/image.ashx?id=2533469&use=l&cat=p&typeid=i","cat":284536},{"id":50068,"n":"Soupe liquide velouté Knorr Potiron crème fraîche - 500ml","p":1.64,"u":"3,28 €/L","img":"https://fd14-photos.leclercdrive.fr/image.ashx?id=2738035&use=l&cat=p&typeid=i","cat":284462},{"id":50070,"n":"Soupe velouté  Potiron - 30cl","p":1.25,"u":"4,17 €/L","img":"https://fd14-photos.leclercdrive.fr/image.ashx?id=2740898&use=l&cat=p&typeid=i","cat":284462},{"id":50071,"n":"Soupe Douceur Knorr 8 légumes - 30cl","p":1.2,"u":"4,00 €/L","img":"https://fd14-photos.leclercdrive.fr/image.ashx?id=2738026&use=l&cat=p&typeid=i","cat":284462},{"id":50072,"n":"Soupe Liquide Douceur Knorr 8 légumes à la crème - 50cl","p":1.47,"u":"2,94 €/L","img":"https://fd14-photos.leclercdrive.fr/image.ashx?id=2738023&use=l&cat=p&typeid=i","cat":284462},{"id":50082,"n":"Dessert fruits mixés Sojasun Myrtilles - 4x100g","p":1.6,"u":"4,00 €/KG","img":"https://fd14-photos.leclercdrive.fr/image.ashx?id=2355680&use=l&cat=p&typeid=i","cat":316071},{"id":50091,"n":"Lait de coco Kara - brique 200ml","p":1.01,"u":"5,05 €/L","img":"https://fd14-photos.leclercdrive.fr/image.ashx?id=2906895&use=l&cat=p&typeid=i","cat":288992},{"id":50106,"n":"Nems au Porc Tables du Monde x4 - 280g","p":1.76,"u":"6,29 €/KG","img":"https://fd14-photos.leclercdrive.fr/image.ashx?id=2967670&use=l&cat=p&typeid=i","cat":333673},{"id":50131,"n":"Compotes Pom'Potes Gourdes  Multivariétés - 20x90g","p":6.67,"u":"3,71 €/KG","img":"https://fd14-photos.leclercdrive.fr/image.ashx?id=3010930&use=l&cat=p&typeid=i","cat":284508},{"id":50133,"n":"Dessert fruitier Andros Pomme, morceaux- 695g","p":2.4,"u":"3,45 €/KG","img":"https://fd14-photos.leclercdrive.fr/image.ashx?id=2397770&use=l&cat=p&typeid=i","cat":284508},{"id":50135,"n":"Lingettes Textil Anti-transfert - x40","p":3.71,"u":"0,09 €/P","img":"https://fd14-photos.leclercdrive.fr/image.ashx?id=2964574&use=l&cat=p&typeid=i","cat":290450},{"id":50140,"n":"Lait pasteurisé Bio Bridel Demi-écrémé Bouteille - 1L","p":1.6,"u":"1,60 €/L","img":"https://fd14-photos.leclercdrive.fr/image.ashx?id=2674776&use=l&cat=p&typeid=i","cat":285609},{"id":50211,"n":"Pain Bruschetta La Boulangère 400g","p":2.5,"u":"6,25 €/KG","img":"https://fd14-photos.leclercdrive.fr/image.ashx?id=2912404&use=l&cat=p&typeid=i","cat":284985},{"id":50214,"n":"Laque  Fixation forte - 75ml","p":1.27,"u":"16,93 €/L","img":"https://fd14-photos.leclercdrive.fr/image.ashx?id=2934718&use=l&cat=p&typeid=i","cat":284609},{"id":50215,"n":"Huile sublime  Vitanove Cheveux sec - 150ml","p":3.99,"u":"26,60 €/L","img":"https://fd14-photos.leclercdrive.fr/image.ashx?id=2209720&use=l&cat=p&typeid=i","cat":284608},{"id":50218,"n":"Tronches de Cake St Michel 175g","p":1.7,"u":"9,71 €/KG","img":"https://fd14-photos.leclercdrive.fr/image.ashx?id=2949946&use=l&cat=p&typeid=i","cat":284495},{"id":50225,"n":"Biscuits Choco suprême Milka Chocolat - 180g","p":2.63,"u":"14,61 €/KG","img":"https://fd14-photos.leclercdrive.fr/image.ashx?id=2990991&use=l&cat=p&typeid=i","cat":284488},{"id":50226,"n":"Biscuits sablés Granola Chocolat au lait - 3x200g","p":4.29,"u":"7,15 €/KG","img":"https://fd14-photos.leclercdrive.fr/image.ashx?id=3009125&use=l&cat=p&typeid=i","cat":284488},{"id":50227,"n":"Biscuits Granola Chocolat au lait - 200g","p":1.44,"u":"7,20 €/KG","img":"https://fd14-photos.leclercdrive.fr/image.ashx?id=2324282&use=l&cat=p&typeid=i","cat":284488},{"id":50231,"n":"Biscuit Dinosaurus Lotus Chocolat au lait - 225g","p":1.94,"u":"8,62 €/KG","img":"https://fd14-photos.leclercdrive.fr/image.ashx?id=2859815&use=l&cat=p&typeid=i","cat":284488},{"id":50235,"n":"Cookies Bonne Maman  Chocolat noisette - 225g","p":2.6,"u":"11,56 €/KG","img":"https://fd14-photos.leclercdrive.fr/image.ashx?id=2936164&use=l&cat=p&typeid=i","cat":325066},{"id":50253,"n":"Soda Sprink's Lemon - 1.5L","p":1.4,"u":"0,93 €/L","img":"https://fd14-photos.leclercdrive.fr/image.ashx?id=1929943&use=l&cat=p&typeid=i","cat":284532},{"id":50256,"n":"Soda Sprink's Lemon Lime - 1.5L","p":0.89,"u":"0,59 €/L","img":"https://fd14-photos.leclercdrive.fr/image.ashx?id=2913736&use=l&cat=p&typeid=i","cat":284532},{"id":50262,"n":"Kebab de poulet Fleury Michon Semoule à l'orientale - 280g","p":2.95,"u":"10,54 €/KG","img":"https://fd14-photos.leclercdrive.fr/image.ashx?id=2680167&use=l&cat=p&typeid=i","cat":333665},{"id":50263,"n":"Poulet rôti Fleury Michon potatoes sauce blanche - 280g","p":2.95,"u":"10,54 €/KG","img":"https://fd14-photos.leclercdrive.fr/image.ashx?id=2680170&use=l&cat=p&typeid=i","cat":333665},{"id":50359,"n":"Après rasage Mennen Green tonic - 125ml","p":3.8,"u":"30,40 €/L","img":"https://fd14-photos.leclercdrive.fr/image.ashx?id=2633872&use=l&cat=p&typeid=i","cat":288147},{"id":50360,"n":"Mousse à Raser Nivea Men Peaux Sensibles - 200 ml","p":2.45,"u":"12,25 €/L","img":"https://fd14-photos.leclercdrive.fr/image.ashx?id=3005212&use=l&cat=p&typeid=i","cat":284617},{"id":50458,"n":"Fromage Roucoulons Fromagerie Milleret- 220g","p":2.7,"u":"12,27 €/KG","img":"https://fd14-photos.leclercdrive.fr/image.ashx?id=2450922&use=l&cat=p&typeid=i","cat":329558},{"id":50485,"n":"Sirop Frucci Sans sucres - 75cl","p":2.39,"u":"3,19 €/L","img":"https://fd14-photos.leclercdrive.fr/image.ashx?id=2956735&use=l&cat=p&typeid=i","cat":295020},{"id":50508,"n":"Soin yeux L'Oréal Paris  Revitalift anti-rides  - 15ml","p":14.65,"u":"976,67 €/L","img":"https://fd14-photos.leclercdrive.fr/image.ashx?id=2867524&use=l&cat=p&typeid=i","cat":325345},{"id":50524,"n":"Crème soin Nivea visage Sensitive soin de jour - 50ml","p":3.95,"u":"79,00 €/L","img":"https://fd14-photos.leclercdrive.fr/image.ashx?id=2221581&use=l&cat=p&typeid=i","cat":325345},{"id":50530,"n":"Bonbons Tic Tac Acidulé Fruit du dragon - x100 - 49g","p":2.06,"u":"42,04 €/KG","img":"https://fd14-photos.leclercdrive.fr/image.ashx?id=2985597&use=l&cat=p&typeid=i","cat":304256},{"id":50569,"n":"Boisson aromatisée Cristaline Jus de fruits tropical - 1.5L","p":0.95,"u":"0,63 €/L","img":"https://fd14-photos.leclercdrive.fr/image.ashx?id=2344618&use=l&cat=p&typeid=i","cat":284537},{"id":50590,"n":"Lentilles préparées D'aucy  530g","p":1.5,"u":"2,83 €/KG","img":"https://fd14-photos.leclercdrive.fr/image.ashx?id=2560597&use=l&cat=p&typeid=i","cat":312609},{"id":50600,"n":"Crème onctueuse lait d'anesse Bio - So'Bio Etic - 50 ml","p":7.85,"u":"157,00 €/L","img":"https://fd14-photos.leclercdrive.fr/image.ashx?id=2909062&use=l&cat=p&typeid=i","cat":325345},{"id":50604,"n":"Lotion micellaire So Bio Etic Aloe vera bio - 500 ml","p":4.9,"u":"9,80 €/L","img":"https://fd14-photos.leclercdrive.fr/image.ashx?id=2493508&use=l&cat=p&typeid=i","cat":284603},{"id":50609,"n":"Savon crème lait d'anesse SoBIO Distrinat bio - 100g","p":2.5,"u":"25,00 €/KG","img":"https://fd14-photos.leclercdrive.fr/image.ashx?id=2494728&use=l&cat=p&typeid=i","cat":284597},{"id":50626,"n":"AOC Saint-Émilion vin rouge Chantet Blanet - 37,5cl","p":4.79,"u":"12,77 €/L","img":"https://fd14-photos.leclercdrive.fr/image.ashx?id=2279975&use=l&cat=p&typeid=i","cat":289556},{"id":50662,"n":"Chocolat en poudre Nesquik Extra Choco - 600g","p":5.2,"u":"8,67 €/KG","img":"https://fd14-photos.leclercdrive.fr/image.ashx?id=3004438&use=l&cat=p&typeid=i","cat":293235},{"id":50672,"n":"Biscuits à la cuillère x30 Bonne Maman - 250g","p":4.35,"u":"17,40 €/KG","img":"https://fd14-photos.leclercdrive.fr/image.ashx?id=2936152&use=l&cat=p&typeid=i","cat":284487},{"id":50676,"n":"Madeleine coquille St Michel  Oeuf plein air x24 - 600g","p":3.5,"u":"5,83 €/KG","img":"https://fd14-photos.leclercdrive.fr/image.ashx?id=2936197&use=l&cat=p&typeid=i","cat":284492},{"id":50680,"n":"Barre Chocolatée KINDER Country  Céréales chocolat x15 - 352,5g","p":4.85,"u":"13,78 €/KG","img":"https://fd14-photos.leclercdrive.fr/image.ashx?id=2231903&use=l&cat=p&typeid=i","cat":284498},{"id":50683,"n":"Barre marbré  Ker Cadélac  Cacao - 500g","p":2.25,"u":"4,50 €/KG","img":"https://fd14-photos.leclercdrive.fr/image.ashx?id=2939508&use=l&cat=p&typeid=i","cat":294776},{"id":50684,"n":"Madeleine Ker Cadélac  Pépites chocolat x24 - 600g","p":3.8,"u":"6,33 €/KG","img":"https://fd14-photos.leclercdrive.fr/image.ashx?id=2507991&use=l&cat=p&typeid=i","cat":284492},{"id":50687,"n":"Compotes Pom'Potes Gourdes  Multivariétés Inédits - 12x90g","p":5.7,"u":"5,28 €/KG","img":"https://fd14-photos.leclercdrive.fr/image.ashx?id=3010924&use=l&cat=p&typeid=i","cat":284508},{"id":50688,"n":"Pains au chocolat Pasquier  x16 - 720g","p":4.35,"u":"6,04 €/KG","img":"https://fd14-photos.leclercdrive.fr/image.ashx?id=2686837&use=l&cat=p&typeid=i","cat":296366},{"id":50689,"n":"Croissants Pasquier x8 - 320g","p":1.86,"u":"5,81 €/KG","img":"https://fd14-photos.leclercdrive.fr/image.ashx?id=2853053&use=l&cat=p&typeid=i","cat":296366},{"id":50690,"n":"Brioche tressée Pasquier Tranchée nature - 500g","p":2.5,"u":"5,00 €/KG","img":"https://fd14-photos.leclercdrive.fr/image.ashx?id=2978706&use=l&cat=p&typeid=i","cat":284478},{"id":50705,"n":"Toasts ronds nature Jacquet - 250g","p":1.4,"u":"5,60 €/KG","img":"https://fd14-photos.leclercdrive.fr/image.ashx?id=2979602&use=l&cat=p&typeid=i","cat":285454},{"id":50706,"n":"Toasts foie gras ronds Jacquet - 250g","p":1.44,"u":"5,76 €/KG","img":"https://fd14-photos.leclercdrive.fr/image.ashx?id=2979599&use=l&cat=p&typeid=i","cat":285454},{"id":50712,"n":"Biscuits Choco Pause Milka Chocolat au lait - 260g","p":1.56,"u":"6,00 €/KG","img":"https://fd14-photos.leclercdrive.fr/image.ashx?id=2192572&use=l&cat=p&typeid=i","cat":284488},{"id":50714,"n":"Biscottes Heudebert  Goût brioché - 290g","p":1.65,"u":"5,69 €/KG","img":"https://fd14-photos.leclercdrive.fr/image.ashx?id=3001979&use=l&cat=p&typeid=i","cat":284479},{"id":50717,"n":"Gâche tranchée La Fournée Dorée Pépites de chocolat - 500g","p":2.65,"u":"5,30 €/KG","img":"https://fd14-photos.leclercdrive.fr/image.ashx?id=2347035&use=l&cat=p&typeid=i","cat":284478},{"id":50734,"n":"Soda Sprink's Orange - 1.5L","p":0.92,"u":"0,61 €/L","img":"https://fd14-photos.leclercdrive.fr/image.ashx?id=2925979&use=l&cat=p&typeid=i","cat":284532},{"id":50739,"n":"Bacon fumé Eco+ 12 tranches - 150g","p":1.62,"u":"10,80 €/KG","img":"https://fd14-photos.leclercdrive.fr/image.ashx?id=2837111&use=l&cat=p&typeid=i","cat":316007},{"id":50759,"n":"Biscuit croquant Bonne Maman  Noix de coco - 150g","p":1.3,"u":"8,67 €/KG","img":"https://fd14-photos.leclercdrive.fr/image.ashx?id=2936188&use=l&cat=p&typeid=i","cat":284487},{"id":50760,"n":"Sablés Bonne Maman  Tout Chocolat - 150g","p":1.4,"u":"9,33 €/KG","img":"https://fd14-photos.leclercdrive.fr/image.ashx?id=2923687&use=l&cat=p&typeid=i","cat":325066},{"id":50770,"n":"Pâtes serpentin Turini  Cuisson rapide - 500g","p":1.16,"u":"2,32 €/KG","img":"https://fd14-photos.leclercdrive.fr/image.ashx?id=2607560&use=l&cat=p&typeid=i","cat":284427},{"id":50772,"n":"Epaule cuite sans couenne Eco+ 8 tranches - 360g","p":1.82,"u":"5,06 €/KG","img":"https://fd14-photos.leclercdrive.fr/image.ashx?id=2678577&use=l&cat=p&typeid=i","cat":316009},{"id":50773,"n":"Dés de jambon Eco+ 2x100G","p":1.75,"u":"8,75 €/KG","img":"https://fd14-photos.leclercdrive.fr/image.ashx?id=2930936&use=l&cat=p&typeid=i","cat":316011},{"id":50776,"n":"Mousse de foie Eco+ 300g","p":1.37,"u":"4,57 €/KG","img":"https://fd14-photos.leclercdrive.fr/image.ashx?id=2728297&use=l&cat=p&typeid=i","cat":316008},{"id":50778,"n":"Jambon qualité choix Eco+ 10 tranches - 500g","p":4.35,"u":"8,70 €/KG","img":"https://fd14-photos.leclercdrive.fr/image.ashx?id=2970492&use=l&cat=p&typeid=i","cat":316009},{"id":50843,"n":"Pastis Ricard Anisé 45% vol - 2L","p":39.5,"u":"19,75 €/L","img":"https://fd14-photos.leclercdrive.fr/image.ashx?id=2919271&use=l&cat=p&typeid=i","cat":284548},{"id":50863,"n":"Savon verveine Petit Olivier 2x100g","p":2.07,"u":"10,35 €/KG","img":"https://fd14-photos.leclercdrive.fr/image.ashx?id=2144839&use=l&cat=p&typeid=i","cat":284597},{"id":50864,"n":"Savon Petit Olivier Fleur d'oranger - 2x100g","p":2.15,"u":"10,75 €/KG","img":"https://fd14-photos.leclercdrive.fr/image.ashx?id=2660862&use=l&cat=p&typeid=i","cat":284597},{"id":50866,"n":"Savon doux karité Petit Olivier Surgras - 250g","p":2.35,"u":"9,40 €/KG","img":"https://fd14-photos.leclercdrive.fr/image.ashx?id=2144848&use=l&cat=p&typeid=i","cat":284597},{"id":50867,"n":"Petit Olivier savon Marseille Avec ou sans pompe -  300ml","p":2.6,"u":"8,67 €/L","img":"https://fd14-photos.leclercdrive.fr/image.ashx?id=2683793&use=l&cat=p&typeid=i","cat":284597},{"id":50900,"n":"Daunat baguette le Goûteux Poulet - 220g","p":2.3,"u":"10,45 €/KG","img":"https://fd14-photos.leclercdrive.fr/image.ashx?id=2623235&use=l&cat=p&typeid=i","cat":333658},{"id":50903,"n":"Rana Feuilles de lasagnes Fraîches - 250g","p":1.75,"u":"7,00 €/KG","img":"https://fd14-photos.leclercdrive.fr/image.ashx?id=2529144&use=l&cat=p&typeid=i","cat":333682},{"id":50906,"n":"Cubes allume-feu Eco+ x32","p":1.4,"u":"0,04 €/P","img":"https://fd14-photos.leclercdrive.fr/image.ashx?id=2645125&use=l&cat=p&typeid=i","cat":300578},{"id":50919,"n":"Emincés de boeuf Fleury Michon pommes de terre poivre - 280g","p":3.55,"u":"12,68 €/KG","img":"https://fd14-photos.leclercdrive.fr/image.ashx?id=3003299&use=l&cat=p&typeid=i","cat":333665},{"id":50984,"n":"Soda zéro Sprink's Agrumes - 1,5L","p":0.76,"u":"0,51 €/L","img":"https://fd14-photos.leclercdrive.fr/image.ashx?id=2913724&use=l&cat=p&typeid=i","cat":284532},{"id":51004,"n":"Sucre de canne Daddy Demi morceaux - 750g","p":1.9,"u":"2,53 €/KG","img":"https://fd14-photos.leclercdrive.fr/image.ashx?id=2907950&use=l&cat=p&typeid=i","cat":284502},{"id":51007,"n":"Eau gazeuse Plancoët Fines Bulles - 6x1,25L","p":2.95,"u":"0,39 €/L","img":"https://fd14-photos.leclercdrive.fr/image.ashx?id=2565290&use=l&cat=p&typeid=i","cat":284536},{"id":51046,"n":"Mouchoirs blancs 3 plis Eco+ x15","p":0.99,"u":"0,07 €/P","img":"https://fd14-photos.leclercdrive.fr/image.ashx?id=2824244&use=l&cat=p&typeid=i","cat":284638},{"id":51048,"n":"Lentilles Notre Jardin 3x130g","p":2.09,"u":"5,36 €/KG","img":"https://fd14-photos.leclercdrive.fr/image.ashx?id=3002617&use=l&cat=p&typeid=i","cat":312609},{"id":51089,"n":"Soda Sprink's Aux agrumes - 1.5L","p":1.4,"u":"0,93 €/L","img":"https://fd14-photos.leclercdrive.fr/image.ashx?id=2913727&use=l&cat=p&typeid=i","cat":284532},{"id":51248,"n":"Crème dessert La Laitière Caramel  - 4x100g","p":2.1,"u":"5,25 €/KG","img":"https://fd14-photos.leclercdrive.fr/image.ashx?id=2875990&use=l&cat=p&typeid=i","cat":285041},{"id":51249,"n":"Crème brûlée La Laitière saveur vanille - 4x100g","p":2.9,"u":"7,25 €/KG","img":"https://fd14-photos.leclercdrive.fr/image.ashx?id=2624116&use=l&cat=p&typeid=i","cat":284419},{"id":51250,"n":"Yaourt nature Activia bifidus 0%MG  - 8x125g","p":2.7,"u":"2,70 €/KG","img":"https://fd14-photos.leclercdrive.fr/image.ashx?id=2741688&use=l&cat=p&typeid=i","cat":315000},{"id":51268,"n":"Eau aromatisée O'Fresh Fraise - 1.5L","p":0.75,"u":"0,50 €/L","img":"https://fd14-photos.leclercdrive.fr/image.ashx?id=2450044&use=l&cat=p&typeid=i","cat":284537},{"id":51275,"n":"Tablette chocolat Côte d'Or Chocolat lait/Noisettes - 180g","p":3.25,"u":"18,06 €/KG","img":"https://fd14-photos.leclercdrive.fr/image.ashx?id=2993140&use=l&cat=p&typeid=i","cat":284497},{"id":51289,"n":"Fromage Blanc Calin Nature - 0% extra - 850g","p":2.15,"u":"2,53 €/KG","img":"https://fd14-photos.leclercdrive.fr/image.ashx?id=2973724&use=l&cat=p&typeid=i","cat":315000},{"id":51291,"n":"Fromage blanc Soignon Nature lait de chèvre - 4x100g","p":2.55,"u":"6,38 €/KG","img":"https://fd14-photos.leclercdrive.fr/image.ashx?id=2539902&use=l&cat=p&typeid=i","cat":314998},{"id":51293,"n":"Douceur satinée Délisse Noix de coco - 4x125g","p":1.71,"u":"3,42 €/KG","img":"https://fd14-photos.leclercdrive.fr/image.ashx?id=2967564&use=l&cat=p&typeid=i","cat":314999},{"id":51297,"n":"Compotes Andros Pomme nature - 8x100g","p":2.2,"u":"2,75 €/KG","img":"https://fd14-photos.leclercdrive.fr/image.ashx?id=2884006&use=l&cat=p&typeid=i","cat":284416},{"id":51300,"n":"Yaourt Nature Sucré Yoplait - 4x125g","p":1.05,"u":"2,10 €/KG","img":"https://fd14-photos.leclercdrive.fr/image.ashx?id=2799898&use=l&cat=p&typeid=i","cat":284409},{"id":51344,"n":"Riz au lait La Laitière Rhum raisin - 4x115g","p":1.8,"u":"3,91 €/KG","img":"https://fd14-photos.leclercdrive.fr/image.ashx?id=2490455&use=l&cat=p&typeid=i","cat":284418},{"id":51346,"n":"Dessert liégeois Viennois Vanille lit de caramel - 4x100g","p":1.6,"u":"4,00 €/KG","img":"https://fd14-photos.leclercdrive.fr/image.ashx?id=2692122&use=l&cat=p&typeid=i","cat":285042},{"id":51353,"n":"Fromage Cantal jeune NRT AOP  200g","p":2.99,"u":"14,95 €/KG","img":"https://fd14-photos.leclercdrive.fr/image.ashx?id=2934832&use=l&cat=p&typeid=i","cat":314034},{"id":51377,"n":"Camembert lait pasteurisé 23%MG Les Eleveurs de Bretagne - 250g","p":1.75,"u":"7,00 €/KG","img":"https://fd14-photos.leclercdrive.fr/image.ashx?id=1741616&use=l&cat=p&typeid=i","cat":314033},{"id":51392,"n":"Yaourts à la Grecque Délisse Lit de fruit jaunes - 4x150g","p":1.99,"u":"3,32 €/KG","img":"https://fd14-photos.leclercdrive.fr/image.ashx?id=2699699&use=l&cat=p&typeid=i","cat":314999},{"id":51395,"n":"Profiteroles Délisse 4x90g","p":2.49,"u":"6,92 €/KG","img":"https://fd14-photos.leclercdrive.fr/image.ashx?id=2844842&use=l&cat=p&typeid=i","cat":284419},{"id":51607,"n":"Fromage enfant Kiri Goûter 8 portions barquettes - 280g","p":3.45,"u":"12,32 €/KG","img":"https://fd14-photos.leclercdrive.fr/image.ashx?id=2972886&use=l&cat=p&typeid=i","cat":314030},{"id":51653,"n":"Bananes Panier du Primeur x5","p":1.69,"u":"0,34 €/P","img":"https://fd14-photos.leclercdrive.fr/image.ashx?id=2302456&use=l&cat=p&typeid=i","cat":284356},{"id":51690,"n":"Rôti de porc Fleury Michon Label Rouge x4 - 160g","p":3.3,"u":"20,63 €/KG","img":"https://fd14-photos.leclercdrive.fr/image.ashx?id=2882686&use=l&cat=p&typeid=i","cat":316009},{"id":51722,"n":"Bâtonnet Magic Smicy Mutlifruits x8 - 320g","p":2.45,"u":"7,66 €/KG","img":"https://fd14-photos.leclercdrive.fr/image.ashx?id=2133942&use=l&cat=p&typeid=i","cat":285250},{"id":51750,"n":"Sel fin La Baleine Iodé - 500g","p":0.5,"u":"1,00 €/KG","img":"https://fd14-photos.leclercdrive.fr/image.ashx?id=1752100&use=l&cat=p&typeid=i","cat":284457},{"id":51822,"n":"Thé glacé Lipton Ice Tea Pêche - 4x50cl","p":3.6,"u":"1,80 €/L","img":"https://fd14-photos.leclercdrive.fr/image.ashx?id=2505471&use=l&cat=p&typeid=i","cat":295019},{"id":51831,"n":"Eau gazeuse Rozana 6x50cl","p":2.6,"u":"0,87 €/L","img":"https://fd14-photos.leclercdrive.fr/image.ashx?id=2870608&use=l&cat=p&typeid=i","cat":284536},{"id":51864,"n":"Bière blonde Kronenbourg 4,2° - 6x25cl","p":3.5,"u":"2,33 €/L","img":"https://fd14-photos.leclercdrive.fr/image.ashx?id=2992747&use=l&cat=p&typeid=i","cat":334873},{"id":51865,"n":"Bière blonde Kronenbourg 4,2° - 10x25cl","p":5.25,"u":"2,10 €/L","img":"https://fd14-photos.leclercdrive.fr/image.ashx?id=2992750&use=l&cat=p&typeid=i","cat":334873},{"id":51866,"n":"Lait Croissance Mots d'Enfants 12 à 36 mois - 6x1L","p":8.04,"u":"1,34 €/L","img":"https://fd14-photos.leclercdrive.fr/image.ashx?id=2770684&use=l&cat=p&typeid=i","cat":284728},{"id":51956,"n":"Gel barquette  Bien Air Muguet  x1","p":1.24,"img":"https://fd14-photos.leclercdrive.fr/image.ashx?id=2466877&use=l&cat=p&typeid=i","cat":311628},{"id":51957,"n":"Gel désodorisant Bien Air Marine - x1","p":1.35,"img":"https://fd14-photos.leclercdrive.fr/image.ashx?id=2466880&use=l&cat=p&typeid=i","cat":311628},{"id":51979,"n":"Boisson au soja Vanille Végé 1L Végé - 200g","p":1.35,"u":"1,35 €/L","img":"https://fd14-photos.leclercdrive.fr/image.ashx?id=2872703&use=l&cat=p&typeid=i","cat":316067},{"id":51989,"n":"Lait sans lactose Délisse UHT Bouteille -  6x50cl","p":5.64,"u":"1,88 €/L","img":"https://fd14-photos.leclercdrive.fr/image.ashx?id=2492267&use=l&cat=p&typeid=i","cat":317169},{"id":51995,"n":"Spécialité laitière Délisse Epaisse - 7% MG - 50cl","p":1.43,"u":"2,86 €/L","img":"https://fd14-photos.leclercdrive.fr/image.ashx?id=2363802&use=l&cat=p&typeid=i","cat":284381},{"id":51996,"n":"Spécialtié laitière Délisse UHT Fluide 4%mg - 3x20cl","p":1.99,"u":"3,32 €/L","img":"https://fd14-photos.leclercdrive.fr/image.ashx?id=2909398&use=l&cat=p&typeid=i","cat":284381},{"id":51999,"n":"Spécialité laitière Délisse Semi-épaisse 4%mg - 2x25cl","p":1.9,"u":"3,80 €/L","img":"https://fd14-photos.leclercdrive.fr/image.ashx?id=1790942&use=l&cat=p&typeid=i","cat":284381},{"id":52000,"n":"Spécialité laitière Délisse Epaisse - 7% MG - 20cl","p":0.95,"u":"4,75 €/L","img":"https://fd14-photos.leclercdrive.fr/image.ashx?id=2375583&use=l&cat=p&typeid=i","cat":284381},{"id":52001,"n":"Pâte à pizza fine Herta Rectangulaire - 390g","p":1.57,"u":"4,03 €/KG","img":"https://fd14-photos.leclercdrive.fr/image.ashx?id=2976110&use=l&cat=p&typeid=i","cat":333681},{"id":52002,"n":"HERTA Pâte à pizza fine & ronde 265g","p":1.27,"u":"4,79 €/KG","img":"https://fd14-photos.leclercdrive.fr/image.ashx?id=2975674&use=l&cat=p&typeid=i","cat":333681},{"id":52003,"n":"Eau aromatisée O'Fresh Fraise - 6x50cl","p":2.99,"u":"1,00 €/L","img":"https://fd14-photos.leclercdrive.fr/image.ashx?id=2441378&use=l&cat=p&typeid=i","cat":284537},{"id":52071,"n":"Tortillas Table du Monde De maïs - 320g","p":1.69,"u":"5,28 €/KG","img":"https://fd14-photos.leclercdrive.fr/image.ashx?id=2679759&use=l&cat=p&typeid=i","cat":288993},{"id":52082,"n":"Roulés Les Croisés Jambon fumé Fromage ail fines herbes - 100g","p":2.79,"u":"27,90 €/KG","img":"https://fd14-photos.leclercdrive.fr/image.ashx?id=2501682&use=l&cat=p&typeid=i","cat":314027},{"id":52083,"n":"Roulés Les Croisés Jambon fumé poivre - 100g","p":2.85,"u":"28,50 €/KG","img":"https://fd14-photos.leclercdrive.fr/image.ashx?id=2501685&use=l&cat=p&typeid=i","cat":314027},{"id":52094,"n":"Poulet rôti purée Côté Table Barquette - 300g","p":2.38,"u":"7,93 €/KG","img":"https://fd14-photos.leclercdrive.fr/image.ashx?id=2476161&use=l&cat=p&typeid=i","cat":284953},{"id":52095,"n":"Salade Menu Fraîcheur Légumes penne pesto  - 300g","p":1.99,"u":"6,63 €/KG","img":"https://fd14-photos.leclercdrive.fr/image.ashx?id=2816585&use=l&cat=p&typeid=i","cat":333657},{"id":52097,"n":"Salade Menu Fraîcheur Pâtes saumon - 300g","p":2.49,"u":"8,30 €/KG","img":"https://fd14-photos.leclercdrive.fr/image.ashx?id=2645960&use=l&cat=p&typeid=i","cat":333657},{"id":52110,"n":"Chiffonnade Saint Azay Jambon italien  - 100g","p":2.99,"u":"29,90 €/KG","img":"https://fd14-photos.leclercdrive.fr/image.ashx?id=2313106&use=l&cat=p&typeid=i","cat":316007},{"id":52112,"n":"Jambon sec Saint Azay  4 tranches - 100g","p":2.06,"u":"20,60 €/KG","img":"https://fd14-photos.leclercdrive.fr/image.ashx?id=2869275&use=l&cat=p&typeid=i","cat":316007},{"id":52118,"n":"Persil Rustica 250g","p":3.29,"u":"13,16 €/KG","img":"https://fd14-photos.leclercdrive.fr/image.ashx?id=2835205&use=l&cat=p&typeid=i","cat":319804},{"id":52122,"n":"Limonade Sprink's Zero - 1.5L","p":0.59,"u":"0,39 €/L","img":"https://fd14-photos.leclercdrive.fr/image.ashx?id=2148846&use=l&cat=p&typeid=i","cat":284531},{"id":52123,"n":"Salade pêcheur Menu Fraîcheur  300g","p":2.65,"u":"8,83 €/KG","img":"https://fd14-photos.leclercdrive.fr/image.ashx?id=2645969&use=l&cat=p&typeid=i","cat":333657},{"id":52124,"n":"Pâtes Tagliatelles Turini  Fraiches - 600g","p":1.89,"u":"3,15 €/KG","img":"https://fd14-photos.leclercdrive.fr/image.ashx?id=2823081&use=l&cat=p&typeid=i","cat":333682},{"id":52126,"n":"Crème brulée Tyrolia Eskiss 350g","p":1.97,"u":"5,63 €/KG","img":"https://fd14-photos.leclercdrive.fr/image.ashx?id=2075672&use=l&cat=p&typeid=i","cat":284266},{"id":52131,"n":"Filet de poulet Côté Table  Pomme de terre salardaise 300g","p":2.73,"u":"9,10 €/KG","img":"https://fd14-photos.leclercdrive.fr/image.ashx?id=2614476&use=l&cat=p&typeid=i","cat":333665},{"id":52134,"n":"Emmental -30% sel fromage bloc  Les Croisés - 200g","p":2.59,"u":"12,95 €/KG","img":"https://fd14-photos.leclercdrive.fr/image.ashx?id=2897790&use=l&cat=p&typeid=i","cat":314034},{"id":52135,"n":"Emmental -30% sel fromage râpé Les Croisés - 150g","p":1.99,"u":"13,27 €/KG","img":"https://fd14-photos.leclercdrive.fr/image.ashx?id=2949197&use=l&cat=p&typeid=i","cat":314035},{"id":52136,"n":"Mozzarella Pic'Express 250g","p":3.39,"u":"13,56 €/KG","img":"https://fd14-photos.leclercdrive.fr/image.ashx?id=2678800&use=l&cat=p&typeid=i","cat":319774},{"id":52141,"n":"Bâtonnets Dentastix Pedigree Moyen chien x7 - 180g","p":2.2,"u":"12,22 €/KG","img":"https://fd14-photos.leclercdrive.fr/image.ashx?id=2981301&use=l&cat=p&typeid=i","cat":294527},{"id":52148,"n":"Filet de poulet Fleury Michon pommes de terre - 300g","p":3.1,"u":"10,33 €/KG","img":"https://fd14-photos.leclercdrive.fr/image.ashx?id=2656754&use=l&cat=p&typeid=i","cat":333665},{"id":52246,"n":"Spray retouche L'Oréal Paris Magic Retouch Noir","p":8.98,"u":"119,73 €/L","img":"https://fd14-photos.leclercdrive.fr/image.ashx?id=2586420&use=l&cat=p&typeid=i","cat":288899},{"id":52249,"n":"Spray retouche L'Oréal Paris Magic Retouch Blond foncé","p":8.98,"u":"119,73 €/L","img":"https://fd14-photos.leclercdrive.fr/image.ashx?id=2586429&use=l&cat=p&typeid=i","cat":288899},{"id":52275,"n":"Emmental Eleveurs de Bretagne Râpé - 200g","p":1.86,"u":"9,30 €/KG","img":"https://fd14-photos.leclercdrive.fr/image.ashx?id=1730286&use=l&cat=p&typeid=i","cat":314035},{"id":52276,"n":"Emmental Eleveurs de Bretagne Râpé - 500g","p":4.62,"u":"9,24 €/KG","img":"https://fd14-photos.leclercdrive.fr/image.ashx?id=1730289&use=l&cat=p&typeid=i","cat":314035},{"id":52277,"n":"Emmental Eleveurs de Bretagne 250g","p":2.35,"u":"9,40 €/KG","img":"https://fd14-photos.leclercdrive.fr/image.ashx?id=1741619&use=l&cat=p&typeid=i","cat":314034},{"id":52328,"n":"Thé glacé Breizh Thé Pêche - 1.5L","p":1.75,"u":"1,17 €/L","img":"https://fd14-photos.leclercdrive.fr/image.ashx?id=2220341&use=l&cat=p&typeid=i","cat":295019},{"id":52329,"n":"Limonade Breizh Lim' 1.5L","p":1.89,"u":"1,26 €/L","img":"https://fd14-photos.leclercdrive.fr/image.ashx?id=2184672&use=l&cat=p&typeid=i","cat":284531},{"id":52333,"n":"Viande bovine : Faux filet*** À griller - 300g","p":6.87,"u":"22,90 €/KG","img":"https://fd14-photos.leclercdrive.fr/image.ashx?id=659570&use=l&cat=p&typeid=i","cat":284328},{"id":52335,"n":"Sauce tomate cuisinée Panzani Tube légumes - 180g","p":0.95,"u":"5,28 €/KG","img":"https://fd14-photos.leclercdrive.fr/image.ashx?id=2984751&use=l&cat=p&typeid=i","cat":288384},{"id":52351,"n":"Navet  1p","p":0.28,"img":"https://fd14-photos.leclercdrive.fr/image.ashx?id=1632668&use=l&cat=p&typeid=i","cat":284352},{"id":52372,"n":"Crème fraîche 30%mg Les Eleveurs de Bretagne - 50cl","p":1.98,"u":"3,96 €/L","img":"https://fd14-photos.leclercdrive.fr/image.ashx?id=1642289&use=l&cat=p&typeid=i","cat":284381},{"id":52388,"n":"Crème anti-âge So Bio Etic Plaisir d'argan bio - 50ml","p":8.38,"u":"167,60 €/L","img":"https://fd14-photos.leclercdrive.fr/image.ashx?id=2988587&use=l&cat=p&typeid=i","cat":325345},{"id":52389,"n":"Gelée nuit anti âge So Bio Etic Argan bio - 40ml","p":8.9,"u":"222,50 €/L","img":"https://fd14-photos.leclercdrive.fr/image.ashx?id=2494734&use=l&cat=p&typeid=i","cat":325345},{"id":52391,"n":"Lotion micellaire So Bio Etic Tonifiante bio - 500ml","p":5.65,"u":"11,30 €/L","img":"https://fd14-photos.leclercdrive.fr/image.ashx?id=2909065&use=l&cat=p&typeid=i","cat":284603},{"id":52392,"n":"Contour yeux lèvres So Bio Etic Anti-âge Argan bio - 15ml","p":9.3,"u":"620,00 €/L","img":"https://fd14-photos.leclercdrive.fr/image.ashx?id=2494740&use=l&cat=p&typeid=i","cat":325345},{"id":52539,"n":"Pur jus de citron Jardin Bio Bio - 50cl","p":2.75,"u":"5,50 €/L","img":"https://fd14-photos.leclercdrive.fr/image.ashx?id=3014524&use=l&cat=p&typeid=i","cat":288383},{"id":52540,"n":"Pur jus de citron Jardin Bio Bio - 25cl","p":1.76,"u":"7,04 €/L","img":"https://fd14-photos.leclercdrive.fr/image.ashx?id=2673745&use=l&cat=p&typeid=i","cat":288383},{"id":52582,"n":"Sauce Bolognaise Panzani - 210G","p":1.31,"u":"6,24 €/KG","img":"https://fd14-photos.leclercdrive.fr/image.ashx?id=2977927&use=l&cat=p&typeid=i","cat":287599},{"id":52607,"n":"Pain de campagne tranché  350g","p":1.45,"u":"4,14 €/KG","img":"https://fd14-photos.leclercdrive.fr/image.ashx?id=2063116&use=l&cat=p&typeid=i","cat":284359},{"id":52618,"n":"Crème brulée Rians  3x100g","p":3.21,"u":"10,70 €/KG","img":"https://fd14-photos.leclercdrive.fr/image.ashx?id=2396246&use=l&cat=p&typeid=i","cat":284419},{"id":52625,"n":"Sauce Pommes de Terre Bénédicta - 255g","p":1.54,"u":"5,92 €/KG","img":"https://fd14-photos.leclercdrive.fr/image.ashx?id=2689925&use=l&cat=p&typeid=i","cat":318430},{"id":52631,"n":"Sauce Béarnaise Bénédicta - 260g","p":1.39,"u":"5,35 €/KG","img":"https://fd14-photos.leclercdrive.fr/image.ashx?id=2689931&use=l&cat=p&typeid=i","cat":318430},{"id":52632,"n":"Sauce au Poivre Bénédicta - 260g","p":1.47,"u":"5,65 €/KG","img":"https://fd14-photos.leclercdrive.fr/image.ashx?id=2689937&use=l&cat=p&typeid=i","cat":318430},{"id":52633,"n":"Sauce Tartare Bénédicta - 260g","p":1.45,"u":"5,58 €/KG","img":"https://fd14-photos.leclercdrive.fr/image.ashx?id=2689940&use=l&cat=p&typeid=i","cat":318430},{"id":52634,"n":"Sauce Bourguignonne Bénédicta - 260g","p":1.39,"u":"5,15 €/KG","img":"https://fd14-photos.leclercdrive.fr/image.ashx?id=2689943&use=l&cat=p&typeid=i","cat":318430},{"id":52673,"n":"Fromage Burger cheddar/emmental Président - 12 tranches - 200g","p":1.51,"u":"7,55 €/KG","img":"https://fd14-photos.leclercdrive.fr/image.ashx?id=2445024&use=l&cat=p&typeid=i","cat":314028},{"id":52679,"n":"Fromage cabecou Rians 22%mg - 3x35g","p":2.3,"u":"21,90 €/KG","img":"https://fd14-photos.leclercdrive.fr/image.ashx?id=2668455&use=l&cat=p&typeid=i","cat":314031},{"id":52684,"n":"Cheddar fromage râpé  Les Croisés - 200g","p":2.39,"u":"11,95 €/KG","img":"https://fd14-photos.leclercdrive.fr/image.ashx?id=2044381&use=l&cat=p&typeid=i","cat":314035},{"id":52699,"n":"Comté Entremont Râpé - 2x70g","p":2.5,"u":"17,86 €/KG","img":"https://fd14-photos.leclercdrive.fr/image.ashx?id=2983162&use=l&cat=p&typeid=i","cat":314035},{"id":52720,"n":"Essuie-tout blanc Mimosa Super absorbant - x3 compacts","p":3.99,"u":"1,33 €/P","img":"https://fd14-photos.leclercdrive.fr/image.ashx?id=2752631&use=l&cat=p&typeid=i","cat":284635},{"id":52757,"n":"Biscuits sablés Granola Chocolat au lait - 2x200g","p":2.76,"u":"6,90 €/KG","img":"https://fd14-photos.leclercdrive.fr/image.ashx?id=2347275&use=l&cat=p&typeid=i","cat":284488},{"id":52790,"n":"Fromage mi-chèvre Soignon 180g","p":2.1,"u":"11,67 €/KG","img":"https://fd14-photos.leclercdrive.fr/image.ashx?id=2734357&use=l&cat=p&typeid=i","cat":314031},{"id":52794,"n":"Fromage de brebis Corsica 250g","p":6.15,"u":"24,60 €/KG","img":"https://fd14-photos.leclercdrive.fr/image.ashx?id=2118875&use=l&cat=p&typeid=i","cat":314031},{"id":52804,"n":"Fromage à Raclette RichesMonts  Classique 18 Tranches - 420g","p":5.25,"u":"12,50 €/KG","img":"https://fd14-photos.leclercdrive.fr/image.ashx?id=2953489&use=l&cat=p&typeid=i","cat":314037},{"id":52809,"n":"Fromage raclette Les Croisés 28%mg - 800g","p":7.39,"u":"9,24 €/KG","img":"https://fd14-photos.leclercdrive.fr/image.ashx?id=2793221&use=l&cat=p&typeid=i","cat":314037},{"id":52811,"n":"Fromage raclette fumée Les Croisés 26%mg - 250g","p":2.99,"u":"11,96 €/KG","img":"https://fd14-photos.leclercdrive.fr/image.ashx?id=2793236&use=l&cat=p&typeid=i","cat":314037},{"id":52812,"n":"Yaourt nature bifidus Activia 16x125g","p":4.58,"u":"2,29 €/KG","img":"https://fd14-photos.leclercdrive.fr/image.ashx?id=2831675&use=l&cat=p&typeid=i","cat":315000},{"id":52816,"n":"yaourt nature bifidus Activia 8x125g","p":2.75,"u":"2,75 €/KG","img":"https://fd14-photos.leclercdrive.fr/image.ashx?id=2741709&use=l&cat=p&typeid=i","cat":315000},{"id":52818,"n":"Fromage à tartiner Boursin Figue et 3 noix - 150g","p":2.15,"u":"14,33 €/KG","img":"https://fd14-photos.leclercdrive.fr/image.ashx?id=2962062&use=l&cat=p&typeid=i","cat":314029},{"id":52819,"n":"Fromage Gruyère râpé IGP NRT 150g","p":2.23,"u":"14,87 €/KG","img":"https://fd14-photos.leclercdrive.fr/image.ashx?id=2771085&use=l&cat=p&typeid=i","cat":314035},{"id":52951,"n":"Café dosettes Tassimo Thé vert menthe x16","p":4.53,"u":"113,25 €/KG","img":"https://fd14-photos.leclercdrive.fr/image.ashx?id=2100368&use=l&cat=p&typeid=i","cat":293233},{"id":52961,"n":"Gnocchi Bio Village Bio - 300g","p":1.99,"u":"6,63 €/KG","img":"https://fd14-photos.leclercdrive.fr/image.ashx?id=2607960&use=l&cat=p&typeid=i","cat":333682},{"id":52962,"n":"Biscuits fourrés Prince Chocolat - 300g","p":1.35,"u":"4,50 €/KG","img":"https://fd14-photos.leclercdrive.fr/image.ashx?id=3014638&use=l&cat=p&typeid=i","cat":284488},{"id":52979,"n":"Truite fumée de Bretagne NRT x4 - 120g","p":5.2,"u":"43,33 €/KG","img":"https://fd14-photos.leclercdrive.fr/image.ashx?id=2663851&use=l&cat=p&typeid=i","cat":285188},{"id":53064,"n":"Eponges grattantes Mamison  Vaisselle délicate - x2","p":1.26,"u":"0,63 €/P","img":"https://fd14-photos.leclercdrive.fr/image.ashx?id=2202440&use=l&cat=p&typeid=i","cat":284667},{"id":53065,"n":"Eponges grattantes Mamison  Récurage difficile - x2","p":1.2,"u":"0,60 €/P","img":"https://fd14-photos.leclercdrive.fr/image.ashx?id=1874129&use=l&cat=p&typeid=i","cat":284667},{"id":53115,"n":"Stylo correcteur Tipp-Ex Bic Snsqueeze - x2","p":3.9,"img":"https://fd14-photos.leclercdrive.fr/image.ashx?id=2996539&use=l&cat=p&typeid=i","cat":334133},{"id":53289,"n":"Gel Douche Cottage Monoi - 560ml","p":2.95,"u":"5,27 €/L","img":"https://fd14-photos.leclercdrive.fr/image.ashx?id=2063416&use=l&cat=p&typeid=i","cat":284594},{"id":53293,"n":"Gel douche Cottage Huile Argan - 560 ml","p":2.95,"u":"5,27 €/L","img":"https://fd14-photos.leclercdrive.fr/image.ashx?id=2315931&use=l&cat=p&typeid=i","cat":284594},{"id":53396,"n":"Yaourt nature bifidus Activia 4x125g","p":1.39,"u":"2,78 €/KG","img":"https://fd14-photos.leclercdrive.fr/image.ashx?id=2885944&use=l&cat=p&typeid=i","cat":315000},{"id":53412,"n":"Activateur biologique Eparcyl  Fosse septique - 864g x24","p":6.55,"u":"7,58 €/KG","img":"https://fd14-photos.leclercdrive.fr/image.ashx?id=2890085&use=l&cat=p&typeid=i","cat":284908},{"id":53434,"n":"Salade d'Alaska Menu Fraîcheur 300g","p":2.59,"u":"8,63 €/KG","img":"https://fd14-photos.leclercdrive.fr/image.ashx?id=2727638&use=l&cat=p&typeid=i","cat":333657},{"id":53474,"n":"Bloc de foie gras pour apéritif Pierre De Chaumeyrac - 100g","p":6.09,"u":"60,90 €/KG","img":"https://fd14-photos.leclercdrive.fr/image.ashx?id=2804332&use=l&cat=p&typeid=i","cat":316008},{"id":53508,"n":"Fine chapelure de pain Tipiak 275g","p":0.54,"u":"1,96 €/KG","img":"https://fd14-photos.leclercdrive.fr/image.ashx?id=2594124&use=l&cat=p&typeid=i","cat":288382},{"id":53600,"n":"Recharge spray Bien Air Automatique japon - 250ml","p":2.39,"u":"9,56 €/L","img":"https://fd14-photos.leclercdrive.fr/image.ashx?id=2974963&use=l&cat=p&typeid=i","cat":311629},{"id":53601,"n":"Recharge spray Bien Air Vanille ambré automatique 250ml","p":2.39,"u":"9,56 €/L","img":"https://fd14-photos.leclercdrive.fr/image.ashx?id=2991136&use=l&cat=p&typeid=i","cat":311629},{"id":53606,"n":"Salade Mexicaine Côté Snack Au thon - 250g","p":1.89,"u":"7,56 €/KG","img":"https://fd14-photos.leclercdrive.fr/image.ashx?id=2884255&use=l&cat=p&typeid=i","cat":284437},{"id":53607,"n":"Salade Piémontaise Côté Snack Thon - 250g","p":1.9,"u":"7,60 €/KG","img":"https://fd14-photos.leclercdrive.fr/image.ashx?id=2394675&use=l&cat=p&typeid=i","cat":284437},{"id":53628,"n":"Soda Breizh Cola Zéro Bouteille - 6x33cl","p":3.05,"u":"1,54 €/L","img":"https://fd14-photos.leclercdrive.fr/image.ashx?id=2432663&use=l&cat=p&typeid=i","cat":284530},{"id":53651,"n":"Paupiettes de porc Ferial x3 - 390g","p":5.09,"u":"13,05 €/KG","img":"https://fd14-photos.leclercdrive.fr/image.ashx?id=2852294&use=l&cat=p&typeid=i","cat":284331},{"id":53652,"n":"Paupiettes de veau Ferial x3 - 390g","p":7.79,"u":"19,97 €/KG","img":"https://fd14-photos.leclercdrive.fr/image.ashx?id=2852297&use=l&cat=p&typeid=i","cat":284329},{"id":53669,"n":"Assortiment Justin Bridou  4 charcuteries - 260g","p":5.2,"u":"20,00 €/KG","img":"https://fd14-photos.leclercdrive.fr/image.ashx?id=2770783&use=l&cat=p&typeid=i","cat":316007},{"id":53675,"n":"AOP Proscuitto di Parma  70g - Montorsi","p":2.85,"u":"40,71 €/KG","img":"https://fd14-photos.leclercdrive.fr/image.ashx?id=2525840&use=l&cat=p&typeid=i","cat":316007},{"id":53679,"n":"Dissolvant Diadermine Douceur - 125ml","p":2.1,"u":"16,80 €/L","img":"https://fd14-photos.leclercdrive.fr/image.ashx?id=2334926&use=l&cat=p&typeid=i","cat":325347},{"id":53776,"n":"Brioche tressée Pasquier Nature - 630g","p":2.66,"u":"4,22 €/KG","img":"https://fd14-photos.leclercdrive.fr/image.ashx?id=2850946&use=l&cat=p&typeid=i","cat":284478},{"id":53777,"n":"Brioche tressée Pasquier  Pépites - 630g","p":2.8,"u":"4,44 €/KG","img":"https://fd14-photos.leclercdrive.fr/image.ashx?id=2848809&use=l&cat=p&typeid=i","cat":284478},{"id":53783,"n":"Lait de coco Suzi Wan 200ml","p":1.25,"u":"6,25 €/L","img":"https://fd14-photos.leclercdrive.fr/image.ashx?id=3002177&use=l&cat=p&typeid=i","cat":288992},{"id":53816,"n":"Chocolats Ferrero Collection Assortiments x32- 359g","p":12.45,"u":"34,68 €/KG","img":"https://fd14-photos.leclercdrive.fr/image.ashx?id=2940507&use=l&cat=p&typeid=i","cat":327595},{"id":53820,"n":"Madeleines Armor Délices x13 - 430g","p":3.74,"u":"8,70 €/KG","img":"https://fd14-photos.leclercdrive.fr/image.ashx?id=2788688&use=l&cat=p&typeid=i","cat":284492},{"id":53839,"n":"Râpé 3 saveurs Président 200g","p":2.85,"u":"14,25 €/KG","img":"https://fd14-photos.leclercdrive.fr/image.ashx?id=2786006&use=l&cat=p&typeid=i","cat":314035},{"id":53899,"n":"Eau minérale gazeuse Perrier  Naturelle - 6x1L","p":3.9,"u":"0,65 €/L","img":"https://fd14-photos.leclercdrive.fr/image.ashx?id=2454463&use=l&cat=p&typeid=i","cat":284536},{"id":53902,"n":"Eau minérale gazeuse Perrier  Fines bulles - 6x1L","p":3.4,"u":"0,57 €/L","img":"https://fd14-photos.leclercdrive.fr/image.ashx?id=2830924&use=l&cat=p&typeid=i","cat":284536},{"id":53904,"n":"Barre de chocolat Toblerone Noir - 360g","p":7.25,"u":"20,14 €/KG","img":"https://fd14-photos.leclercdrive.fr/image.ashx?id=2428687&use=l&cat=p&typeid=i","cat":327595},{"id":53930,"n":"Foie gras canard Labeyrie Entier, torchon - 190g","p":25.49,"u":"134,16 €/KG","img":"https://fd14-photos.leclercdrive.fr/image.ashx?id=2770356&use=l&cat=p&typeid=i","cat":316008},{"id":53941,"n":"Fromage apéritif Boursin Echalote ciboulette 20 roulés","p":3.26,"u":"32,60 €/KG","img":"https://fd14-photos.leclercdrive.fr/image.ashx?id=2918595&use=l&cat=p&typeid=i","cat":314027},{"id":53944,"n":"Fromage à tartiner Boursin Ail et fines herbes - 250g","p":3.31,"u":"13,24 €/KG","img":"https://fd14-photos.leclercdrive.fr/image.ashx?id=2999853&use=l&cat=p&typeid=i","cat":314029},{"id":53946,"n":"Fromage à tartiner Boursin Echalote et ciboulette - 150g","p":2.18,"u":"14,53 €/KG","img":"https://fd14-photos.leclercdrive.fr/image.ashx?id=2962059&use=l&cat=p&typeid=i","cat":314029},{"id":54170,"n":"Beurre moulé Paysan Breton La pointe de sel - 81%mg - 250g","p":3.2,"u":"12,80 €/KG","img":"https://fd14-photos.leclercdrive.fr/image.ashx?id=2277497&use=l&cat=p&typeid=i","cat":284379},{"id":54173,"n":"Sauce Forestière Férial 120g","p":1.41,"u":"11,75 €/KG","img":"https://fd14-photos.leclercdrive.fr/image.ashx?id=2636248&use=l&cat=p&typeid=i","cat":284382},{"id":54272,"n":"Beurre Tendre Président Demi-sel - 80% MG - 125g","p":1.95,"u":"15,60 €/KG","img":"https://fd14-photos.leclercdrive.fr/image.ashx?id=2653495&use=l&cat=p&typeid=i","cat":284379},{"id":54299,"n":"Désodorisant Bien Air Mèche active Fruit rouge 375ml","p":1.65,"u":"4,40 €/L","img":"https://fd14-photos.leclercdrive.fr/image.ashx?id=2777806&use=l&cat=p&typeid=i","cat":311628},{"id":54300,"n":"Désodorisant Bien Air Mèche active agrume 375ml","p":1.65,"u":"4,40 €/L","img":"https://fd14-photos.leclercdrive.fr/image.ashx?id=2777809&use=l&cat=p&typeid=i","cat":311628},{"id":54305,"n":"Crème Hydratante Nivea Men Visage Corps Mains - 150ml","p":2.64,"u":"17,60 €/L","img":"https://fd14-photos.leclercdrive.fr/image.ashx?id=3014596&use=l&cat=p&typeid=i","cat":284622},{"id":54346,"n":"Barre Chocolatée KINDER Country  Céréales chocolat x10 - 235g","p":4.11,"u":"17,49 €/KG","img":"https://fd14-photos.leclercdrive.fr/image.ashx?id=2231942&use=l&cat=p&typeid=i","cat":284498},{"id":54351,"n":"Crème dessert Délisse Chocolat noisette - 4x125g","p":1.14,"u":"2,28 €/KG","img":"https://fd14-photos.leclercdrive.fr/image.ashx?id=2760810&use=l&cat=p&typeid=i","cat":285041},{"id":54372,"n":"Spécialité au soja Nat&Vie Caramel - 4x100g","p":1.46,"u":"3,65 €/P","img":"https://fd14-photos.leclercdrive.fr/image.ashx?id=2901467&use=l&cat=p&typeid=i","cat":316071},{"id":54385,"n":"Coupelles Ananas DDV Sirop léger - 4x70g","p":2.74,"u":"9,79 €/KG","img":"https://fd14-photos.leclercdrive.fr/image.ashx?id=2100793&use=l&cat=p&typeid=i","cat":284507},{"id":54386,"n":"Gâteau multicouche P'tit Déli Genoise fourré chocolat - 175g","p":1.27,"u":"7,26 €/KG","img":"https://fd14-photos.leclercdrive.fr/image.ashx?id=2416538&use=l&cat=p&typeid=i","cat":284495},{"id":54393,"n":"Spécialité de saucisse St Azay Sèche - 200g","p":3.05,"u":"15,25 €/KG","img":"https://fd14-photos.leclercdrive.fr/image.ashx?id=2982622&use=l&cat=p&typeid=i","cat":316006},{"id":54396,"n":"Salade Catalane Côté Snack Thon à la catalane - 250g","p":2.16,"u":"8,64 €/KG","img":"https://fd14-photos.leclercdrive.fr/image.ashx?id=2910589&use=l&cat=p&typeid=i","cat":284437},{"id":54405,"n":"Sauce Tomacouli Panzani - 700G","p":1.55,"u":"2,21 €/KG","img":"https://fd14-photos.leclercdrive.fr/image.ashx?id=2744632&use=l&cat=p&typeid=i","cat":288384},{"id":54416,"n":"Bâtonnet à macher Dentalife Chien moyen - 345g","p":3.05,"u":"8,84 €/KG","img":"https://fd14-photos.leclercdrive.fr/image.ashx?id=2896426&use=l&cat=p&typeid=i","cat":294527},{"id":54417,"n":"Barre chocolat lait P'tit Déli x5 - 130g","p":1.5,"u":"11,54 €/KG","img":"https://fd14-photos.leclercdrive.fr/image.ashx?id=2329179&use=l&cat=p&typeid=i","cat":284488},{"id":54418,"n":"Bâtonnet à mâche Dentalife Grand chien x12 - 426g","p":3.05,"u":"7,16 €/KG","img":"https://fd14-photos.leclercdrive.fr/image.ashx?id=2897342&use=l&cat=p&typeid=i","cat":294527},{"id":54420,"n":"Gel à raser Carré Homme Pour barbe difficile - 200ml","p":1.79,"u":"8,95 €/L","img":"https://fd14-photos.leclercdrive.fr/image.ashx?id=2976291&use=l&cat=p&typeid=i","cat":284617},{"id":54423,"n":"Gel à raser Carré Homme Fraicheur - 200ml","p":1.69,"u":"8,45 €/L","img":"https://fd14-photos.leclercdrive.fr/image.ashx?id=2704726&use=l&cat=p&typeid=i","cat":284617},{"id":54429,"n":"Jambon cru fumé forêt noire  Saint Azay - 6 tranches - 100g","p":3.25,"u":"32,50 €/KG","img":"https://fd14-photos.leclercdrive.fr/image.ashx?id=1975243&use=l&cat=p&typeid=i","cat":316007},{"id":54430,"n":"Salade Italienne Côté Snack Au thon - 250g","p":2.19,"u":"8,76 €/KG","img":"https://fd14-photos.leclercdrive.fr/image.ashx?id=2436675&use=l&cat=p&typeid=i","cat":284437},{"id":54471,"n":"Madeleines longues Le Ster Marbrées choco - 250g","p":1.62,"u":"6,48 €/KG","img":"https://fd14-photos.leclercdrive.fr/image.ashx?id=2962548&use=l&cat=p&typeid=i","cat":284492},{"id":54473,"n":"Madeleines longues Le Ster Nature  - 250g","p":1.52,"u":"6,08 €/KG","img":"https://fd14-photos.leclercdrive.fr/image.ashx?id=2962545&use=l&cat=p&typeid=i","cat":284492},{"id":54476,"n":"Galette de blé noir Bio  Crêperie Guerlédan x4 - 280g","p":3.1,"u":"11,07 €/KG","img":"https://fd14-photos.leclercdrive.fr/image.ashx?id=2044008&use=l&cat=p&typeid=i","cat":285530},{"id":54512,"n":"Galettes épinards fromage Végé - 2x100g","p":1.99,"u":"9,95 €/KG","img":"https://fd14-photos.leclercdrive.fr/image.ashx?id=2865260&use=l&cat=p&typeid=i","cat":316036},{"id":54513,"n":"Falafels Végé - 200g","p":1.99,"u":"9,95 €/KG","img":"https://fd14-photos.leclercdrive.fr/image.ashx?id=2865266&use=l&cat=p&typeid=i","cat":316036},{"id":54520,"n":"Pâte a pizza Tablier Blanc Rectangle - 385g","p":1.3,"u":"3,38 €/KG","img":"https://fd14-photos.leclercdrive.fr/image.ashx?id=2635925&use=l&cat=p&typeid=i","cat":333681},{"id":54522,"n":"Pâte feuilletée Tablier Blanc A dérouler - x2 - 460g","p":1.48,"u":"3,22 €/KG","img":"https://fd14-photos.leclercdrive.fr/image.ashx?id=2635928&use=l&cat=p&typeid=i","cat":333681},{"id":54523,"n":"Nuggets végétales Végé - 200g","p":1.52,"u":"7,60 €/KG","img":"https://fd14-photos.leclercdrive.fr/image.ashx?id=2865263&use=l&cat=p&typeid=i","cat":316036},{"id":54525,"n":"Paëlla Royale Côté Table 800g","p":5.78,"u":"7,23 €/KG","img":"https://fd14-photos.leclercdrive.fr/image.ashx?id=2614488&use=l&cat=p&typeid=i","cat":333666},{"id":54776,"n":"Pavés de biche aux échalotes Saveurs Forestières - 250g","p":6.85,"u":"27,40 €/KG","img":"https://fd14-photos.leclercdrive.fr/image.ashx?id=1637979&use=l&cat=p&typeid=i","cat":327289},{"id":54777,"n":"Pavé de biche crème morilles Saveurs Forestières - 250g","p":6.85,"u":"27,40 €/KG","img":"https://fd14-photos.leclercdrive.fr/image.ashx?id=1637688&use=l&cat=p&typeid=i","cat":327289},{"id":54778,"n":"Pavé de biche à la truffe Saveurs Forestières - 250g","p":6.85,"u":"27,40 €/KG","img":"https://fd14-photos.leclercdrive.fr/image.ashx?id=1637982&use=l&cat=p&typeid=i","cat":327289},{"id":54853,"n":"Mini choux Tokapi  Saumon/aneth - 60g","p":0.92,"u":"15,33 €/KG","img":"https://fd14-photos.leclercdrive.fr/image.ashx?id=2063338&use=l&cat=p&typeid=i","cat":297000},{"id":54856,"n":"Mini choux Tokapi  Bleu-/noix60g","p":1.36,"u":"22,67 €/KG","img":"https://fd14-photos.leclercdrive.fr/image.ashx?id=2068019&use=l&cat=p&typeid=i","cat":297000},{"id":54944,"n":"Cône Nestlé Extrême  Café intense - 6x71g","p":3.4,"u":"7,98 €/KG","img":"https://fd14-photos.leclercdrive.fr/image.ashx?id=3000435&use=l&cat=p&typeid=i","cat":284264},{"id":54957,"n":"Cône Extrême Nestle Vanille Fraise - 6x71g","p":3.4,"u":"7,98 €/KG","img":"https://fd14-photos.leclercdrive.fr/image.ashx?id=2353113&use=l&cat=p&typeid=i","cat":284264},{"id":54958,"n":"Cône Extrême Nestle Menthe chocolat - 6x71g","p":3.4,"u":"7,98 €/KG","img":"https://fd14-photos.leclercdrive.fr/image.ashx?id=2737048&use=l&cat=p&typeid=i","cat":284264},{"id":54959,"n":"Cône Extrême Intense Nestle Pistache Chocolat - 6x71g","p":3.4,"u":"7,98 €/KG","img":"https://fd14-photos.leclercdrive.fr/image.ashx?id=2353116&use=l&cat=p&typeid=i","cat":284264},{"id":54971,"n":"Déodorant Femme Spray Monsavon Pierre d'Alun Hibiscus 2x100ml","p":3.62,"u":"18,10 €/L","img":"https://fd14-photos.leclercdrive.fr/image.ashx?id=2655217&use=l&cat=p&typeid=i","cat":284595},{"id":55000,"n":"Protège-slips Vania Protect Aloe Vera - Large - x36","p":2.99,"u":"0,08 €/P","img":"https://fd14-photos.leclercdrive.fr/image.ashx?id=2735206&use=l&cat=p&typeid=i","cat":284625},{"id":55097,"n":"Fil interdentaire Efiseptyl Antibactérien 40m","p":2.2,"img":"https://fd14-photos.leclercdrive.fr/image.ashx?id=2923477&use=l&cat=p&typeid=i","cat":285159},{"id":55102,"n":"Dentifrice expert Bionaïa Menthe Bio - 75ml","p":1.69,"u":"22,53 €/L","img":"https://fd14-photos.leclercdrive.fr/image.ashx?id=2529540&use=l&cat=p&typeid=i","cat":284612},{"id":55104,"n":"Recharge brosse à dents Dentamyl - Double zone - x2","p":6.69,"u":"3,35 €/P","img":"https://fd14-photos.leclercdrive.fr/image.ashx?id=2790988&use=l&cat=p&typeid=i","cat":297133},{"id":55109,"n":"Recharge brosse à dents Dentamyl Sensitive x2","p":6.69,"u":"3,35 €/P","img":"https://fd14-photos.leclercdrive.fr/image.ashx?id=2790991&use=l&cat=p&typeid=i","cat":297133},{"id":55144,"n":"Emincés de poulet Fleury Michon Rôti sans nitrite 2x75g","p":2.35,"u":"15,67 €/KG","img":"https://fd14-photos.leclercdrive.fr/image.ashx?id=2649804&use=l&cat=p&typeid=i","cat":316011},{"id":55145,"n":"Allumettes Fleury Michon Jambon cuit - 2x75g","p":1.25,"u":"8,33 €/KG","img":"https://fd14-photos.leclercdrive.fr/image.ashx?id=2651047&use=l&cat=p&typeid=i","cat":316011},{"id":55186,"n":"AOP Epoisses affiné Germain 24%mg - 250g","p":4.95,"u":"19,80 €/KG","img":"https://fd14-photos.leclercdrive.fr/image.ashx?id=1746047&use=l&cat=p&typeid=i","cat":329558},{"id":55197,"n":"Plat bébé soir Blédiner 12 mois Macaroni ratatouille - 2x200g","p":2.14,"u":"5,35 €/KG","img":"https://fd14-photos.leclercdrive.fr/image.ashx?id=2845826&use=l&cat=p&typeid=i","cat":312239},{"id":55206,"n":"Plat bébé Blédina 12 mois Pâtes tomate jambon - 2x200g","p":2.97,"u":"7,43 €/KG","img":"https://fd14-photos.leclercdrive.fr/image.ashx?id=2975071&use=l&cat=p&typeid=i","cat":312237},{"id":55214,"n":"Plat bébé soir Blédiner 12 mois Boulghour potiron panais-2x200g","p":2.48,"u":"6,20 €/KG","img":"https://fd14-photos.leclercdrive.fr/image.ashx?id=2921064&use=l&cat=p&typeid=i","cat":312239},{"id":55262,"n":"Pâté Campagne Supérieur L'Atelier Charcuterie - 170g","p":2.08,"u":"12,24 €/KG","img":"https://fd14-photos.leclercdrive.fr/image.ashx?id=2905862&use=l&cat=p&typeid=i","cat":316008},{"id":55264,"n":"Mousse de foie Supérieure L'Atelier Charcuterie - 170g","p":2.19,"u":"12,88 €/KG","img":"https://fd14-photos.leclercdrive.fr/image.ashx?id=2882289&use=l&cat=p&typeid=i","cat":316008},{"id":55265,"n":"Mousse de canard Supérieure L'Atelier Charcuterie - 170g","p":2.71,"u":"15,94 €/KG","img":"https://fd14-photos.leclercdrive.fr/image.ashx?id=2882529&use=l&cat=p&typeid=i","cat":316008},{"id":55377,"n":"Bougie Bien Air Fruits rouges 30heures - x1","p":2.19,"img":"https://fd14-photos.leclercdrive.fr/image.ashx?id=2939073&use=l&cat=p&typeid=i","cat":284666},{"id":55415,"n":"Bougie Bien Air Anti-tabac 30h - x1","p":1.83,"img":"https://fd14-photos.leclercdrive.fr/image.ashx?id=2999613&use=l&cat=p&typeid=i","cat":284666},{"id":55429,"n":"Crème Chantilly UHT Président Aérosol sucré aromatisé - 250g","p":2.9,"u":"11,60 €/KG","img":"https://fd14-photos.leclercdrive.fr/image.ashx?id=2860169&use=l&cat=p&typeid=i","cat":284382},{"id":55439,"n":"Salade Niçoise Côté Snack Au thon - 250g","p":1.77,"u":"7,08 €/KG","img":"https://fd14-photos.leclercdrive.fr/image.ashx?id=2868316&use=l&cat=p&typeid=i","cat":284437},{"id":55442,"n":"Salade Parisienne Côté Snack Au thon - 250g","p":2.49,"u":"9,96 €/KG","img":"https://fd14-photos.leclercdrive.fr/image.ashx?id=2394678&use=l&cat=p&typeid=i","cat":284437},{"id":55573,"n":"Soda Coca-Cola Original Bouteille - 1L","p":1.7,"u":"1,70 €/L","img":"https://fd14-photos.leclercdrive.fr/image.ashx?id=2194409&use=l&cat=p&typeid=i","cat":284530},{"id":55586,"n":"Verrines de Tomate et Thon x6 pièces - 270g","p":6.5,"u":"24,07 €/KG","img":"https://fd14-photos.leclercdrive.fr/image.ashx?id=2445367&use=l&cat=p&typeid=i","cat":316003},{"id":55598,"n":"Assortiment asiatique Agis 340g","p":5.4,"u":"15,88 €/KG","img":"https://fd14-photos.leclercdrive.fr/image.ashx?id=2788655&use=l&cat=p&typeid=i","cat":333673},{"id":55611,"n":"Mini pains préfous x3 pièces - 375g","p":7.95,"u":"21,20 €/KG","img":"https://fd14-photos.leclercdrive.fr/image.ashx?id=2634202&use=l&cat=p&typeid=i","cat":327280},{"id":55700,"n":"Haricots Verts Cassegrain Extra Fins Ceuillis main 110g","p":1.31,"u":"11,91 €/KG","img":"https://fd14-photos.leclercdrive.fr/image.ashx?id=2913034&use=l&cat=p&typeid=i","cat":312606},{"id":55805,"n":"Merguez véritables Bio Village Bio x5 - 275g","p":5.99,"u":"21,78 €/KG","img":"https://fd14-photos.leclercdrive.fr/image.ashx?id=2886481&use=l&cat=p&typeid=i","cat":284334},{"id":55810,"n":"Chipolatas bio - Bio Village  x5 - 275g","p":4.69,"u":"17,05 €/KG","img":"https://fd14-photos.leclercdrive.fr/image.ashx?id=2886478&use=l&cat=p&typeid=i","cat":284334},{"id":55816,"n":"Lingettes désinfectantes 2en1 x10 lingettes","p":1.18,"img":"https://fd14-photos.leclercdrive.fr/image.ashx?id=2832981&use=l&cat=p&typeid=i","cat":284630},{"id":55887,"n":"Bougie Bien Air Vanille Caramel 30h - x1","p":1.89,"img":"https://fd14-photos.leclercdrive.fr/image.ashx?id=2399761&use=l&cat=p&typeid=i","cat":284666},{"id":55949,"n":"Riz soja bio Céréal Bio  à l'espagnol repas express-220g","p":2.5,"u":"11,36 €/KG","img":"https://fd14-photos.leclercdrive.fr/image.ashx?id=2575093&use=l&cat=p&typeid=i","cat":287600},{"id":56418,"n":"Vinaigre de cidre Bio Village Bio 75cl","p":1.83,"u":"2,44 €/L","img":"https://fd14-photos.leclercdrive.fr/image.ashx?id=1069902&use=l&cat=p&typeid=i","cat":298543},{"id":56435,"n":"Bouillon Kub Or Maggi  Déshydraté dégraissé - 128g","p":1.55,"u":"12,11 €/KG","img":"https://fd14-photos.leclercdrive.fr/image.ashx?id=2953977&use=l&cat=p&typeid=i","cat":288379},{"id":56444,"n":"Biscuits chocolat amande GERBLE  - 4x4, 200g","p":1.75,"u":"8,75 €/KG","img":"https://fd14-photos.leclercdrive.fr/image.ashx?id=2967004&use=l&cat=p&typeid=i","cat":318651},{"id":56452,"n":"Cookie Cacao GERBLE  sans sucres - 130g","p":2.25,"u":"17,31 €/KG","img":"https://fd14-photos.leclercdrive.fr/image.ashx?id=2575057&use=l&cat=p&typeid=i","cat":318653},{"id":56464,"n":"Biscuit fourré cacao GERBLE   sans sucre 6 185g","p":2.65,"u":"14,32 €/KG","img":"https://fd14-photos.leclercdrive.fr/image.ashx?id=2662832&use=l&cat=p&typeid=i","cat":318653},{"id":56466,"n":"Biscuits sans sucres Gerblé Génoises orange choco - 140g","p":2.75,"u":"19,64 €/KG","img":"https://fd14-photos.leclercdrive.fr/image.ashx?id=2662850&use=l&cat=p&typeid=i","cat":318653},{"id":56517,"n":"Eau minérale naturelle Contrex 6x1.5L","p":2.95,"u":"0,33 €/L","img":"https://fd14-photos.leclercdrive.fr/image.ashx?id=2758773&use=l&cat=p&typeid=i","cat":284535},{"id":56558,"n":"Croquettes chat Tous mes amis Boeuf/poulet/légumes - 7.5kg","p":10.46,"u":"1,39 €/KG","img":"https://fd14-photos.leclercdrive.fr/image.ashx?id=2319118&use=l&cat=p&typeid=i","cat":284680},{"id":56609,"n":"Fromage à tartiner Madame Loïk Fouetté Nature - 320g","p":3.1,"u":"9,69 €/KG","img":"https://fd14-photos.leclercdrive.fr/image.ashx?id=2967798&use=l&cat=p&typeid=i","cat":314029},{"id":56610,"n":"Fromage à tartiner Madame Loïk Fouetté Nature - 180g","p":1.85,"u":"10,28 €/KG","img":"https://fd14-photos.leclercdrive.fr/image.ashx?id=2948015&use=l&cat=p&typeid=i","cat":314029},{"id":56683,"n":"Pur jus d'ananas Bio Village  Bio - 1L","p":3.81,"u":"3,81 €/L","img":"https://fd14-photos.leclercdrive.fr/image.ashx?id=2520050&use=l&cat=p&typeid=i","cat":284916},{"id":56767,"n":"Vinaigre balsamique Rustica De Modène - 25cl","p":1.27,"u":"5,08 €/L","img":"https://fd14-photos.leclercdrive.fr/image.ashx?id=2777812&use=l&cat=p&typeid=i","cat":298543},{"id":56831,"n":"Nuggets de poulet Maître Coq Sachet - 1kg","p":5.55,"u":"5,55 €/KG","img":"https://fd14-photos.leclercdrive.fr/image.ashx?id=2936404&use=l&cat=p&typeid=i","cat":319780},{"id":56845,"n":"Bâtonnets de poisson Findus  Colin d'Alaska MSC x16 - 448g","p":3.4,"u":"7,59 €/KG","img":"https://fd14-photos.leclercdrive.fr/image.ashx?id=2650684&use=l&cat=p&typeid=i","cat":319788},{"id":56860,"n":"Flûtes Tokapi Chèvre/romarin -  - 100g","p":1.99,"u":"19,90 €/KG","img":"https://fd14-photos.leclercdrive.fr/image.ashx?id=2374055&use=l&cat=p&typeid=i","cat":297000},{"id":56861,"n":"Mini-flûtes Tokapi Tomate/olive/origan - 100g","p":1.59,"u":"15,90 €/KG","img":"https://fd14-photos.leclercdrive.fr/image.ashx?id=2374058&use=l&cat=p&typeid=i","cat":297000},{"id":56862,"n":"Couscous Comptoir du Grain  Fin - 1kg","p":2.17,"u":"2,17 €/KG","img":"https://fd14-photos.leclercdrive.fr/image.ashx?id=3012857&use=l&cat=p&typeid=i","cat":284429},{"id":56873,"n":"Hachis parmentier Côté Table 350g","p":2.53,"u":"7,23 €/KG","img":"https://fd14-photos.leclercdrive.fr/image.ashx?id=2393893&use=l&cat=p&typeid=i","cat":284953},{"id":56874,"n":"Lasagnes bolognaise Côté Table Barquette - 350g","p":2.39,"u":"6,83 €/KG","img":"https://fd14-photos.leclercdrive.fr/image.ashx?id=2476164&use=l&cat=p&typeid=i","cat":284953},{"id":56885,"n":"Gel coiffant Vitanove Effet invisible - 300ml","p":1.83,"u":"6,10 €/L","img":"https://fd14-photos.leclercdrive.fr/image.ashx?id=2879940&use=l&cat=p&typeid=i","cat":284609},{"id":56886,"n":"Gel coiffant Vitanove Effet mouillé - 300ml","p":1.46,"u":"4,87 €/L","img":"https://fd14-photos.leclercdrive.fr/image.ashx?id=2273361&use=l&cat=p&typeid=i","cat":284609},{"id":56889,"n":"Gel soin visage charbon Garnier Anti-Points Noirs - 150ml","p":4.35,"u":"29,00 €/L","img":"https://fd14-photos.leclercdrive.fr/image.ashx?id=2634190&use=l&cat=p&typeid=i","cat":284603},{"id":56935,"n":"Pâte à tartiner Nutella 400g","p":3.36,"u":"8,40 €/KG","img":"https://fd14-photos.leclercdrive.fr/image.ashx?id=2935645&use=l&cat=p&typeid=i","cat":284481},{"id":56975,"n":"Saucisson sec Saint-Azay Pur porc - 250g","p":4.09,"u":"16,36 €/KG","img":"https://fd14-photos.leclercdrive.fr/image.ashx?id=2967579&use=l&cat=p&typeid=i","cat":316006},{"id":56980,"n":"Laque Vitanove  Maximum - 400ml","p":2.6,"u":"6,50 €/L","img":"https://fd14-photos.leclercdrive.fr/image.ashx?id=2490043&use=l&cat=p&typeid=i","cat":284609},{"id":56983,"n":"Laque Vitanove Ultra protect - 400ml","p":2.65,"u":"6,63 €/L","img":"https://fd14-photos.leclercdrive.fr/image.ashx?id=2490046&use=l&cat=p&typeid=i","cat":284609},{"id":56991,"n":"Eau de javel Clair Citron - 3x250ml","p":1.3,"u":"1,73 €/L","img":"https://fd14-photos.leclercdrive.fr/image.ashx?id=2949203&use=l&cat=p&typeid=i","cat":284661},{"id":56992,"n":"Sauce roquefort Ferial  120g","p":1.42,"u":"11,83 €/KG","img":"https://fd14-photos.leclercdrive.fr/image.ashx?id=2636245&use=l&cat=p&typeid=i","cat":284382},{"id":56996,"n":"Jus de fruit Jafaden  Pur jus multifruits - 2L","p":2.69,"u":"1,35 €/L","img":"https://fd14-photos.leclercdrive.fr/image.ashx?id=2920196&use=l&cat=p&typeid=i","cat":284917},{"id":57030,"n":"Fromage Morbier NRT AOP  250g","p":3.59,"u":"14,36 €/KG","img":"https://fd14-photos.leclercdrive.fr/image.ashx?id=2624034&use=l&cat=p&typeid=i","cat":329184},{"id":57040,"n":"Bière blanche 1664 Blanc 5° - 6x25cl","p":4.7,"u":"3,13 €/L","img":"https://fd14-photos.leclercdrive.fr/image.ashx?id=2886699&use=l&cat=p&typeid=i","cat":334878},{"id":57041,"n":"Bière blonde 1664 5,5° - 6x33cl canettes","p":4.99,"pp":3.29,"u":"1,66 €/L","img":"https://fd14-photos.leclercdrive.fr/image.ashx?id=2887566&use=l&cat=p&typeid=i","cat":334853},{"id":57044,"n":"Bière blonde Kronenbourg 4,2° - 12x33cl canettes","p":7.35,"u":"1,86 €/L","img":"https://fd14-photos.leclercdrive.fr/image.ashx?id=2854366&use=l&cat=p&typeid=i","cat":334853},{"id":57045,"n":"Bière blonde Kronenbourg 4,2° - 6x33cl canettes","p":3.75,"u":"1,89 €/L","img":"https://fd14-photos.leclercdrive.fr/image.ashx?id=2212581&use=l&cat=p&typeid=i","cat":334853},{"id":57100,"n":"Yaourts aux fruits Délisse Abricot - 4x125g","p":1.68,"u":"3,36 €/KG","img":"https://fd14-photos.leclercdrive.fr/image.ashx?id=2586025&use=l&cat=p&typeid=i","cat":284410},{"id":57119,"n":"Super décapant cuisine Briochin Ecocert - 1L","p":3.65,"u":"3,65 €/L","img":"https://fd14-photos.leclercdrive.fr/image.ashx?id=3011401&use=l&cat=p&typeid=i","cat":325357},{"id":57121,"n":"Nettoyant salle de bain 3en1 Briochin - Ecocert - 750mL","p":3.2,"u":"4,27 €/L","img":"https://fd14-photos.leclercdrive.fr/image.ashx?id=3011398&use=l&cat=p&typeid=i","cat":325357},{"id":57129,"n":"Pains au chocolat pur beurre  4x1P","p":3.0,"u":"0,75 €/P","img":"https://fd14-photos.leclercdrive.fr/image.ashx?id=2071046&use=l&cat=p&typeid=i","cat":284984},{"id":57151,"n":"Mousse Délisse Chocolat au lait - 8x60g","p":2.25,"u":"4,69 €/KG","img":"https://fd14-photos.leclercdrive.fr/image.ashx?id=3009517&use=l&cat=p&typeid=i","cat":284417},{"id":57184,"n":"Yaourt Lait de brebis Délisse Vanille - 4x125g","p":2.29,"u":"4,58 €/P","img":"https://fd14-photos.leclercdrive.fr/image.ashx?id=1993589&use=l&cat=p&typeid=i","cat":314998},{"id":57274,"n":"Boisson aux fruits Oasis Goût Pomme Cassis Framboise 1L","p":1.6,"u":"1,60 €/L","img":"https://fd14-photos.leclercdrive.fr/image.ashx?id=3011083&use=l&cat=p&typeid=i","cat":295018},{"id":57288,"n":"Jeunes pousses & roquettes  Bonduelle - 145g","p":2.09,"u":"14,41 €/KG","img":"https://fd14-photos.leclercdrive.fr/image.ashx?id=2862128&use=l&cat=p&typeid=i","cat":284353},{"id":57307,"n":"Pur jus Jafaden Orange, raisin, clémentine, pamplemousse - 1L","p":2.29,"u":"2,29 €/L","img":"https://fd14-photos.leclercdrive.fr/image.ashx?id=1075588&use=l&cat=p&typeid=i","cat":284917},{"id":57314,"n":"Risotto Fleury Michon Poulet et cèpes - 280g","p":3.1,"u":"11,07 €/KG","img":"https://fd14-photos.leclercdrive.fr/image.ashx?id=3003281&use=l&cat=p&typeid=i","cat":333665},{"id":57354,"n":"Duo de Sel & Poivre La Baleine Sel 50G - Poivre 18G","p":2.4,"u":"35,29 €/KG","img":"https://fd14-photos.leclercdrive.fr/image.ashx?id=1752097&use=l&cat=p&typeid=i","cat":284457},{"id":57355,"n":"Soda Breizh Cola zéro 1.5L","p":1.35,"u":"0,90 €/L","img":"https://fd14-photos.leclercdrive.fr/image.ashx?id=2458661&use=l&cat=p&typeid=i","cat":284530},{"id":57384,"n":"Galettes Maison Tino Pommes de terre, emmental - x4","p":4.7,"u":"10,68 €/KG","img":"https://fd14-photos.leclercdrive.fr/image.ashx?id=1708734&use=l&cat=p&typeid=i","cat":333671},{"id":57410,"n":"Croissants Croustipâte x4 - 240g","p":1.55,"u":"6,46 €/KG","img":"https://fd14-photos.leclercdrive.fr/image.ashx?id=2886100&use=l&cat=p&typeid=i","cat":333681},{"id":57419,"n":"Pruneaux Agen Maitre Prunille IGP - 500g","p":4.57,"u":"9,14 €/KG","img":"https://fd14-photos.leclercdrive.fr/image.ashx?id=2090192&use=l&cat=p&typeid=i","cat":284357},{"id":57435,"n":"Fromage blanc Bio Vrai Lait de brebis - 400g","p":2.25,"u":"5,63 €/KG","img":"https://fd14-photos.leclercdrive.fr/image.ashx?id=2517495&use=l&cat=p&typeid=i","cat":314998},{"id":57653,"n":"Bière dorée Dremmwel bio Blonde - 6x25cl","p":5.5,"u":"3,67 €/L","img":"https://fd14-photos.leclercdrive.fr/image.ashx?id=2870767&use=l&cat=p&typeid=i","cat":334873},{"id":57685,"n":"Pots bébé bio Babybio Légumes poulet - 6 mois - 400g","p":3.0,"u":"7,50 €/KG","img":"https://fd14-photos.leclercdrive.fr/image.ashx?id=2827422&use=l&cat=p&typeid=i","cat":312236},{"id":57696,"n":"Pots bébé bio Babybio - 6 mois  Légumes pâtes boeuf - 2x200g","p":3.1,"u":"7,75 €/KG","img":"https://fd14-photos.leclercdrive.fr/image.ashx?id=2838301&use=l&cat=p&typeid=i","cat":312236},{"id":57703,"n":"Bols bébé soir bio Babybio Légumes pâtes - 8 mois - 2x200g","p":2.6,"u":"6,50 €/KG","img":"https://fd14-photos.leclercdrive.fr/image.ashx?id=2838311&use=l&cat=p&typeid=i","cat":312239},{"id":57704,"n":"Macédoine de légumes Bonduelle Recette gourmande - 320g","p":2.05,"u":"6,41 €/KG","img":"https://fd14-photos.leclercdrive.fr/image.ashx?id=2907899&use=l&cat=p&typeid=i","cat":333657},{"id":57706,"n":"Salades Bonduelle Tortis, concombres, saumon 300g","p":2.65,"u":"8,83 €/KG","img":"https://fd14-photos.leclercdrive.fr/image.ashx?id=2905303&use=l&cat=p&typeid=i","cat":333657},{"id":57717,"n":"Repas du soir carotte Babybio bio 12 mois Maïs Quinoa - 230g","p":1.85,"u":"8,04 €/KG","img":"https://fd14-photos.leclercdrive.fr/image.ashx?id=2875387&use=l&cat=p&typeid=i","cat":312239},{"id":57742,"n":"Lait croissance Guigoz Gest 3e âge - dès 12 mois - 800g","p":11.85,"u":"14,81 €/KG","img":"https://fd14-photos.leclercdrive.fr/image.ashx?id=2895023&use=l&cat=p&typeid=i","cat":290219},{"id":57763,"n":"Pâtes Serpentini Panzani 3 Minutes - 500g","p":1.35,"u":"2,70 €/KG","img":"https://fd14-photos.leclercdrive.fr/image.ashx?id=2896078&use=l&cat=p&typeid=i","cat":284427},{"id":57768,"n":"Tablette de chocolat noir Lindt Sésame grillé - 100g","p":2.18,"u":"21,80 €/KG","img":"https://fd14-photos.leclercdrive.fr/image.ashx?id=2689490&use=l&cat=p&typeid=i","cat":284956},{"id":57775,"n":"Chocolat au lait Eco+ Noisette - 4x100g","p":3.5,"u":"8,75 €/KG","img":"https://fd14-photos.leclercdrive.fr/image.ashx?id=2581054&use=l&cat=p&typeid=i","cat":284497},{"id":57779,"n":"Capsules café Plantation Espresso n°5 - x16 - 92g","p":2.69,"u":"29,24 €/KG","img":"https://fd14-photos.leclercdrive.fr/image.ashx?id=2649729&use=l&cat=p&typeid=i","cat":293239},{"id":57782,"n":"Capsules café Plantation Cappuccino - 2x8 - 166g","p":3.29,"u":"19,82 €/KG","img":"https://fd14-photos.leclercdrive.fr/image.ashx?id=2607584&use=l&cat=p&typeid=i","cat":293239},{"id":57783,"n":"Capsules café Plantation Espresso forte n°7 - x16 - 105g","p":2.99,"u":"28,48 €/KG","img":"https://fd14-photos.leclercdrive.fr/image.ashx?id=2649732&use=l&cat=p&typeid=i","cat":293239},{"id":57785,"n":"Capsules café Plantation Lungo n°6 - x16 - 99.2g","p":2.69,"u":"27,17 €/KG","img":"https://fd14-photos.leclercdrive.fr/image.ashx?id=2649735&use=l&cat=p&typeid=i","cat":293239},{"id":57786,"n":"Capsules café Plantation Gigante n°5 - x16 - 112g","p":2.99,"u":"26,70 €/KG","img":"https://fd14-photos.leclercdrive.fr/image.ashx?id=2649738&use=l&cat=p&typeid=i","cat":293239},{"id":57796,"n":"Bonbons KINDER Schoko-Bons Chocolat au lait - 300G","p":5.25,"u":"17,50 €/KG","img":"https://fd14-photos.leclercdrive.fr/image.ashx?id=2439692&use=l&cat=p&typeid=i","cat":304238},{"id":57804,"n":"Tomato Ketchup Heinz - 570g","p":2.15,"u":"3,77 €/KG","img":"https://fd14-photos.leclercdrive.fr/image.ashx?id=2924944&use=l&cat=p&typeid=i","cat":284455},{"id":57812,"n":"Petits pots bébé P'TITE RECETTE Couscous 8M+ - 2x200g","p":1.88,"u":"4,70 €/KG","img":"https://fd14-photos.leclercdrive.fr/image.ashx?id=2525696&use=l&cat=p&typeid=i","cat":312236},{"id":57813,"n":"Petits pots bébé P'TITE RECETTE Poulet Basquais 15M+ - 2 x 200g","p":2.1,"u":"5,25 €/KG","img":"https://fd14-photos.leclercdrive.fr/image.ashx?id=2737042&use=l&cat=p&typeid=i","cat":312238},{"id":57814,"n":"Petits pots bébé P'TITE RECETTE Hachis Parmentier 8M+ - 2x200g","p":2.05,"u":"5,13 €/KG","img":"https://fd14-photos.leclercdrive.fr/image.ashx?id=2629689&use=l&cat=p&typeid=i","cat":312236},{"id":57816,"n":"Petits pots bébé P'TITE RECETTE Pot au feu 8M+ - 2x200g","p":2.46,"u":"6,15 €/KG","img":"https://fd14-photos.leclercdrive.fr/image.ashx?id=2518415&use=l&cat=p&typeid=i","cat":312236},{"id":57821,"n":"Petits pots bébé PTIT SOUPER pâtes courgettes 6M+ - 2x200g","p":2.05,"u":"5,13 €/KG","img":"https://fd14-photos.leclercdrive.fr/image.ashx?id=2526523&use=l&cat=p&typeid=i","cat":312239},{"id":57823,"n":"Petits pots bébé P'TIT SOUPER Carottes semoule 6M+ - 2x200g","p":1.97,"u":"4,93 €/KG","img":"https://fd14-photos.leclercdrive.fr/image.ashx?id=2527109&use=l&cat=p&typeid=i","cat":312239},{"id":57824,"n":"Petits pots bébé P'TIT SOUPER Risotto carottes 12M+ - 2x200g","p":2.17,"u":"5,43 €/KG","img":"https://fd14-photos.leclercdrive.fr/image.ashx?id=2526526&use=l&cat=p&typeid=i","cat":312239},{"id":57883,"n":"Petits pots bébé P'TITE RECETTE  riz dinde 12M+ - 2x200g","p":1.88,"u":"4,70 €/KG","img":"https://fd14-photos.leclercdrive.fr/image.ashx?id=2629686&use=l&cat=p&typeid=i","cat":312237},{"id":57953,"n":"Papier cuisson Albal x16 feuilles","p":2.5,"img":"https://fd14-photos.leclercdrive.fr/image.ashx?id=2551447&use=l&cat=p&typeid=i","cat":334134},{"id":57956,"n":"Serviettes fuites urinaires  TENA Discreet - Mini - x20","p":3.5,"u":"0,18 €/P","img":"https://fd14-photos.leclercdrive.fr/image.ashx?id=2597241&use=l&cat=p&typeid=i","cat":284628},{"id":57977,"n":"Gel nettoyant canalisations Destop Pin intense - 750ml","p":2.6,"u":"3,47 €/L","img":"https://fd14-photos.leclercdrive.fr/image.ashx?id=2730310&use=l&cat=p&typeid=i","cat":284908},{"id":57983,"n":"Râpe Électrique Velvet Smooth Exfoliante et Contour des Pieds","p":23.0,"u":"Dont 0,17 € d'éco-part.","img":"https://fd14-photos.leclercdrive.fr/image.ashx?id=2465143&use=l&cat=p&typeid=i","cat":325354},{"id":57986,"n":"Gel à raser Protect Williams  Anti irritations - 200ml","p":2.54,"u":"12,70 €/L","img":"https://fd14-photos.leclercdrive.fr/image.ashx?id=2792366&use=l&cat=p&typeid=i","cat":284617},{"id":57987,"n":"Gel à raser Oxygen  Williams Peaux sensibles -  150ml","p":2.9,"u":"19,33 €/L","img":"https://fd14-photos.leclercdrive.fr/image.ashx?id=1721101&use=l&cat=p&typeid=i","cat":284617},{"id":58119,"n":"Madeleines longue pépites sucre Le Ster x20 - 250g","p":1.52,"u":"6,08 €/KG","img":"https://fd14-photos.leclercdrive.fr/image.ashx?id=2962566&use=l&cat=p&typeid=i","cat":284492},{"id":58125,"n":"flan dany chocolat 4x100g","p":1.4,"u":"3,50 €/KG","img":"https://fd14-photos.leclercdrive.fr/image.ashx?id=2132316&use=l&cat=p&typeid=i","cat":284414},{"id":58143,"n":"Soin de jour L'Oréal Paris Age Perfect anti-âge - 50ml","p":11.97,"pp":7.9,"u":"158,00 €/L","img":"https://fd14-photos.leclercdrive.fr/image.ashx?id=2769744&use=l&cat=p&typeid=i","cat":325345},{"id":58198,"n":"Galettes veggies Céréal Bio Orge Chèvre & Miel Bio - 200g","p":2.65,"u":"13,25 €/KG","img":"https://fd14-photos.leclercdrive.fr/image.ashx?id=2624209&use=l&cat=p&typeid=i","cat":316036},{"id":58200,"n":"Galette veggies Céréal Bio Quinoa & Tomates Bio - 200g","p":2.5,"u":"12,50 €/KG","img":"https://fd14-photos.leclercdrive.fr/image.ashx?id=2624212&use=l&cat=p&typeid=i","cat":316036},{"id":58201,"n":"Désodorisant Bien Air  Senteur muguet - 300ml","p":1.09,"u":"3,63 €/L","img":"https://fd14-photos.leclercdrive.fr/image.ashx?id=2607942&use=l&cat=p&typeid=i","cat":311626},{"id":58202,"n":"Désodorisant Bien Air Floral - 300ml","p":1.09,"u":"3,63 €/L","img":"https://fd14-photos.leclercdrive.fr/image.ashx?id=2614573&use=l&cat=p&typeid=i","cat":311626},{"id":58203,"n":"Désodorisant Bien Air  Fruits rouges - 300ml","p":1.35,"u":"4,50 €/L","img":"https://fd14-photos.leclercdrive.fr/image.ashx?id=2613723&use=l&cat=p&typeid=i","cat":311626},{"id":58205,"n":"Désodorisant Bien Air Vanille - 300ml","p":1.09,"u":"3,63 €/L","img":"https://fd14-photos.leclercdrive.fr/image.ashx?id=2613726&use=l&cat=p&typeid=i","cat":311626},{"id":58210,"n":"Galettes de céréales Céréal Bio Sarrasin & Comté Bio - 200g","p":2.7,"u":"13,50 €/KG","img":"https://fd14-photos.leclercdrive.fr/image.ashx?id=2624281&use=l&cat=p&typeid=i","cat":316036},{"id":58214,"n":"Carré gourmand Garden Gourmet Tomates et mozzarella 160g","p":2.3,"u":"14,38 €/KG","img":"https://fd14-photos.leclercdrive.fr/image.ashx?id=3009107&use=l&cat=p&typeid=i","cat":316036},{"id":58219,"n":"Bavoir plastique Mots d'Enfants Taupe","p":2.5,"img":"https://fd14-photos.leclercdrive.fr/image.ashx?id=2693413&use=l&cat=p&typeid=i","cat":289435},{"id":58221,"n":"Feuilles de filo Tablier Blanc 250g","p":1.91,"u":"7,64 €/KG","img":"https://fd14-photos.leclercdrive.fr/image.ashx?id=1938591&use=l&cat=p&typeid=i","cat":333681},{"id":58222,"n":"Nuggets Côté Croc Fromage - 180g","p":1.84,"u":"10,22 €/KG","img":"https://fd14-photos.leclercdrive.fr/image.ashx?id=2462260&use=l&cat=p&typeid=i","cat":333684},{"id":58232,"n":"Pâte feuilletée Tablier Blanc Rectangulaire - 230g","p":1.14,"u":"4,96 €/KG","img":"https://fd14-photos.leclercdrive.fr/image.ashx?id=2635931&use=l&cat=p&typeid=i","cat":333681},{"id":58314,"n":"Verrines tartare de concombre et surimi x6 pièces - 270g","p":6.3,"u":"23,33 €/KG","img":"https://fd14-photos.leclercdrive.fr/image.ashx?id=2331402&use=l&cat=p&typeid=i","cat":316003},{"id":58365,"n":"Tartelettes Chocolat P'tit Déli Fourrées au lait - 225g","p":1.39,"u":"6,18 €/KG","img":"https://fd14-photos.leclercdrive.fr/image.ashx?id=2523715&use=l&cat=p&typeid=i","cat":284488},{"id":58435,"n":"Bouillon Cube Maggi Poule au pot - 150g","p":1.45,"u":"9,67 €/KG","img":"https://fd14-photos.leclercdrive.fr/image.ashx?id=2737054&use=l&cat=p&typeid=i","cat":288379},{"id":58449,"n":"Tomates pelées entières D'aucy 238g","p":0.95,"u":"3,99 €/KG","img":"https://fd14-photos.leclercdrive.fr/image.ashx?id=2503425&use=l&cat=p&typeid=i","cat":312608},{"id":58459,"n":"Croquettes chat Purina One Adulte - Boeuf/Céréales - 1.5Kg","p":6.35,"u":"4,23 €/KG","img":"https://fd14-photos.leclercdrive.fr/image.ashx?id=2433548&use=l&cat=p&typeid=i","cat":284680},{"id":58490,"n":"Sauce Béchamel Maggi 350ml","p":1.58,"u":"4,51 €/L","img":"https://fd14-photos.leclercdrive.fr/image.ashx?id=2977726&use=l&cat=p&typeid=i","cat":288381},{"id":58502,"n":"Croquettes chat Purina One Stérilisé Adulte-Dinde/Blé -3kg","p":13.9,"u":"4,63 €/KG","img":"https://fd14-photos.leclercdrive.fr/image.ashx?id=2488055&use=l&cat=p&typeid=i","cat":284680},{"id":58513,"n":"Croque monsieur Eco+ x2 - 260g","p":1.37,"u":"5,27 €/KG","img":"https://fd14-photos.leclercdrive.fr/image.ashx?id=2758496&use=l&cat=p&typeid=i","cat":333671},{"id":58522,"n":"Sandwich polaire Côté Snack Saumon fumé - 135g","p":1.85,"u":"13,70 €/KG","img":"https://fd14-photos.leclercdrive.fr/image.ashx?id=2296985&use=l&cat=p&typeid=i","cat":333658},{"id":58525,"n":"Salade choux rouge  Menu fraîcheur - 300g","p":1.81,"u":"6,03 €/KG","img":"https://fd14-photos.leclercdrive.fr/image.ashx?id=2901458&use=l&cat=p&typeid=i","cat":333657},{"id":58526,"n":"Salade cervelas Menu fraîcheur 300g","p":2.57,"u":"8,57 €/KG","img":"https://fd14-photos.leclercdrive.fr/image.ashx?id=2645957&use=l&cat=p&typeid=i","cat":333657},{"id":58530,"n":"Pâte à tartiner L. Georgelin Bio Noisettes cacao  400g","p":5.15,"u":"12,88 €/KG","img":"https://fd14-photos.leclercdrive.fr/image.ashx?id=1580439&use=l&cat=p&typeid=i","cat":284481},{"id":58547,"n":"Duo de raisins moelleux Couleurs Vives - 250g","p":2.15,"u":"8,60 €/KG","img":"https://fd14-photos.leclercdrive.fr/image.ashx?id=2659262&use=l&cat=p&typeid=i","cat":284357},{"id":58570,"n":"Friandises chien Pedigree  Récompense bœuf volaille - 155g","p":1.65,"u":"10,65 €/KG","img":"https://fd14-photos.leclercdrive.fr/image.ashx?id=2924779&use=l&cat=p&typeid=i","cat":294527},{"id":58577,"n":"Dessert bébé lacté Blédina 6m Abricot - 6x55g","p":1.63,"u":"4,94 €/KG","img":"https://fd14-photos.leclercdrive.fr/image.ashx?id=2952448&use=l&cat=p&typeid=i","cat":312392},{"id":58578,"n":"Dessert bébé lacté Blédina 6m Fraise - 6x55g","p":1.63,"u":"4,94 €/KG","img":"https://fd14-photos.leclercdrive.fr/image.ashx?id=2952451&use=l&cat=p&typeid=i","cat":312392},{"id":58603,"n":"Boudin blanc de Rethel NRT IGP - 350g","p":5.25,"u":"15,00 €/KG","img":"https://fd14-photos.leclercdrive.fr/image.ashx?id=2991503&use=l&cat=p&typeid=i","cat":316012},{"id":58621,"n":"Asperges blanches Géant Vert mini - 110g","p":2.25,"u":"20,45 €/KG","img":"https://fd14-photos.leclercdrive.fr/image.ashx?id=2840554&use=l&cat=p&typeid=i","cat":312611},{"id":58625,"n":"Cœurs de palmiers Géant Vert - 220g","p":3.4,"u":"15,45 €/KG","img":"https://fd14-photos.leclercdrive.fr/image.ashx?id=2840560&use=l&cat=p&typeid=i","cat":312611},{"id":58635,"n":"Soupe Douceur automne Knorr Crème fraîche - 1L","p":2.3,"u":"2,30 €/L","img":"https://fd14-photos.leclercdrive.fr/image.ashx?id=2212824&use=l&cat=p&typeid=i","cat":284462},{"id":58636,"n":"Soupe Douceur potiron Knorr Chataigne - 1L","p":2.76,"u":"2,76 €/L","img":"https://fd14-photos.leclercdrive.fr/image.ashx?id=2420033&use=l&cat=p&typeid=i","cat":284462},{"id":58649,"n":"Steak haché Férial  Pur boeuf 15%mg - 125g","p":2.09,"u":"16,72 €/KG","img":"https://fd14-photos.leclercdrive.fr/image.ashx?id=2613309&use=l&cat=p&typeid=i","cat":284332},{"id":58655,"n":"Poêlée fermière Notre Jardin 750g","p":3.25,"u":"4,33 €/KG","img":"https://fd14-photos.leclercdrive.fr/image.ashx?id=2878597&use=l&cat=p&typeid=i","cat":319823},{"id":58668,"n":"Gorgonzola AOP Galbani 150g","p":2.4,"u":"16,00 €/KG","img":"https://fd14-photos.leclercdrive.fr/image.ashx?id=2792972&use=l&cat=p&typeid=i","cat":314032},{"id":58691,"n":"Mousse de foie TSR VPF  Tradilège - 150g","p":1.28,"u":"8,53 €/KG","img":"https://fd14-photos.leclercdrive.fr/image.ashx?id=2852279&use=l&cat=p&typeid=i","cat":316008},{"id":58692,"n":"Knack extra généreuse gril VPF Tradilège - x4 - 280g","p":2.6,"u":"9,29 €/P","img":"https://fd14-photos.leclercdrive.fr/image.ashx?id=2448324&use=l&cat=p&typeid=i","cat":316012},{"id":58695,"n":"Farce à légumes Férial 400g","p":3.49,"u":"8,73 €/KG","img":"https://fd14-photos.leclercdrive.fr/image.ashx?id=2922703&use=l&cat=p&typeid=i","cat":284332},{"id":58715,"n":"Mini croque monsieur Côté Table x20 - 240g","p":4.45,"u":"18,54 €/KG","img":"https://fd14-photos.leclercdrive.fr/image.ashx?id=2919622&use=l&cat=p&typeid=i","cat":319774},{"id":58716,"n":"Duo de Courgettes Notre Jardin Tomates - 900g","p":2.45,"u":"2,72 €/KG","img":"https://fd14-photos.leclercdrive.fr/image.ashx?id=2404290&use=l&cat=p&typeid=i","cat":319823},{"id":58803,"n":"Duo mousse Canard Foie 2x50g","p":1.06,"u":"21,20 €/KG","img":"https://fd14-photos.leclercdrive.fr/image.ashx?id=2840482&use=l&cat=p&typeid=i","cat":316008},{"id":58944,"n":"Yaourts à boire Actimel Nature - 12x100g","p":3.9,"u":"3,25 €/KG","img":"https://fd14-photos.leclercdrive.fr/image.ashx?id=2996461&use=l&cat=p&typeid=i","cat":284415},{"id":58946,"n":"Yaourts à boire Actimel Multifruits - 8x100g","p":3.3,"u":"4,13 €/KG","img":"https://fd14-photos.leclercdrive.fr/image.ashx?id=2996464&use=l&cat=p&typeid=i","cat":284415},{"id":58952,"n":"Yaourts à boire Actimel framboise fruit rouge - 12x100g","p":4.4,"u":"3,67 €/KG","img":"https://fd14-photos.leclercdrive.fr/image.ashx?id=2996476&use=l&cat=p&typeid=i","cat":284415},{"id":58970,"n":"Crémant Bourgogne Veuve Ambal AOP Brut millésimé - 75cl","p":7.5,"u":"10,00 €/L","img":"https://fd14-photos.leclercdrive.fr/image.ashx?id=2887815&use=l&cat=p&typeid=i","cat":284544},{"id":58987,"n":"Salade César Mix Buffet 250g","p":3.4,"u":"13,60 €/KG","img":"https://fd14-photos.leclercdrive.fr/image.ashx?id=2735569&use=l&cat=p&typeid=i","cat":333657},{"id":59025,"n":"Pur beurre cacahuète Jardin Bio Bio - 350g","p":3.65,"u":"10,43 €/KG","img":"https://fd14-photos.leclercdrive.fr/image.ashx?id=3000312&use=l&cat=p&typeid=i","cat":284481},{"id":59027,"n":"Dessert fruitier bio Jardin Bio Pomme nature - 680g","p":2.47,"u":"3,63 €/KG","img":"https://fd14-photos.leclercdrive.fr/image.ashx?id=2999297&use=l&cat=p&typeid=i","cat":284508},{"id":59041,"n":"Céréales Extra Kellogg's Chocolat au lait - 800g","p":5.54,"u":"6,93 €/KG","img":"https://fd14-photos.leclercdrive.fr/image.ashx?id=2694941&use=l&cat=p&typeid=i","cat":309512},{"id":59108,"n":"Verrines duo de saumon Citron, aneth x6 - 270g","p":7.5,"u":"27,78 €/KG","img":"https://fd14-photos.leclercdrive.fr/image.ashx?id=2374228&use=l&cat=p&typeid=i","cat":327280},{"id":59235,"n":"Café dosettes Tassimo L'Or Café Long Classique x24","p":6.62,"u":"42,44 €/KG","img":"https://fd14-photos.leclercdrive.fr/image.ashx?id=2100356&use=l&cat=p&typeid=i","cat":293240},{"id":59251,"n":"Ravioli Jardin Bio  Bio légumes - 250g","p":2.15,"u":"8,60 €/KG","img":"https://fd14-photos.leclercdrive.fr/image.ashx?id=2535568&use=l&cat=p&typeid=i","cat":287600},{"id":59252,"n":"Café dosettes Tassimo Maxwell House - caramel x8","p":6.2,"u":"23,13 €/KG","img":"https://fd14-photos.leclercdrive.fr/image.ashx?id=2100254&use=l&cat=p&typeid=i","cat":293240},{"id":59253,"n":"Café dosettes Tassimo L'Or Petit Déjeuner Classique x24","p":7.0,"u":"35,18 €/KG","img":"https://fd14-photos.leclercdrive.fr/image.ashx?id=2100365&use=l&cat=p&typeid=i","cat":293240},{"id":59257,"n":"Café dosettes Tassimo Grand-mère - petit déjeuner x16","p":3.51,"u":"26,39 €/KG","img":"https://fd14-photos.leclercdrive.fr/image.ashx?id=2100359&use=l&cat=p&typeid=i","cat":293240},{"id":59271,"n":"Sauce tomate cuisinée Panzani Ail et oignon - 500g","p":1.83,"u":"3,66 €/KG","img":"https://fd14-photos.leclercdrive.fr/image.ashx?id=2884303&use=l&cat=p&typeid=i","cat":288384},{"id":59284,"n":"Maoam Mixx Haribo Sachet bonbons - 250g","p":1.8,"u":"7,20 €/KG","img":"https://fd14-photos.leclercdrive.fr/image.ashx?id=2876956&use=l&cat=p&typeid=i","cat":304250},{"id":59287,"n":"Cornichons Rustica 6 épices - 360g","p":2.29,"u":"6,36 €/KG","img":"https://fd14-photos.leclercdrive.fr/image.ashx?id=2313109&use=l&cat=p&typeid=i","cat":284458},{"id":59288,"n":"IGP Gros sel - Le Guérandais Sachet - 800g","p":1.3,"u":"1,63 €/KG","img":"https://fd14-photos.leclercdrive.fr/image.ashx?id=2458622&use=l&cat=p&typeid=i","cat":284457},{"id":59291,"n":"Sauce bolognaise Bio Village  Bio - 350g","p":2.29,"u":"6,54 €/KG","img":"https://fd14-photos.leclercdrive.fr/image.ashx?id=2753381&use=l&cat=p&typeid=i","cat":287599},{"id":59292,"n":"Œufs au plat Haribo Sachet bonbons - 300g","p":1.5,"u":"5,00 €/KG","img":"https://fd14-photos.leclercdrive.fr/image.ashx?id=2984892&use=l&cat=p&typeid=i","cat":304250},{"id":59299,"n":"Bonbons KINDER Schoko-Bons Chocolat au lait - 225G","p":3.45,"u":"15,33 €/KG","img":"https://fd14-photos.leclercdrive.fr/image.ashx?id=2679633&use=l&cat=p&typeid=i","cat":304238},{"id":59305,"n":"Sauce American Burger Heinz - 230g","p":1.92,"u":"8,35 €/KG","img":"https://fd14-photos.leclercdrive.fr/image.ashx?id=2973354&use=l&cat=p&typeid=i","cat":318431},{"id":59307,"n":"Miami Pik Haribo Sachet bonbons acidulés - 200g","p":1.35,"u":"6,75 €/KG","img":"https://fd14-photos.leclercdrive.fr/image.ashx?id=2984895&use=l&cat=p&typeid=i","cat":304250},{"id":59326,"n":"Mousse à raser Williams Hydratante - 200ml","p":1.85,"u":"9,25 €/L","img":"https://fd14-photos.leclercdrive.fr/image.ashx?id=2655361&use=l&cat=p&typeid=i","cat":284617},{"id":59327,"n":"Pâtes de fruits St Siffrein  4 saisons - 720g","p":6.25,"u":"8,68 €/KG","img":"https://fd14-photos.leclercdrive.fr/image.ashx?id=2504176&use=l&cat=p&typeid=i","cat":304249},{"id":59339,"n":"Barquette chien sénior Cesar Terrine en gelée - 4x150g","p":3.7,"u":"6,17 €/KG","img":"https://fd14-photos.leclercdrive.fr/image.ashx?id=2091320&use=l&cat=p&typeid=i","cat":284673},{"id":59340,"n":"Barquette chien Cesar Terrine cœur légumes - 4x150g","p":4.28,"u":"7,13 €/KG","img":"https://fd14-photos.leclercdrive.fr/image.ashx?id=2091317&use=l&cat=p&typeid=i","cat":284673},{"id":59341,"n":"Barquette chien Cesar Terrine du jardin - 4x150g","p":4.28,"u":"7,13 €/KG","img":"https://fd14-photos.leclercdrive.fr/image.ashx?id=2091314&use=l&cat=p&typeid=i","cat":284673},{"id":59344,"n":"Barquette chien Cesar Terrine du jardin - 4x300g","p":6.66,"u":"5,55 €/KG","img":"https://fd14-photos.leclercdrive.fr/image.ashx?id=2091308&use=l&cat=p&typeid=i","cat":284673},{"id":59497,"n":"Bière Paix Dieu Blonde - 75cl","p":4.9,"u":"6,53 €/L","img":"https://fd14-photos.leclercdrive.fr/image.ashx?id=1554802&use=l&cat=p&typeid=i","cat":334872},{"id":59539,"n":"Pêches Douceur du Verger Sirop léger - 230 g","p":1.26,"u":"5,48 €/KG","img":"https://fd14-photos.leclercdrive.fr/image.ashx?id=2093153&use=l&cat=p&typeid=i","cat":284507},{"id":59545,"n":"Pomme de terre Purée et potage - 2.5kg","p":2.99,"u":"1,20 €/KG","img":"https://fd14-photos.leclercdrive.fr/image.ashx?id=1633424&use=l&cat=p&typeid=i","cat":284352},{"id":59553,"n":"Croustilles  Belin  Emmental - 138g","p":1.2,"u":"8,70 €/KG","img":"https://fd14-photos.leclercdrive.fr/image.ashx?id=3002267&use=l&cat=p&typeid=i","cat":284449},{"id":59556,"n":"Croustilles Belin Cacahuète - 138g","p":1.25,"u":"9,06 €/KG","img":"https://fd14-photos.leclercdrive.fr/image.ashx?id=3002270&use=l&cat=p&typeid=i","cat":284449},{"id":59563,"n":"Galette de maïs GERBLE Chocolat au lait - 124g","p":1.7,"u":"13,71 €/KG","img":"https://fd14-photos.leclercdrive.fr/image.ashx?id=2664034&use=l&cat=p&typeid=i","cat":318651},{"id":59565,"n":"Pâte à tartiner Nustikao 1kg","p":4.25,"u":"4,25 €/KG","img":"https://fd14-photos.leclercdrive.fr/image.ashx?id=1167271&use=l&cat=p&typeid=i","cat":284481},{"id":59655,"n":"Dentifrice Email Diamant Rouge - 75ml","p":3.7,"u":"49,33 €/L","img":"https://fd14-photos.leclercdrive.fr/image.ashx?id=1781297&use=l&cat=p&typeid=i","cat":284612},{"id":59695,"n":"Yaourt à la grecque YAOS Vanille - 4x125g","p":2.6,"u":"5,20 €/KG","img":"https://fd14-photos.leclercdrive.fr/image.ashx?id=3007972&use=l&cat=p&typeid=i","cat":314999},{"id":59697,"n":"Sandwich Maxi Club Sodebo  Simple&Bon Poulet Crudi. - 190g","p":2.15,"u":"11,32 €/KG","img":"https://fd14-photos.leclercdrive.fr/image.ashx?id=2814545&use=l&cat=p&typeid=i","cat":333658},{"id":59714,"n":"Cacahuètes Tokapi  Grillées à sec - 200g","p":0.78,"u":"3,90 €/KG","img":"https://fd14-photos.leclercdrive.fr/image.ashx?id=2799781&use=l&cat=p&typeid=i","cat":284448},{"id":59722,"n":"Crème légère semi-épaisse  Bridélice 18%mg - 3x20cl","p":2.5,"u":"4,17 €/L","img":"https://fd14-photos.leclercdrive.fr/image.ashx?id=2904733&use=l&cat=p&typeid=i","cat":284381},{"id":59735,"n":"Bâtonnets surimi Ciepe Arôme Crabe x12 - 200g","p":1.45,"u":"7,25 €/KG","img":"https://fd14-photos.leclercdrive.fr/image.ashx?id=2973126&use=l&cat=p&typeid=i","cat":285189},{"id":59751,"n":"Rollmops au vinaigre  MSC Ronde des mers - 400g","p":2.29,"u":"5,73 €/KG","img":"https://fd14-photos.leclercdrive.fr/image.ashx?id=2686470&use=l&cat=p&typeid=i","cat":285190},{"id":59761,"n":"Lingettes Lotus Baby Peau nette - x64","p":1.9,"u":"0,03 €/P","img":"https://fd14-photos.leclercdrive.fr/image.ashx?id=2904431&use=l&cat=p&typeid=i","cat":284738},{"id":59774,"n":"Sérum physiologique Biolane 30x5ml","p":3.6,"u":"24,00 €/L","img":"https://fd14-photos.leclercdrive.fr/image.ashx?id=2733232&use=l&cat=p&typeid=i","cat":284741},{"id":59832,"n":"Secret de crème Président Semi-épaisse 25%mg - 3x20cl","p":3.95,"u":"6,58 €/L","img":"https://fd14-photos.leclercdrive.fr/image.ashx?id=2699861&use=l&cat=p&typeid=i","cat":284381},{"id":59946,"n":"Galette de Pays de blé noir x6 Crêperie de Guerlédan - 520g","p":3.85,"u":"7,40 €/KG","img":"https://fd14-photos.leclercdrive.fr/image.ashx?id=2093083&use=l&cat=p&typeid=i","cat":285530},{"id":59948,"n":"Galette de Pays x4 Crêperie de Guerlédan - 340g","p":3.25,"u":"9,56 €/KG","img":"https://fd14-photos.leclercdrive.fr/image.ashx?id=2044011&use=l&cat=p&typeid=i","cat":285530},{"id":59952,"n":"Cocotte ovale Pyrex  En verre - 5.8L","p":23.9,"img":"https://fd14-photos.leclercdrive.fr/image.ashx?id=2576910&use=l&cat=p&typeid=i","cat":298490},{"id":60029,"n":"Brioche Harrys Mini Tressée Nature au sucre perlé - 210g","p":1.95,"u":"9,29 €/KG","img":"https://fd14-photos.leclercdrive.fr/image.ashx?id=2667742&use=l&cat=p&typeid=i","cat":284478},{"id":60053,"n":"Végétal Falafels Garden Gourmet Pois chiches 190g","p":2.85,"u":"15,00 €/KG","img":"https://fd14-photos.leclercdrive.fr/image.ashx?id=2988686&use=l&cat=p&typeid=i","cat":316036},{"id":60068,"n":"Pavé Gourmand Garden Gourmet Courgettes Fromage 180g","p":2.95,"u":"16,39 €/KG","img":"https://fd14-photos.leclercdrive.fr/image.ashx?id=2973294&use=l&cat=p&typeid=i","cat":316036},{"id":60120,"n":"Yaourts Lait de chèvre Vrai Bio Nature - 2x125g","p":1.45,"u":"5,80 €/KG","img":"https://fd14-photos.leclercdrive.fr/image.ashx?id=2516284&use=l&cat=p&typeid=i","cat":314998},{"id":60124,"n":"Compotes Pom'Potes Gourdes  Pomme Nature - 4x90g","p":1.6,"u":"4,44 €/KG","img":"https://fd14-photos.leclercdrive.fr/image.ashx?id=2983003&use=l&cat=p&typeid=i","cat":284508},{"id":60141,"n":"Matin Léger Bio de Lactel  Sans lactose 1.2%mg - 1L","p":2.1,"u":"2,10 €/L","img":"https://fd14-photos.leclercdrive.fr/image.ashx?id=2883549&use=l&cat=p&typeid=i","cat":317169},{"id":60150,"n":"Fromage l'Ortolan Bio Fromagerie Milleret - 250g","p":2.75,"u":"11,00 €/KG","img":"https://fd14-photos.leclercdrive.fr/image.ashx?id=2732866&use=l&cat=p&typeid=i","cat":314033},{"id":60151,"n":"Cordon bleu Nature de France  Emmental Bio - 200g","p":4.9,"u":"24,50 €/KG","img":"https://fd14-photos.leclercdrive.fr/image.ashx?id=2967827&use=l&cat=p&typeid=i","cat":333683},{"id":60165,"n":"Boisson végétale Alpro noisette - 1l","p":2.2,"u":"2,20 €/L","img":"https://fd14-photos.leclercdrive.fr/image.ashx?id=2849602&use=l&cat=p&typeid=i","cat":316067},{"id":60168,"n":"fromage blanc jockey Nature 3%MG - 8x100g","p":2.5,"u":"3,13 €/KG","img":"https://fd14-photos.leclercdrive.fr/image.ashx?id=2230369&use=l&cat=p&typeid=i","cat":284409},{"id":60171,"n":"boisson végétale lait d'amande grillée alpro -1l","p":2.1,"u":"2,10 €/L","img":"https://fd14-photos.leclercdrive.fr/image.ashx?id=2988671&use=l&cat=p&typeid=i","cat":316067},{"id":60174,"n":"Madeleine Bonne Maman  Chocolat au lait x10 - 300g","p":3.07,"u":"10,23 €/KG","img":"https://fd14-photos.leclercdrive.fr/image.ashx?id=2949940&use=l&cat=p&typeid=i","cat":284492},{"id":60313,"n":"Fromage frais Délisse  Vanille de Madagascar - 500g","p":2.29,"u":"4,58 €/KG","img":"https://fd14-photos.leclercdrive.fr/image.ashx?id=3012851&use=l&cat=p&typeid=i","cat":284409},{"id":60382,"n":"Soin de jour L'Oréal Paris Age Perfect anti-rides - 50ml","p":11.97,"pp":7.9,"u":"158,00 €/L","img":"https://fd14-photos.leclercdrive.fr/image.ashx?id=2860355&use=l&cat=p&typeid=i","cat":325345},{"id":60482,"n":"Biere Kasteelbier Brune - 33cl","p":2.0,"u":"6,06 €/L","img":"https://fd14-photos.leclercdrive.fr/image.ashx?id=2483212&use=l&cat=p&typeid=i","cat":334872},{"id":60506,"n":"Jus d'orange pressé frais  50cl","p":2.5,"u":"5,00 €/L","img":"https://fd14-photos.leclercdrive.fr/image.ashx?id=1194464&use=l&cat=p&typeid=i","cat":285435},{"id":60510,"n":"Jus d'orange préssé frais 1L","p":3.95,"u":"3,95 €/L","img":"https://fd14-photos.leclercdrive.fr/image.ashx?id=1194470&use=l&cat=p&typeid=i","cat":285435},{"id":60588,"n":"Emmental Président 250g","p":2.8,"u":"11,20 €/KG","img":"https://fd14-photos.leclercdrive.fr/image.ashx?id=2752942&use=l&cat=p&typeid=i","cat":314034},{"id":60672,"n":"Matière grasse St Hubert 41 demi-sel - 38%MG - 250g","p":1.95,"u":"7,80 €/KG","img":"https://fd14-photos.leclercdrive.fr/image.ashx?id=2734144&use=l&cat=p&typeid=i","cat":315229},{"id":60774,"n":"Bière blonde Leffe 6,6% - 6x25cl","p":4.9,"u":"3,27 €/L","img":"https://fd14-photos.leclercdrive.fr/image.ashx?id=2995421&use=l&cat=p&typeid=i","cat":334852},{"id":60777,"n":"Brique de brebis Lou Pérac Fromage de brebis - 150g","p":2.75,"u":"18,33 €/KG","img":"https://fd14-photos.leclercdrive.fr/image.ashx?id=2785154&use=l&cat=p&typeid=i","cat":314031},{"id":60778,"n":"Tranche Salakis Fromage de brebis - 200g","p":2.61,"u":"13,05 €/KG","img":"https://fd14-photos.leclercdrive.fr/image.ashx?id=2729710&use=l&cat=p&typeid=i","cat":314026},{"id":60831,"n":"Jus de citron vert Baltic 20cl","p":0.9,"u":"4,50 €/L","img":"https://fd14-photos.leclercdrive.fr/image.ashx?id=2469133&use=l&cat=p&typeid=i","cat":288383},{"id":60890,"n":"Chaussée aux moines 340g","p":2.89,"u":"8,50 €/KG","img":"https://fd14-photos.leclercdrive.fr/image.ashx?id=2830030&use=l&cat=p&typeid=i","cat":329184},{"id":60891,"n":"Camembert Président 250g","p":1.79,"u":"7,16 €/KG","img":"https://fd14-photos.leclercdrive.fr/image.ashx?id=2878873&use=l&cat=p&typeid=i","cat":314033},{"id":60892,"n":"Emmental râpé fondant Président 200g","p":2.04,"u":"10,20 €/KG","img":"https://fd14-photos.leclercdrive.fr/image.ashx?id=2488455&use=l&cat=p&typeid=i","cat":314035},{"id":60893,"n":"Brique fondante Président Fondante - 200g","p":2.35,"u":"11,75 €/KG","img":"https://fd14-photos.leclercdrive.fr/image.ashx?id=2652840&use=l&cat=p&typeid=i","cat":314033},{"id":60928,"n":"Thé Earl GreyTwinings Original - 200g","p":5.8,"u":"29,00 €/KG","img":"https://fd14-photos.leclercdrive.fr/image.ashx?id=2955197&use=l&cat=p&typeid=i","cat":293233},{"id":60930,"n":"Thé Earl Grey Twinings x25 sachets - 50g","p":2.0,"u":"40,00 €/KG","img":"https://fd14-photos.leclercdrive.fr/image.ashx?id=2889817&use=l&cat=p&typeid=i","cat":293233},{"id":60953,"n":"Kit turbo Vileda Easy/wring/clean - x1","p":31.9,"img":"https://fd14-photos.leclercdrive.fr/image.ashx?id=2587779&use=l&cat=p&typeid=i","cat":284669},{"id":60957,"n":"Boisson énergisante Red Bull Goût Myrtille, 250ml","p":1.2,"u":"4,80 €/L","img":"https://fd14-photos.leclercdrive.fr/image.ashx?id=2174528&use=l&cat=p&typeid=i","cat":284533},{"id":60978,"n":"Roquefort AOP Société Fromage de brebis - 150g","p":2.9,"u":"19,33 €/KG","img":"https://fd14-photos.leclercdrive.fr/image.ashx?id=2729713&use=l&cat=p&typeid=i","cat":314032},{"id":61021,"n":"Risotto champignon poulet Marie 900g","p":4.35,"u":"4,83 €/KG","img":"https://fd14-photos.leclercdrive.fr/image.ashx?id=2996755&use=l&cat=p&typeid=i","cat":284254},{"id":61167,"n":"Crème légère épaisse Bridélice 15%mg - 497g","p":1.89,"u":"3,80 €/KG","img":"https://fd14-photos.leclercdrive.fr/image.ashx?id=2996578&use=l&cat=p&typeid=i","cat":284381},{"id":61169,"n":"Petit suisse NESQUIK Chocolat 6x60g","p":1.55,"u":"4,31 €/KG","img":"https://fd14-photos.leclercdrive.fr/image.ashx?id=3007933&use=l&cat=p&typeid=i","cat":284414},{"id":61172,"n":"Yaourts à la Grecque Délisse Citron - 4x150g","p":2.38,"u":"3,97 €/KG","img":"https://fd14-photos.leclercdrive.fr/image.ashx?id=2699714&use=l&cat=p&typeid=i","cat":314999},{"id":61293,"n":"Boisson Jafaden Orange carotte citron - 1L","p":1.89,"u":"1,89 €/L","img":"https://fd14-photos.leclercdrive.fr/image.ashx?id=2478489&use=l&cat=p&typeid=i","cat":284917},{"id":61596,"n":"Sauce au poivre Rustica Pot - 245g","p":1.13,"u":"4,61 €/KG","img":"https://fd14-photos.leclercdrive.fr/image.ashx?id=2045124&use=l&cat=p&typeid=i","cat":318430},{"id":61597,"n":"Sauce bourguignonne Rustica Pot - 250g","p":1.0,"u":"4,00 €/KG","img":"https://fd14-photos.leclercdrive.fr/image.ashx?id=1961467&use=l&cat=p&typeid=i","cat":318430},{"id":61605,"n":"Sauce barbecue Rustica Flacon souple - 280g","p":1.39,"u":"4,96 €/KG","img":"https://fd14-photos.leclercdrive.fr/image.ashx?id=2076709&use=l&cat=p&typeid=i","cat":318431},{"id":61609,"n":"Sauce Aïoli Bénédicta - 260g","p":1.48,"u":"5,69 €/KG","img":"https://fd14-photos.leclercdrive.fr/image.ashx?id=2689934&use=l&cat=p&typeid=i","cat":318430},{"id":61613,"n":"Sauce Pommes frites  Amora 448g","p":2.35,"u":"5,25 €/KG","img":"https://fd14-photos.leclercdrive.fr/image.ashx?id=2738227&use=l&cat=p&typeid=i","cat":318431},{"id":61638,"n":"Lentilles Préparées Cassegrain Tendres et Fondantes 460g","p":2.33,"u":"5,07 €/KG","img":"https://fd14-photos.leclercdrive.fr/image.ashx?id=3011047&use=l&cat=p&typeid=i","cat":312609},{"id":61697,"n":"Eponges Spontex Multicolore - x3","p":1.35,"u":"0,45 €/P","img":"https://fd14-photos.leclercdrive.fr/image.ashx?id=2972847&use=l&cat=p&typeid=i","cat":284667},{"id":61706,"n":"Beurre Grand Fermage Demi-sel - 80% MG - 500g","p":5.1,"u":"10,20 €/KG","img":"https://fd14-photos.leclercdrive.fr/image.ashx?id=2916171&use=l&cat=p&typeid=i","cat":284379},{"id":61745,"n":"Guitare junior Dès 7 ans","p":24.9,"img":"https://fd14-photos.leclercdrive.fr/image.ashx?id=1220298&use=l&cat=p&typeid=i","cat":334379},{"id":61968,"n":"AOP Petit Reblochon Le Pochat 240g","p":3.65,"u":"15,21 €/KG","img":"https://fd14-photos.leclercdrive.fr/image.ashx?id=2102764&use=l&cat=p&typeid=i","cat":314037},{"id":61969,"n":"Beaumont de Savoie 200g","p":3.4,"u":"17,00 €/KG","img":"https://fd14-photos.leclercdrive.fr/image.ashx?id=2106550&use=l&cat=p&typeid=i","cat":329184},{"id":61983,"n":"Sachet repas Gourmet  Terrine coffret - 4x85g","p":1.9,"u":"5,59 €/KG","img":"https://fd14-photos.leclercdrive.fr/image.ashx?id=2901118&use=l&cat=p&typeid=i","cat":285286},{"id":62004,"n":"Cornichons Maille  Mini classique - 370g","p":3.85,"u":"10,41 €/KG","img":"https://fd14-photos.leclercdrive.fr/image.ashx?id=2916567&use=l&cat=p&typeid=i","cat":284458},{"id":62042,"n":"Haricots rouges D'aucy  500g","p":1.9,"u":"3,80 €/KG","img":"https://fd14-photos.leclercdrive.fr/image.ashx?id=2491190&use=l&cat=p&typeid=i","cat":312606},{"id":62043,"n":"Lentilles préparées D'aucy  265g","p":0.9,"u":"3,40 €/KG","img":"https://fd14-photos.leclercdrive.fr/image.ashx?id=2560600&use=l&cat=p&typeid=i","cat":312609},{"id":62045,"n":"Haricots verts Jardin Bio étic Bio sans sel - 345g","p":3.55,"u":"10,29 €/KG","img":"https://fd14-photos.leclercdrive.fr/image.ashx?id=2535010&use=l&cat=p&typeid=i","cat":312606},{"id":62053,"n":"Haricots Coco Cuisinés Cassegrain Tomate, Laurier 435g","p":1.68,"u":"6,72 €/KG","img":"https://fd14-photos.leclercdrive.fr/image.ashx?id=2952466&use=l&cat=p&typeid=i","cat":312606},{"id":62067,"n":"Flageolets Préparés Cassegrain Extra Fins 130g","p":1.03,"u":"7,92 €/KG","img":"https://fd14-photos.leclercdrive.fr/image.ashx?id=2912980&use=l&cat=p&typeid=i","cat":312606},{"id":62083,"n":"Soda Schweppes Saveur Agrumes - 1L","p":1.55,"u":"1,55 €/L","img":"https://fd14-photos.leclercdrive.fr/image.ashx?id=2852414&use=l&cat=p&typeid=i","cat":284532},{"id":62094,"n":"Sauce fajitas Old El Paso à cuisiner doux - 395g","p":1.9,"u":"4,81 €/KG","img":"https://fd14-photos.leclercdrive.fr/image.ashx?id=2950852&use=l&cat=p&typeid=i","cat":288993},{"id":62095,"n":"Chips Tortilla Old El Paso Fajita - 185g","p":2.15,"u":"11,62 €/KG","img":"https://fd14-photos.leclercdrive.fr/image.ashx?id=2444522&use=l&cat=p&typeid=i","cat":288993},{"id":62146,"n":"Brioche La Fournée Dorée Tranchée crème fraiche - 500g","p":2.2,"u":"4,40 €/KG","img":"https://fd14-photos.leclercdrive.fr/image.ashx?id=2415365&use=l&cat=p&typeid=i","cat":284478},{"id":62226,"n":"Soda Coca-Cola Sans Sucres Bouteille - 1L","p":1.25,"u":"1,25 €/L","img":"https://fd14-photos.leclercdrive.fr/image.ashx?id=2194418&use=l&cat=p&typeid=i","cat":284530},{"id":62238,"n":"Bière blonde Grimbergen Triple d'Abbaye -8° - 6x25cl","p":5.4,"u":"3,60 €/L","img":"https://fd14-photos.leclercdrive.fr/image.ashx?id=2317363&use=l&cat=p&typeid=i","cat":334852},{"id":62251,"n":"Soda au cola Pepsi Zéro sucres La bouteille de 1.5L","p":1.15,"u":"0,77 €/L","img":"https://fd14-photos.leclercdrive.fr/image.ashx?id=2683130&use=l&cat=p&typeid=i","cat":284530},{"id":62252,"n":"Soda 7UP Citron et citron vert - 1.5L","p":1.2,"u":"0,80 €/L","img":"https://fd14-photos.leclercdrive.fr/image.ashx?id=2748545&use=l&cat=p&typeid=i","cat":284531},{"id":62298,"n":"Sauce caesar Florette 175ml","p":2.29,"u":"13,09 €/L","img":"https://fd14-photos.leclercdrive.fr/image.ashx?id=2634067&use=l&cat=p&typeid=i","cat":284382},{"id":62303,"n":"yaourt fruits bio les 2 vaches brassé framboise - 4x115g","p":1.9,"u":"4,13 €/KG","img":"https://fd14-photos.leclercdrive.fr/image.ashx?id=2571533&use=l&cat=p&typeid=i","cat":284410},{"id":62335,"n":"yaourt fruits bio les 2 vaches brassé myrtille - 4x115g","p":1.9,"u":"4,13 €/KG","img":"https://fd14-photos.leclercdrive.fr/image.ashx?id=2571530&use=l&cat=p&typeid=i","cat":284410},{"id":62340,"n":"Jus d'oranges pressées Andros 1.5L","p":3.8,"u":"2,53 €/L","img":"https://fd14-photos.leclercdrive.fr/image.ashx?id=2904272&use=l&cat=p&typeid=i","cat":285435},{"id":62359,"n":"Jus d'oranges pressées  Sans pulpe Andros - 1.5L","p":3.8,"u":"2,53 €/L","img":"https://fd14-photos.leclercdrive.fr/image.ashx?id=2876104&use=l&cat=p&typeid=i","cat":285435},{"id":62418,"n":"Jus d'oranges douces Andros 1L","p":2.8,"u":"2,80 €/L","img":"https://fd14-photos.leclercdrive.fr/image.ashx?id=2882638&use=l&cat=p&typeid=i","cat":285435},{"id":62439,"n":"Crème brulée Bonne Maman 2x100g","p":2.3,"u":"11,50 €/KG","img":"https://fd14-photos.leclercdrive.fr/image.ashx?id=2886181&use=l&cat=p&typeid=i","cat":284419},{"id":62475,"n":"Sauce ail/ciboulette Florette 175g","p":2.29,"u":"13,09 €/L","img":"https://fd14-photos.leclercdrive.fr/image.ashx?id=2634061&use=l&cat=p&typeid=i","cat":284382},{"id":62482,"n":"Coton-tige Bio Bionaïa x200 bâtonnets ouatés","p":0.91,"img":"https://fd14-photos.leclercdrive.fr/image.ashx?id=2598704&use=l&cat=p&typeid=i","cat":285593},{"id":62496,"n":"Biscuit bébé Blédina 12 mois Petit beurre - 133g","p":1.9,"u":"14,29 €/KG","img":"https://fd14-photos.leclercdrive.fr/image.ashx?id=2974288&use=l&cat=p&typeid=i","cat":312227},{"id":62497,"n":"Biscuit bébé Blédina 12 mois  Petit beurre pépites choco-133g","p":1.9,"u":"14,29 €/KG","img":"https://fd14-photos.leclercdrive.fr/image.ashx?id=2639344&use=l&cat=p&typeid=i","cat":312227},{"id":62561,"n":"Rasoirs jetables Carré Homme 3 lames - x8","p":2.65,"u":"0,33 €/P","img":"https://fd14-photos.leclercdrive.fr/image.ashx?id=2869859&use=l&cat=p&typeid=i","cat":284616},{"id":62567,"n":"Papier toilette Mimosa Humide x50","p":1.29,"u":"0,03 €/P","img":"https://fd14-photos.leclercdrive.fr/image.ashx?id=2064603&use=l&cat=p&typeid=i","cat":284634},{"id":62568,"n":"Papier toilette Mimosa Humide douceur x50","p":1.29,"u":"0,03 €/P","img":"https://fd14-photos.leclercdrive.fr/image.ashx?id=3013615&use=l&cat=p&typeid=i","cat":284634},{"id":62571,"n":"Soda à l'orange Orangina 1L","p":1.7,"u":"1,70 €/L","img":"https://fd14-photos.leclercdrive.fr/image.ashx?id=2668413&use=l&cat=p&typeid=i","cat":284532},{"id":62573,"n":"Tonic soda Sprink's Zero - 1.5L","p":0.92,"u":"0,61 €/L","img":"https://fd14-photos.leclercdrive.fr/image.ashx?id=2913745&use=l&cat=p&typeid=i","cat":284531},{"id":62574,"n":"Bière ambrée Grimbergen 6,5° - 6x25cl","p":5.7,"u":"3,80 €/L","img":"https://fd14-photos.leclercdrive.fr/image.ashx?id=2293483&use=l&cat=p&typeid=i","cat":334852},{"id":62576,"n":"Bière blanche Grimbergen 6° - 6x25cl","p":5.2,"u":"3,47 €/L","img":"https://fd14-photos.leclercdrive.fr/image.ashx?id=2294375&use=l&cat=p&typeid=i","cat":334878},{"id":62578,"n":"Bière brune Leffe 6,5% - 6x25cl","p":5.75,"u":"3,83 €/L","img":"https://fd14-photos.leclercdrive.fr/image.ashx?id=2548279&use=l&cat=p&typeid=i","cat":334852},{"id":62581,"n":"Bière aromatisée Grimbergen Cerise 5,5° - 6x25cl","p":5.2,"u":"3,47 €/L","img":"https://fd14-photos.leclercdrive.fr/image.ashx?id=2312798&use=l&cat=p&typeid=i","cat":334878},{"id":62614,"n":"Pâte à tartiner Ovomaltine Crunchy - 360g","p":2.65,"u":"7,36 €/KG","img":"https://fd14-photos.leclercdrive.fr/image.ashx?id=2428645&use=l&cat=p&typeid=i","cat":284481},{"id":62667,"n":"Brosse à dents Aquafresh Medium x1","p":1.25,"img":"https://fd14-photos.leclercdrive.fr/image.ashx?id=2454013&use=l&cat=p&typeid=i","cat":284614},{"id":62668,"n":"Brosse à dents Sensodyne Extra souple x1","p":2.07,"pp":1.45,"img":"https://fd14-photos.leclercdrive.fr/image.ashx?id=2923633&use=l&cat=p&typeid=i","cat":284614},{"id":62676,"n":"Gel douche bio So Bio Etic  Karité sans sulfate - 650ml","p":5.4,"u":"8,31 €/L","img":"https://fd14-photos.leclercdrive.fr/image.ashx?id=2850593&use=l&cat=p&typeid=i","cat":284594},{"id":62677,"n":"Gel douche bio So Bio Etic Aloe vera sans sulfate 650ml","p":5.3,"u":"8,15 €/L","img":"https://fd14-photos.leclercdrive.fr/image.ashx?id=2850596&use=l&cat=p&typeid=i","cat":284594},{"id":62678,"n":"Crème douche bio So Bio Etic Lait d'anesse - 650ml","p":5.08,"u":"7,82 €/L","img":"https://fd14-photos.leclercdrive.fr/image.ashx?id=2862515&use=l&cat=p&typeid=i","cat":284594},{"id":62681,"n":"Eau de javel Clair Parfum citron - 2L","p":0.98,"u":"0,49 €/L","img":"https://fd14-photos.leclercdrive.fr/image.ashx?id=2949206&use=l&cat=p&typeid=i","cat":284661},{"id":62682,"n":"Javel en gel Clair  Citron vert - 750ml","p":1.18,"u":"1,57 €/L","img":"https://fd14-photos.leclercdrive.fr/image.ashx?id=2843881&use=l&cat=p&typeid=i","cat":284661},{"id":62687,"n":"Spray nasal Primoplast 100% eau de mer - 150ml","p":4.29,"u":"28,60 €/L","img":"https://fd14-photos.leclercdrive.fr/image.ashx?id=2955758&use=l&cat=p&typeid=i","cat":284630},{"id":62725,"n":"Saucisson sec Saint-Azay  Maxi format - 600g","p":7.2,"u":"12,00 €/KG","img":"https://fd14-photos.leclercdrive.fr/image.ashx?id=2943686&use=l&cat=p&typeid=i","cat":316006},{"id":62726,"n":"Compote bio Bio Village Bocal pomme - 625g","p":2.19,"u":"3,50 €/KG","img":"https://fd14-photos.leclercdrive.fr/image.ashx?id=1948042&use=l&cat=p&typeid=i","cat":284508},{"id":62727,"n":"Compote bio Bio Village Bocal pomme poire - 625g","p":2.25,"u":"3,60 €/KG","img":"https://fd14-photos.leclercdrive.fr/image.ashx?id=1948039&use=l&cat=p&typeid=i","cat":284508},{"id":62731,"n":"Abricots Douceur du Verger Sirop léger - 475 g","p":2.42,"u":"5,09 €/KG","img":"https://fd14-photos.leclercdrive.fr/image.ashx?id=1981623&use=l&cat=p&typeid=i","cat":284507},{"id":62740,"n":"Lait de coco Suzi Wan  Allégé - 200ml","p":1.58,"u":"7,90 €/L","img":"https://fd14-photos.leclercdrive.fr/image.ashx?id=2892922&use=l&cat=p&typeid=i","cat":288992},{"id":62741,"n":"Quinoa/boulgour Bio Village  Bio - 400g","p":2.44,"u":"6,10 €/KG","img":"https://fd14-photos.leclercdrive.fr/image.ashx?id=2518556&use=l&cat=p&typeid=i","cat":284429},{"id":63187,"n":"Préparation pour panna cotta  Bridélice UHT - 50cl","p":2.6,"u":"5,20 €/L","img":"https://fd14-photos.leclercdrive.fr/image.ashx?id=2639477&use=l&cat=p&typeid=i","cat":284382},{"id":63304,"n":"Pizza Crust Sodebo Classic Jambon Emmental - 600g","p":4.75,"u":"7,92 €/KG","img":"https://fd14-photos.leclercdrive.fr/image.ashx?id=3008254&use=l&cat=p&typeid=i","cat":333679},{"id":63306,"n":"Pizza Crust Sodebo Buffalo boeuf poivrons - 600g","p":5.35,"u":"8,92 €/KG","img":"https://fd14-photos.leclercdrive.fr/image.ashx?id=3011197&use=l&cat=p&typeid=i","cat":333679},{"id":63437,"n":"Yaourt Brassé lait de chèvre  Soignon Abricot - 4x125g","p":2.6,"u":"5,20 €/KG","img":"https://fd14-photos.leclercdrive.fr/image.ashx?id=2518271&use=l&cat=p&typeid=i","cat":314998},{"id":63503,"n":"Fromage Pavé d'Affinois Mini Mix 3 variétés - 160g","p":2.65,"u":"16,56 €/KG","img":"https://fd14-photos.leclercdrive.fr/image.ashx?id=3002066&use=l&cat=p&typeid=i","cat":314030},{"id":63504,"n":"Fromage Pavé d'Affinois 300g","p":3.5,"u":"11,67 €/KG","img":"https://fd14-photos.leclercdrive.fr/image.ashx?id=3002069&use=l&cat=p&typeid=i","cat":314033},{"id":63508,"n":"Lait 1/2 écrémé UHT  Laitik 6x1L","p":5.34,"u":"0,89 €/L","img":"https://fd14-photos.leclercdrive.fr/image.ashx?id=2929008&use=l&cat=p&typeid=i","cat":284377},{"id":63520,"n":"Pizza crust Sodebo Cheesy 4 fromages - 580g","p":5.05,"u":"8,71 €/KG","img":"https://fd14-photos.leclercdrive.fr/image.ashx?id=2912098&use=l&cat=p&typeid=i","cat":333679},{"id":63622,"n":"Sandwich XXL Daunat Pain suédois - jambon/cheddar","p":2.45,"u":"10,65 €/KG","img":"https://fd14-photos.leclercdrive.fr/image.ashx?id=2857383&use=l&cat=p&typeid=i","cat":333658},{"id":63756,"n":"Pur jus Tropicana Orange Pure Premium Avec pulpe - 1L","p":2.2,"u":"2,20 €/L","img":"https://fd14-photos.leclercdrive.fr/image.ashx?id=2605668&use=l&cat=p&typeid=i","cat":284521},{"id":63759,"n":"Pur Jus Jafaden Mutlifruits - 2L","p":2.8,"u":"1,40 €/L","img":"https://fd14-photos.leclercdrive.fr/image.ashx?id=2958744&use=l&cat=p&typeid=i","cat":284917},{"id":63762,"n":"Boisson aux fruits Oasis Tropical - 6x33cl","p":3.4,"u":"1,72 €/L","img":"https://fd14-photos.leclercdrive.fr/image.ashx?id=2900812&use=l&cat=p&typeid=i","cat":295018},{"id":63765,"n":"Boisson aux fruits Oasis Orange - 6x33cl","p":3.6,"u":"1,82 €/L","img":"https://fd14-photos.leclercdrive.fr/image.ashx?id=2681718&use=l&cat=p&typeid=i","cat":295018},{"id":63768,"n":"Boisson aux fruits Oasis Pomme Cassis Framboise - 6x33cl","p":3.6,"u":"1,82 €/L","img":"https://fd14-photos.leclercdrive.fr/image.ashx?id=3014449&use=l&cat=p&typeid=i","cat":295018},{"id":63794,"n":"Soda Schweppes Saveur Citron - 6x33cl","p":3.5,"u":"1,77 €/L","img":"https://fd14-photos.leclercdrive.fr/image.ashx?id=2852743&use=l&cat=p&typeid=i","cat":284532},{"id":63795,"n":"Soda Schweppes Indian Tonic - 6x33cl","p":3.7,"u":"1,87 €/L","img":"https://fd14-photos.leclercdrive.fr/image.ashx?id=2852423&use=l&cat=p&typeid=i","cat":284531},{"id":63797,"n":"Soda Schweppes Saveur Agrumes - 6x33cl","p":3.4,"u":"1,72 €/L","img":"https://fd14-photos.leclercdrive.fr/image.ashx?id=2852737&use=l&cat=p&typeid=i","cat":284532},{"id":63798,"n":"Soda Schweppes Saveur Agrumes Zero - 6x33cl","p":3.15,"u":"1,59 €/L","img":"https://fd14-photos.leclercdrive.fr/image.ashx?id=2852740&use=l&cat=p&typeid=i","cat":284532},{"id":63824,"n":"Soda Coca-Cola Zéro Sans caféine - 1.25L","p":1.45,"u":"1,16 €/L","img":"https://fd14-photos.leclercdrive.fr/image.ashx?id=3009059&use=l&cat=p&typeid=i","cat":284530},{"id":63837,"n":"Champignons Eco+ Pieds et morceaux - 230g","p":0.95,"u":"4,13 €/KG","img":"https://fd14-photos.leclercdrive.fr/image.ashx?id=2783002&use=l&cat=p&typeid=i","cat":312610},{"id":63971,"n":"Escalope cordon bleu Père dodu Poulet x4 - 400g - Familial","p":4.1,"u":"10,25 €/KG","img":"https://fd14-photos.leclercdrive.fr/image.ashx?id=2957173&use=l&cat=p&typeid=i","cat":333683},{"id":63973,"n":"Cordon Bleu Père Dodu  Poulet x8 - 800g - Maxi Format","p":7.45,"u":"9,31 €/KG","img":"https://fd14-photos.leclercdrive.fr/image.ashx?id=2957176&use=l&cat=p&typeid=i","cat":333683},{"id":64109,"n":"Fromage blanc Délisse 3.2%mg 12x100g","p":2.69,"u":"2,24 €/KG","img":"https://fd14-photos.leclercdrive.fr/image.ashx?id=3012848&use=l&cat=p&typeid=i","cat":284409},{"id":64128,"n":"Eau Minérale Courmayeur 6x50cl","p":1.8,"u":"0,60 €/L","img":"https://fd14-photos.leclercdrive.fr/image.ashx?id=2964102&use=l&cat=p&typeid=i","cat":284535},{"id":64278,"n":"Matière grasse St Hubert 41 Demi-sel - 38%MG - 500g","p":3.6,"u":"7,20 €/KG","img":"https://fd14-photos.leclercdrive.fr/image.ashx?id=2734150&use=l&cat=p&typeid=i","cat":315229},{"id":64509,"n":"Eau minérale Plancoët 6x1L","p":2.2,"u":"0,37 €/L","img":"https://fd14-photos.leclercdrive.fr/image.ashx?id=2553149&use=l&cat=p&typeid=i","cat":284535},{"id":64680,"n":"Soupe liquide Liebig Potiron Kiri Brique - 2x30cl","p":2.22,"u":"3,70 €/L","img":"https://fd14-photos.leclercdrive.fr/image.ashx?id=2892136&use=l&cat=p&typeid=i","cat":284462},{"id":64941,"n":"Collants Sublim brillant Dim Gazelle - Taille 2","p":5.4,"img":"https://fd14-photos.leclercdrive.fr/image.ashx?id=2183440&use=l&cat=p&typeid=i","cat":334130},{"id":64942,"n":"Colllants Sublim brillant Dim Gazelle - Taille 3","p":5.4,"img":"https://fd14-photos.leclercdrive.fr/image.ashx?id=2183443&use=l&cat=p&typeid=i","cat":334130},{"id":64943,"n":"Collants Sublim brillant Dim Gazelle - Taille 4","p":5.4,"img":"https://fd14-photos.leclercdrive.fr/image.ashx?id=2183446&use=l&cat=p&typeid=i","cat":334130},{"id":64946,"n":"Collants Diam's Dim Voile galbe Noir - Taille 1","p":6.2,"img":"https://fd14-photos.leclercdrive.fr/image.ashx?id=2497076&use=l&cat=p&typeid=i","cat":334130},{"id":64947,"n":"Collants Diam's Dim Voile galbe Noir - Taille 2","p":6.2,"img":"https://fd14-photos.leclercdrive.fr/image.ashx?id=2497079&use=l&cat=p&typeid=i","cat":334130},{"id":64980,"n":"Parmentier de canard  Maison Tino - 750g","p":8.5,"u":"11,33 €/KG","img":"https://fd14-photos.leclercdrive.fr/image.ashx?id=2554656&use=l&cat=p&typeid=i","cat":333666},{"id":64983,"n":"Parmentier de boeuf Maison Tino -  750g","p":8.9,"u":"11,87 €/KG","img":"https://fd14-photos.leclercdrive.fr/image.ashx?id=2554650&use=l&cat=p&typeid=i","cat":333666},{"id":64984,"n":"Lasagne de Boeuf  Maison Tino - 900g","p":8.9,"u":"9,89 €/KG","img":"https://fd14-photos.leclercdrive.fr/image.ashx?id=2681829&use=l&cat=p&typeid=i","cat":333666},{"id":64985,"n":"Galettes Maison Tino-Oignons Pommes de terre + lardons x4","p":4.75,"u":"10,80 €/KG","img":"https://fd14-photos.leclercdrive.fr/image.ashx?id=1793409&use=l&cat=p&typeid=i","cat":333671},{"id":65013,"n":"AIRWICK Spray Désodorisant  Pure Rafraichissant - 250ml","p":3.6,"u":"14,40 €/L","img":"https://fd14-photos.leclercdrive.fr/image.ashx?id=2962011&use=l&cat=p&typeid=i","cat":311626},{"id":65044,"n":"Biscuits petit déjeuner Belvita Miel & pépites chocolat - 435g","p":2.55,"u":"5,86 €/KG","img":"https://fd14-photos.leclercdrive.fr/image.ashx?id=2989441&use=l&cat=p&typeid=i","cat":284491},{"id":65251,"n":"Collants Diam's Dim Ventre plat Noir - Taille 1","p":9.85,"img":"https://fd14-photos.leclercdrive.fr/image.ashx?id=2636796&use=l&cat=p&typeid=i","cat":334130},{"id":65253,"n":"Collants Diam's Dim Ventre plat Noir - Taille 2","p":9.85,"img":"https://fd14-photos.leclercdrive.fr/image.ashx?id=2636799&use=l&cat=p&typeid=i","cat":334130},{"id":65255,"n":"Collants Diam's Dim Ventre plat Noir - Taille 3","p":9.85,"img":"https://fd14-photos.leclercdrive.fr/image.ashx?id=2636802&use=l&cat=p&typeid=i","cat":334130},{"id":65276,"n":"Mi-bas sublim Dim Voile brillant noir T35/41 x2","p":4.8,"img":"https://fd14-photos.leclercdrive.fr/image.ashx?id=2840856&use=l&cat=p&typeid=i","cat":334130},{"id":65278,"n":"Mi-bas sublim Dim  Voile brillant capri T35/41 x2","p":4.8,"img":"https://fd14-photos.leclercdrive.fr/image.ashx?id=1650275&use=l&cat=p&typeid=i","cat":334130},{"id":65294,"n":"Collants Well Elastivoile Affinant Ibiza T3","p":5.5,"img":"https://fd14-photos.leclercdrive.fr/image.ashx?id=2056461&use=l&cat=p&typeid=i","cat":334130},{"id":65337,"n":"Epices pour fajitas Old El Paso doux - 30g","p":1.1,"u":"36,67 €/KG","img":"https://fd14-photos.leclercdrive.fr/image.ashx?id=2737702&use=l&cat=p&typeid=i","cat":288993},{"id":65341,"n":"Bonbons LUTTI Koala Guimauve Chocolat - 185g","p":1.4,"u":"7,57 €/KG","img":"https://fd14-photos.leclercdrive.fr/image.ashx?id=2806147&use=l&cat=p&typeid=i","cat":304250},{"id":65342,"n":"Bonbons LUTTI Surffizz Piquants Fruits - 200g","p":1.1,"u":"5,50 €/KG","img":"https://fd14-photos.leclercdrive.fr/image.ashx?id=2806144&use=l&cat=p&typeid=i","cat":304250},{"id":65426,"n":"Olives dénoyautées Croc Frais Méditerranéenne - 500g","p":3.99,"u":"7,98 €/KG","img":"https://fd14-photos.leclercdrive.fr/image.ashx?id=2589416&use=l&cat=p&typeid=i","cat":316002},{"id":65428,"n":"Olives entières Croc Frais Cassées à l’ail - 550g","p":3.99,"u":"7,25 €/KG","img":"https://fd14-photos.leclercdrive.fr/image.ashx?id=2589422&use=l&cat=p&typeid=i","cat":316002},{"id":65904,"n":"Liniment Mots d'Enfants 500ml","p":3.9,"u":"7,80 €/L","img":"https://fd14-photos.leclercdrive.fr/image.ashx?id=3014248&use=l&cat=p&typeid=i","cat":284741},{"id":65932,"n":"Pizza Dolce Sodebo Capri chèvre coppa - 380g","p":3.95,"u":"10,39 €/KG","img":"https://fd14-photos.leclercdrive.fr/image.ashx?id=2889412&use=l&cat=p&typeid=i","cat":333679},{"id":65950,"n":"Gel toilette intime Doulys 200ml","p":2.0,"u":"10,00 €/L","img":"https://fd14-photos.leclercdrive.fr/image.ashx?id=1703245&use=l&cat=p&typeid=i","cat":284627},{"id":65970,"n":"Crème légère fluide Bridélice 12%MG - 3x20cl","p":2.45,"u":"4,08 €/L","img":"https://fd14-photos.leclercdrive.fr/image.ashx?id=2904736&use=l&cat=p&typeid=i","cat":284381},{"id":65972,"n":"Poires Douceur du Verger Sirop léger - 225 g","p":1.29,"u":"5,73 €/KG","img":"https://fd14-photos.leclercdrive.fr/image.ashx?id=2531292&use=l&cat=p&typeid=i","cat":284507},{"id":65977,"n":"Bière aromatisée Mûre Myrtille  4,5°- 6x25cl","p":4.6,"u":"3,07 €/L","img":"https://fd14-photos.leclercdrive.fr/image.ashx?id=2164213&use=l&cat=p&typeid=i","cat":334878},{"id":66258,"n":"Queues de crevettes Delpierre à la Provençale - ASC - 200g","p":5.5,"u":"27,50 €/KG","img":"https://fd14-photos.leclercdrive.fr/image.ashx?id=2840928&use=l&cat=p&typeid=i","cat":284343},{"id":66266,"n":"Brioche tranchée Pasquier Tranches gourmandes - 450g","p":2.15,"u":"4,78 €/KG","img":"https://fd14-photos.leclercdrive.fr/image.ashx?id=2850940&use=l&cat=p&typeid=i","cat":284478},{"id":66279,"n":"Roquefort AOP Les croisés - 32%mg - 100g","p":2.15,"u":"21,50 €/KG","img":"https://fd14-photos.leclercdrive.fr/image.ashx?id=2562885&use=l&cat=p&typeid=i","cat":314032},{"id":66282,"n":"Bresaola Saint-Azay 7 tranches - 70g","p":2.99,"u":"42,71 €/KG","img":"https://fd14-photos.leclercdrive.fr/image.ashx?id=2946460&use=l&cat=p&typeid=i","cat":316007},{"id":66289,"n":"Barre Chocolat Noisettes Nuts x6 barres - 252g","p":3.2,"u":"12,70 €/KG","img":"https://fd14-photos.leclercdrive.fr/image.ashx?id=2991006&use=l&cat=p&typeid=i","cat":284498},{"id":66290,"n":"Saucisson sec saint-Azay Au comté - 30 tranches - 100g","p":2.33,"u":"23,30 €/P","img":"https://fd14-photos.leclercdrive.fr/image.ashx?id=2907216&use=l&cat=p&typeid=i","cat":316007},{"id":66293,"n":"Eau aromatisée Volvic juicy jus de fraise - 6x50cl","p":3.7,"u":"1,23 €/L","img":"https://fd14-photos.leclercdrive.fr/image.ashx?id=2961996&use=l&cat=p&typeid=i","cat":284537},{"id":66356,"n":"Café Soluble Nescafé  Cappuccino Classique - 280g","p":4.45,"u":"15,89 €/KG","img":"https://fd14-photos.leclercdrive.fr/image.ashx?id=2918044&use=l&cat=p&typeid=i","cat":284843},{"id":66366,"n":"Déodorant compressé Sanex  Zéro % Extra control - 100ml","p":3.35,"u":"33,50 €/L","img":"https://fd14-photos.leclercdrive.fr/image.ashx?id=2664274&use=l&cat=p&typeid=i","cat":284618},{"id":66369,"n":"Déodorant Nivea Fresh natural - 150ml","p":2.15,"u":"14,33 €/L","img":"https://fd14-photos.leclercdrive.fr/image.ashx?id=3005221&use=l&cat=p&typeid=i","cat":284618},{"id":66417,"n":"Biscuits Mikado LU Chocolat au lait - 300g","p":4.61,"u":"15,37 €/KG","img":"https://fd14-photos.leclercdrive.fr/image.ashx?id=2347284&use=l&cat=p&typeid=i","cat":284488},{"id":66527,"n":"Fromage Le Vieux Pané Finement typé - 200g","p":2.95,"u":"14,75 €/KG","img":"https://fd14-photos.leclercdrive.fr/image.ashx?id=2770380&use=l&cat=p&typeid=i","cat":329558},{"id":66555,"n":"Café moulu Bio Village Bio Ethiopie - 250g","p":4.1,"u":"16,40 €/KG","img":"https://fd14-photos.leclercdrive.fr/image.ashx?id=2468876&use=l&cat=p&typeid=i","cat":284750},{"id":66602,"n":"Nectar Douceur Cidou Orange - 1.75L","p":3.6,"u":"2,06 €/L","img":"https://fd14-photos.leclercdrive.fr/image.ashx?id=2342499&use=l&cat=p&typeid=i","cat":284521},{"id":66651,"n":"Doonuts nappés St Michel 180g","p":1.65,"u":"9,17 €/KG","img":"https://fd14-photos.leclercdrive.fr/image.ashx?id=2928495&use=l&cat=p&typeid=i","cat":284495},{"id":66739,"n":"Petits Pots  - P'tite Recette  Paëlla - dès 12 mois - 2x200g","p":2.67,"u":"6,68 €/KG","img":"https://fd14-photos.leclercdrive.fr/image.ashx?id=2525693&use=l&cat=p&typeid=i","cat":312237},{"id":66740,"n":"P'tite Recette Nestlé Lentilles Vertes Jambon 12 mois - 2x200g","p":2.81,"u":"7,03 €/KG","img":"https://fd14-photos.leclercdrive.fr/image.ashx?id=2525690&use=l&cat=p&typeid=i","cat":312237},{"id":66746,"n":"Tomme de brebis Lou Pérac Fromage de brebis - 200g","p":3.9,"u":"19,50 €/KG","img":"https://fd14-photos.leclercdrive.fr/image.ashx?id=2758840&use=l&cat=p&typeid=i","cat":329184},{"id":66747,"n":"Ma Crème anglaise Bridélice UHT - 50cl","p":1.7,"u":"3,40 €/L","img":"https://fd14-photos.leclercdrive.fr/image.ashx?id=2643086&use=l&cat=p&typeid=i","cat":284382},{"id":66751,"n":"Boisson à l'amande Végé 1L Végé - 200g","p":1.84,"u":"1,84 €/L","img":"https://fd14-photos.leclercdrive.fr/image.ashx?id=2874699&use=l&cat=p&typeid=i","cat":316067},{"id":66754,"n":"Boisson a l'avoine Végé 1L Végé - 200g","p":1.66,"u":"1,66 €/L","img":"https://fd14-photos.leclercdrive.fr/image.ashx?id=2869501&use=l&cat=p&typeid=i","cat":316067},{"id":66755,"n":"Boisson à la noisette Végé 1L Végé - 200g","p":1.79,"u":"1,79 €/L","img":"https://fd14-photos.leclercdrive.fr/image.ashx?id=2869504&use=l&cat=p&typeid=i","cat":316067},{"id":66756,"n":"Calzone Turini Jambon fromage gratinée 380g","p":3.09,"u":"8,13 €/KG","img":"https://fd14-photos.leclercdrive.fr/image.ashx?id=2289165&use=l&cat=p&typeid=i","cat":333679},{"id":66757,"n":"Soja cuisine Bio Bio Village Végétal - 25cl","p":0.95,"u":"3,80 €/L","img":"https://fd14-photos.leclercdrive.fr/image.ashx?id=2791060&use=l&cat=p&typeid=i","cat":316069},{"id":66764,"n":"Olives Couleur Vives A l'oriental - 150g","p":1.99,"u":"13,27 €/KG","img":"https://fd14-photos.leclercdrive.fr/image.ashx?id=2601289&use=l&cat=p&typeid=i","cat":316002},{"id":66767,"n":"Olives Couleurs Vives A la provençal - 150g","p":1.99,"u":"13,27 €/KG","img":"https://fd14-photos.leclercdrive.fr/image.ashx?id=2601292&use=l&cat=p&typeid=i","cat":316002},{"id":66772,"n":"Gésiers de volaille Provençale - 300g","p":2.54,"u":"8,47 €/KG","img":"https://fd14-photos.leclercdrive.fr/image.ashx?id=2814872&use=l&cat=p&typeid=i","cat":284715},{"id":66803,"n":"Biscuits Nutella B-ready Cacao noisettes - 330g","p":4.06,"u":"12,30 €/KG","img":"https://fd14-photos.leclercdrive.fr/image.ashx?id=2770599&use=l&cat=p&typeid=i","cat":284488},{"id":66804,"n":"Biscuits Nutella B-ready Cacao Noisettes - 220g","p":2.76,"u":"12,55 €/KG","img":"https://fd14-photos.leclercdrive.fr/image.ashx?id=2630784&use=l&cat=p&typeid=i","cat":284488},{"id":66823,"n":"Biscuits petit déjeuner Belvita Miel & pépites chocolat - 650g","p":3.71,"u":"5,71 €/KG","img":"https://fd14-photos.leclercdrive.fr/image.ashx?id=2345487&use=l&cat=p&typeid=i","cat":284491},{"id":66834,"n":"Gel coiffant Vitanove Fixation extrême - 250ml","p":1.62,"u":"6,48 €/L","img":"https://fd14-photos.leclercdrive.fr/image.ashx?id=2294342&use=l&cat=p&typeid=i","cat":284609},{"id":66837,"n":"Gel coiffant Vitanove  Fixation extra forte - 250ml","p":1.02,"u":"4,08 €/L","img":"https://fd14-photos.leclercdrive.fr/image.ashx?id=2836325&use=l&cat=p&typeid=i","cat":284609},{"id":66838,"n":"Gel coiffant Vitanove  Fixation béton - 250ml","p":1.61,"u":"6,44 €/L","img":"https://fd14-photos.leclercdrive.fr/image.ashx?id=2823087&use=l&cat=p&typeid=i","cat":284609},{"id":66841,"n":"Déodorant bille Manava Grenade - 50ml","p":0.99,"u":"19,80 €/L","img":"https://fd14-photos.leclercdrive.fr/image.ashx?id=2481234&use=l&cat=p&typeid=i","cat":284595},{"id":66844,"n":"Bandes de cire froide Siliss Jambes - x20","p":1.85,"u":"0,09 €/P","img":"https://fd14-photos.leclercdrive.fr/image.ashx?id=2842316&use=l&cat=p&typeid=i","cat":325351},{"id":66849,"n":"Dessert bébé lacté Blédina 6m Banane - 6x55g","p":1.95,"u":"5,91 €/KG","img":"https://fd14-photos.leclercdrive.fr/image.ashx?id=2952454&use=l&cat=p&typeid=i","cat":312392},{"id":66965,"n":"Matière grasse Primevere Oméga 3 - 55% - 500g","p":2.9,"u":"5,80 €/KG","img":"https://fd14-photos.leclercdrive.fr/image.ashx?id=2939328&use=l&cat=p&typeid=i","cat":315229},{"id":66967,"n":"Matière grasse Primevere 63%MG - oméga 3 - 500g","p":3.35,"u":"6,70 €/KG","img":"https://fd14-photos.leclercdrive.fr/image.ashx?id=2936044&use=l&cat=p&typeid=i","cat":315229},{"id":66974,"n":"Quart de jambon sec Saint Azay 18 tranches - 220g","p":2.84,"u":"12,91 €/KG","img":"https://fd14-photos.leclercdrive.fr/image.ashx?id=2874386&use=l&cat=p&typeid=i","cat":316007},{"id":66981,"n":"Truite fumée de bretagne Ovive 120g","p":5.9,"u":"49,17 €/KG","img":"https://fd14-photos.leclercdrive.fr/image.ashx?id=2780304&use=l&cat=p&typeid=i","cat":285188},{"id":66985,"n":"Roulés au fromage Côté Table x2 - 260g","p":2.32,"u":"8,92 €/KG","img":"https://fd14-photos.leclercdrive.fr/image.ashx?id=2794838&use=l&cat=p&typeid=i","cat":333671},{"id":66989,"n":"Yaourt bifidus Activia céréales noix - 4x120g","p":1.95,"u":"4,06 €/KG","img":"https://fd14-photos.leclercdrive.fr/image.ashx?id=2901623&use=l&cat=p&typeid=i","cat":315000},{"id":66990,"n":"Yaourt bifidus Activia céréales muesli - 4x120g","p":1.95,"u":"4,06 €/KG","img":"https://fd14-photos.leclercdrive.fr/image.ashx?id=2901620&use=l&cat=p&typeid=i","cat":315000},{"id":67017,"n":"Emincé de lapin Loeul & Piriot 220g","p":6.88,"u":"31,27 €/KG","img":"https://fd14-photos.leclercdrive.fr/image.ashx?id=2020962&use=l&cat=p&typeid=i","cat":284338},{"id":67071,"n":"Fromage Maroilles Fauquet  Quart AOP - 210g","p":2.95,"u":"14,05 €/KG","img":"https://fd14-photos.leclercdrive.fr/image.ashx?id=2834509&use=l&cat=p&typeid=i","cat":329558},{"id":67150,"n":"Croustilles Belin Emmental - 4x138g","p":4.25,"u":"7,70 €/KG","img":"https://fd14-photos.leclercdrive.fr/image.ashx?id=2539025&use=l&cat=p&typeid=i","cat":284449},{"id":67151,"n":"Croustilles Belin Cacahuète - 4x138g","p":4.25,"u":"7,70 €/KG","img":"https://fd14-photos.leclercdrive.fr/image.ashx?id=2940477&use=l&cat=p&typeid=i","cat":284449},{"id":67178,"n":"yaourt aux fruits jaunes danone recette crémeuse - 8x125g","p":2.8,"u":"2,80 €/KG","img":"https://fd14-photos.leclercdrive.fr/image.ashx?id=1987401&use=l&cat=p&typeid=i","cat":284410},{"id":67378,"n":"Sirop Eco+ Grenadine - 1L","p":1.72,"u":"1,72 €/L","img":"https://fd14-photos.leclercdrive.fr/image.ashx?id=2072243&use=l&cat=p&typeid=i","cat":295020},{"id":67392,"n":"Boisson aux fruits gazeuses Pulpe orange - 1,5L","p":1.17,"u":"0,78 €/L","img":"https://fd14-photos.leclercdrive.fr/image.ashx?id=3013567&use=l&cat=p&typeid=i","cat":284532},{"id":67393,"n":"Beurre gastronomique Président Doux - 82% MG - 250g","p":2.79,"u":"11,16 €/KG","img":"https://fd14-photos.leclercdrive.fr/image.ashx?id=3011104&use=l&cat=p&typeid=i","cat":284379},{"id":67425,"n":"yaourt bifidus activia céréales quinoa noisette - 4x120g","p":1.95,"u":"4,06 €/KG","img":"https://fd14-photos.leclercdrive.fr/image.ashx?id=2901626&use=l&cat=p&typeid=i","cat":315000},{"id":67459,"n":"Haricots blancs Eco+ 530g","p":0.91,"u":"1,72 €/KG","img":"https://fd14-photos.leclercdrive.fr/image.ashx?id=1959022&use=l&cat=p&typeid=i","cat":312606},{"id":67460,"n":"Champignons Pieds morceaux - 460g","p":1.43,"u":"3,11 €/KG","img":"https://fd14-photos.leclercdrive.fr/image.ashx?id=3014338&use=l&cat=p&typeid=i","cat":312610},{"id":67568,"n":"Curry moulu Rustica 42g","p":0.55,"u":"13,10 €/KG","img":"https://fd14-photos.leclercdrive.fr/image.ashx?id=2426100&use=l&cat=p&typeid=i","cat":298297},{"id":67569,"n":"Oignon semoule Rustica Déshydraté - 30g","p":1.02,"u":"34,00 €/KG","img":"https://fd14-photos.leclercdrive.fr/image.ashx?id=1209767&use=l&cat=p&typeid=i","cat":298297},{"id":67570,"n":"Poivre noir moulu Rustica Indonésie - 38g","p":0.81,"u":"21,32 €/KG","img":"https://fd14-photos.leclercdrive.fr/image.ashx?id=2797793&use=l&cat=p&typeid=i","cat":284457},{"id":67572,"n":"Ciboulette Rustica 4g","p":0.43,"u":"107,50 €/KG","img":"https://fd14-photos.leclercdrive.fr/image.ashx?id=2772990&use=l&cat=p&typeid=i","cat":298297},{"id":67573,"n":"Cumin moulu Rustica 32g","p":0.59,"u":"18,44 €/KG","img":"https://fd14-photos.leclercdrive.fr/image.ashx?id=1209758&use=l&cat=p&typeid=i","cat":298297},{"id":67620,"n":"Persil Rustica 5g","p":0.39,"u":"78,00 €/KG","img":"https://fd14-photos.leclercdrive.fr/image.ashx?id=1209464&use=l&cat=p&typeid=i","cat":298297},{"id":67622,"n":"Thym Rustica 14g","p":0.4,"u":"28,57 €/KG","img":"https://fd14-photos.leclercdrive.fr/image.ashx?id=2797784&use=l&cat=p&typeid=i","cat":298297},{"id":67652,"n":"Poivre gris moulu Flacon - 36g","p":1.11,"u":"30,83 €/KG","img":"https://fd14-photos.leclercdrive.fr/image.ashx?id=1209749&use=l&cat=p&typeid=i","cat":284457},{"id":67653,"n":"Gingembre moulu Rustica 27g","p":1.19,"u":"44,07 €/KG","img":"https://fd14-photos.leclercdrive.fr/image.ashx?id=1209770&use=l&cat=p&typeid=i","cat":298297},{"id":67667,"n":"Purée de tomate Panzani Tomacouli nature - 500g","p":0.93,"u":"1,86 €/KG","img":"https://fd14-photos.leclercdrive.fr/image.ashx?id=2979623&use=l&cat=p&typeid=i","cat":288384},{"id":67677,"n":"Clous de girofle Rustica 23g","p":1.32,"u":"57,39 €/KG","img":"https://fd14-photos.leclercdrive.fr/image.ashx?id=1210395&use=l&cat=p&typeid=i","cat":298297},{"id":67678,"n":"Curcuma moulu Rustica 37g","p":0.66,"u":"17,84 €/KG","img":"https://fd14-photos.leclercdrive.fr/image.ashx?id=2772981&use=l&cat=p&typeid=i","cat":298297},{"id":67679,"n":"Estragon Rustica 7g","p":0.79,"u":"112,86 €/KG","img":"https://fd14-photos.leclercdrive.fr/image.ashx?id=1210219&use=l&cat=p&typeid=i","cat":298297},{"id":67680,"n":"Herbes de provence Rustica 120g","p":2.6,"u":"21,67 €/KG","img":"https://fd14-photos.leclercdrive.fr/image.ashx?id=1210392&use=l&cat=p&typeid=i","cat":298297},{"id":67681,"n":"Herbes de Provence Rustica 18g","p":0.41,"u":"22,78 €/KG","img":"https://fd14-photos.leclercdrive.fr/image.ashx?id=2772972&use=l&cat=p&typeid=i","cat":298297},{"id":67682,"n":"Noix de Muscade Rustica Moulue - 32g","p":1.26,"u":"39,38 €/KG","img":"https://fd14-photos.leclercdrive.fr/image.ashx?id=1210407&use=l&cat=p&typeid=i","cat":298297},{"id":67683,"n":"Persillade Rustica 95g","p":1.8,"u":"18,95 €/KG","img":"https://fd14-photos.leclercdrive.fr/image.ashx?id=2420397&use=l&cat=p&typeid=i","cat":298297},{"id":67693,"n":"Piment de Cayenne Rustica 38g","p":1.09,"u":"28,68 €/KG","img":"https://fd14-photos.leclercdrive.fr/image.ashx?id=1210404&use=l&cat=p&typeid=i","cat":298297},{"id":67712,"n":"Yaourts nature Délisse Au lait chèvre - 4x125g","p":1.84,"u":"3,68 €/KG","img":"https://fd14-photos.leclercdrive.fr/image.ashx?id=1847192&use=l&cat=p&typeid=i","cat":314998},{"id":67713,"n":"Yaourt vanille Délisse Lait chèvre - 4x125g","p":2.05,"u":"4,10 €/P","img":"https://fd14-photos.leclercdrive.fr/image.ashx?id=1847091&use=l&cat=p&typeid=i","cat":314998},{"id":67875,"n":"The Pik Box Haribo Boîte bonbons acidulés - 550g","p":4.45,"u":"8,09 €/KG","img":"https://fd14-photos.leclercdrive.fr/image.ashx?id=2805219&use=l&cat=p&typeid=i","cat":304250},{"id":67885,"n":"Crème fraîche épaisse Président Entière 30%mg - 45cl","p":2.23,"u":"4,96 €/L","img":"https://fd14-photos.leclercdrive.fr/image.ashx?id=2971948&use=l&cat=p&typeid=i","cat":284381},{"id":67896,"n":"Gel Douche Le Petit Marseillais  Pin et criste marine - 250ml","p":1.47,"u":"5,88 €/L","img":"https://fd14-photos.leclercdrive.fr/image.ashx?id=2676452&use=l&cat=p&typeid=i","cat":284594},{"id":67915,"n":"Baby carottes Florette 250g","p":2.06,"u":"8,24 €/KG","img":"https://fd14-photos.leclercdrive.fr/image.ashx?id=2786492&use=l&cat=p&typeid=i","cat":284352},{"id":67916,"n":"Croq' Radis Florette Sachet 200g","p":2.26,"u":"11,30 €/KG","img":"https://fd14-photos.leclercdrive.fr/image.ashx?id=2859344&use=l&cat=p&typeid=i","cat":284352},{"id":68010,"n":"Crème dessert Bio Les 2 vaches Vanille - 4x95g","p":1.7,"u":"4,47 €/KG","img":"https://fd14-photos.leclercdrive.fr/image.ashx?id=2774015&use=l&cat=p&typeid=i","cat":285041},{"id":68012,"n":"Crème dessert Bio Les 2 vaches Chocolat - 4x95g","p":1.65,"u":"4,34 €/KG","img":"https://fd14-photos.leclercdrive.fr/image.ashx?id=2774100&use=l&cat=p&typeid=i","cat":285041},{"id":68069,"n":"Soda 7up Citron - Citron Vert Le lot de 4x1.5L Seven up","p":4.6,"u":"0,77 €/L","img":"https://fd14-photos.leclercdrive.fr/image.ashx?id=2689607&use=l&cat=p&typeid=i","cat":284531},{"id":68088,"n":"Cannelle Rustica 39g","p":0.88,"u":"22,56 €/KG","img":"https://fd14-photos.leclercdrive.fr/image.ashx?id=1216287&use=l&cat=p&typeid=i","cat":298297},{"id":68090,"n":"Champignons Bio Village Bio Emincés - 170g","p":2.2,"u":"12,94 €/KG","img":"https://fd14-photos.leclercdrive.fr/image.ashx?id=2401201&use=l&cat=p&typeid=i","cat":312610},{"id":68093,"n":"Champignons Paris Notre Jardin Entiers - 2x115g","p":1.85,"u":"8,04 €/KG","img":"https://fd14-photos.leclercdrive.fr/image.ashx?id=2724699&use=l&cat=p&typeid=i","cat":312610},{"id":68094,"n":"Poivre blanc Rustica Moulu - 36g","p":1.89,"u":"52,50 €/KG","img":"https://fd14-photos.leclercdrive.fr/image.ashx?id=1216415&use=l&cat=p&typeid=i","cat":284457},{"id":68095,"n":"Yaourt à la grecque YAOS Nature lit de fraises 4x125g","p":2.35,"u":"4,70 €/KG","img":"https://fd14-photos.leclercdrive.fr/image.ashx?id=2729734&use=l&cat=p&typeid=i","cat":314999},{"id":68178,"n":"Jambon nature Grill Petitgas -25% de sel - x4 - 320g","p":4.95,"u":"15,47 €/KG","img":"https://fd14-photos.leclercdrive.fr/image.ashx?id=2179992&use=l&cat=p&typeid=i","cat":316009},{"id":68278,"n":"Recharge gel lavant Manava Hypoallergénique - 250ml","p":0.59,"u":"2,36 €/L","img":"https://fd14-photos.leclercdrive.fr/image.ashx?id=2935537&use=l&cat=p&typeid=i","cat":284597},{"id":68432,"n":"Gel WC Syphon Activ'Effect Fraîcheur pin - 750ml","p":0.74,"u":"0,99 €/L","img":"https://fd14-photos.leclercdrive.fr/image.ashx?id=2388382&use=l&cat=p&typeid=i","cat":284662},{"id":68445,"n":"Recharge crème lavante Manava Framboise pivoine - 250ml","p":0.49,"u":"1,96 €/L","img":"https://fd14-photos.leclercdrive.fr/image.ashx?id=2935510&use=l&cat=p&typeid=i","cat":284597},{"id":68452,"n":"Lingettes hygiène intime Doulys Individuelles - x16","p":1.59,"u":"0,10 €/P","img":"https://fd14-photos.leclercdrive.fr/image.ashx?id=2671825&use=l&cat=p&typeid=i","cat":284627},{"id":68453,"n":"Gel lavant Manava Hypoallergénique - 300ml","p":1.05,"u":"3,50 €/L","img":"https://fd14-photos.leclercdrive.fr/image.ashx?id=2935528&use=l&cat=p&typeid=i","cat":284597},{"id":68475,"n":"Culotte Chorys Médium nuit - x12","p":8.56,"u":"0,71 €/P","img":"https://fd14-photos.leclercdrive.fr/image.ashx?id=2716009&use=l&cat=p&typeid=i","cat":284628},{"id":68476,"n":"Culotte Chorys Absorption plus large nuit x10","p":7.14,"u":"0,71 €/P","img":"https://fd14-photos.leclercdrive.fr/image.ashx?id=2704490&use=l&cat=p&typeid=i","cat":284628},{"id":68479,"n":"Couches de bain Mots d'Enfants Baby Swim - Taille S - x12","p":6.05,"img":"https://fd14-photos.leclercdrive.fr/image.ashx?id=2907219&use=l&cat=p&typeid=i","cat":290634},{"id":68482,"n":"Couches de bain Mots d'Enfants Baby Swim - Taille M - x11","p":5.59,"u":"0,51 €/P","img":"https://fd14-photos.leclercdrive.fr/image.ashx?id=2907222&use=l&cat=p&typeid=i","cat":290634},{"id":68737,"n":"Crème de coco légère Bio Bjorg  20cl","p":1.5,"u":"7,50 €/L","img":"https://fd14-photos.leclercdrive.fr/image.ashx?id=2936386&use=l&cat=p&typeid=i","cat":288992},{"id":68738,"n":"Soja cuisine - semi-épaisse Bio Bjorg - 25cl","p":1.15,"u":"4,60 €/L","img":"https://fd14-photos.leclercdrive.fr/image.ashx?id=2906196&use=l&cat=p&typeid=i","cat":316069},{"id":68824,"n":"Coton maxi carré Inell Aloé Vera - x50","p":1.5,"u":"0,03 €/P","img":"https://fd14-photos.leclercdrive.fr/image.ashx?id=1959190&use=l&cat=p&typeid=i","cat":284636},{"id":68844,"n":"Mini crackers Tokapi 75g","p":0.67,"u":"8,93 €/KG","img":"https://fd14-photos.leclercdrive.fr/image.ashx?id=1648066&use=l&cat=p&typeid=i","cat":297000},{"id":68862,"n":"Pâte à tartiner Nustikao 600g","p":2.73,"u":"4,55 €/KG","img":"https://fd14-photos.leclercdrive.fr/image.ashx?id=2856555&use=l&cat=p&typeid=i","cat":284481},{"id":68863,"n":"Compote Douceur du Verger Gourdes Pomme - 12x90g","p":2.95,"u":"2,73 €/KG","img":"https://fd14-photos.leclercdrive.fr/image.ashx?id=2317276&use=l&cat=p&typeid=i","cat":284508},{"id":68864,"n":"Compote Douceur du Verger Bocal pomme poire - 710g","p":1.75,"u":"2,46 €/KG","img":"https://fd14-photos.leclercdrive.fr/image.ashx?id=2663539&use=l&cat=p&typeid=i","cat":284508},{"id":68865,"n":"Compote Douceur du Verger Bocal pomme vanille - 710g","p":1.57,"u":"2,21 €/KG","img":"https://fd14-photos.leclercdrive.fr/image.ashx?id=2215951&use=l&cat=p&typeid=i","cat":284508},{"id":68866,"n":"Compote Douceur du Verger Bocal pomme - 710g","p":1.27,"u":"1,79 €/KG","img":"https://fd14-photos.leclercdrive.fr/image.ashx?id=2663536&use=l&cat=p&typeid=i","cat":284508},{"id":68882,"n":"Compote bio Bio Village Coupelle pomme - 8x100g","p":3.02,"u":"3,78 €/KG","img":"https://fd14-photos.leclercdrive.fr/image.ashx?id=1947749&use=l&cat=p&typeid=i","cat":284508},{"id":68913,"n":"Purificateur d'air Sanytol Désinfectant - 300ml","p":3.45,"u":"11,50 €/L","img":"https://fd14-photos.leclercdrive.fr/image.ashx?id=2901659&use=l&cat=p&typeid=i","cat":311626},{"id":68921,"n":"Boisson lactée Tous mes amis pour chats stérilisé - 3x200ml","p":2.39,"u":"3,98 €/L","img":"https://fd14-photos.leclercdrive.fr/image.ashx?id=1236376&use=l&cat=p&typeid=i","cat":285285},{"id":68935,"n":"Soupe Régal Soupe Poule pot vermicelles - 1L","p":1.99,"u":"1,99 €/L","img":"https://fd14-photos.leclercdrive.fr/image.ashx?id=2043029&use=l&cat=p&typeid=i","cat":284462},{"id":68951,"n":"Crème dessert La Laitière  Velours de crème caramel 4x85g","p":1.7,"u":"5,00 €/KG","img":"https://fd14-photos.leclercdrive.fr/image.ashx?id=3007930&use=l&cat=p&typeid=i","cat":285041},{"id":68952,"n":"Crème dessert La Laitière Velours de crème chocolat 4x85g","p":1.7,"u":"5,00 €/KG","img":"https://fd14-photos.leclercdrive.fr/image.ashx?id=2633824&use=l&cat=p&typeid=i","cat":285041},{"id":68953,"n":"Crème dessert La Laitière Chocolat Caramel - 4x85g","p":1.7,"u":"5,00 €/KG","img":"https://fd14-photos.leclercdrive.fr/image.ashx?id=2633827&use=l&cat=p&typeid=i","cat":285041},{"id":68986,"n":"Lait d'amande Bio Village Sans sucre bio - 1L","p":1.46,"u":"1,46 €/L","img":"https://fd14-photos.leclercdrive.fr/image.ashx?id=2499109&use=l&cat=p&typeid=i","cat":316067},{"id":69003,"n":"Galettes maïs Bio Village Chocolat noir bio - 100g","p":2.43,"u":"24,30 €/KG","img":"https://fd14-photos.leclercdrive.fr/image.ashx?id=2559399&use=l&cat=p&typeid=i","cat":318651},{"id":69014,"n":"Mayonnaise Rustica Moutarde de dijon - 710g","p":2.49,"u":"3,51 €/KG","img":"https://fd14-photos.leclercdrive.fr/image.ashx?id=1692866&use=l&cat=p&typeid=i","cat":298295},{"id":69061,"n":"Yaourt nature Danone 4x125g","p":0.92,"u":"1,84 €/KG","img":"https://fd14-photos.leclercdrive.fr/image.ashx?id=2911184&use=l&cat=p&typeid=i","cat":284409},{"id":69063,"n":"Yaourt nature Danone 16x125g","p":3.15,"u":"1,58 €/KG","img":"https://fd14-photos.leclercdrive.fr/image.ashx?id=2915691&use=l&cat=p&typeid=i","cat":284409},{"id":69067,"n":"Crème dessert Délisse Saveur cookies - 4x125g","p":1.52,"u":"3,04 €/KG","img":"https://fd14-photos.leclercdrive.fr/image.ashx?id=2441405&use=l&cat=p&typeid=i","cat":285041},{"id":69068,"n":"Crème dessert Délisse Saveur Brownie - 4x125g","p":1.55,"u":"3,10 €/KG","img":"https://fd14-photos.leclercdrive.fr/image.ashx?id=2441411&use=l&cat=p&typeid=i","cat":285041},{"id":69070,"n":"Yaourts brassés velouté Danone Nature - 16x125g","p":4.1,"u":"2,05 €/KG","img":"https://fd14-photos.leclercdrive.fr/image.ashx?id=2865584&use=l&cat=p&typeid=i","cat":284409},{"id":69073,"n":"Yaourts brassés velouté Danone Nature - 4x125g","p":1.4,"u":"2,80 €/KG","img":"https://fd14-photos.leclercdrive.fr/image.ashx?id=2865587&use=l&cat=p&typeid=i","cat":284409},{"id":69074,"n":"Yaourts brassés Velouté Danone Nature - 8x125g","p":2.45,"u":"2,45 €/KG","img":"https://fd14-photos.leclercdrive.fr/image.ashx?id=2865590&use=l&cat=p&typeid=i","cat":284409},{"id":69084,"n":"petit suisse aux fruits danonino - 6x100g","p":2.95,"u":"4,92 €/KG","img":"https://fd14-photos.leclercdrive.fr/image.ashx?id=3003134&use=l&cat=p&typeid=i","cat":284414},{"id":69107,"n":"Muesli croustillant nature bio  Terres et Céréales - 1kg","p":4.35,"u":"4,35 €/KG","img":"https://fd14-photos.leclercdrive.fr/image.ashx?id=2802446&use=l&cat=p&typeid=i","cat":309512},{"id":69110,"n":"Tartines 3 céréales sans gluten  bio Terres et Céréales - 150g","p":2.15,"u":"14,33 €/KG","img":"https://fd14-photos.leclercdrive.fr/image.ashx?id=2853176&use=l&cat=p&typeid=i","cat":285543},{"id":69141,"n":"Papier cuisson Elembal Rouleau 8m","p":1.07,"u":"0,13 €/MT","img":"https://fd14-photos.leclercdrive.fr/image.ashx?id=2824955&use=l&cat=p&typeid=i","cat":334134},{"id":69145,"n":"Crème lavante Manava Framboise pivoine - 300ml","p":1.25,"u":"4,17 €/L","img":"https://fd14-photos.leclercdrive.fr/image.ashx?id=2935507&use=l&cat=p&typeid=i","cat":284597},{"id":69148,"n":"Café dosettes Tassimo L'Or Café Long Intense x16","p":4.75,"u":"37,11 €/KG","img":"https://fd14-photos.leclercdrive.fr/image.ashx?id=2290599&use=l&cat=p&typeid=i","cat":293240},{"id":69150,"n":"Nettoyant multi surfaces Clair Citron - 1.5L","p":1.7,"u":"1,13 €/L","img":"https://fd14-photos.leclercdrive.fr/image.ashx?id=2534211&use=l&cat=p&typeid=i","cat":284907},{"id":69151,"n":"Nettoyant multi surfaces Clair Pins - 1.5L","p":1.7,"u":"1,13 €/L","img":"https://fd14-photos.leclercdrive.fr/image.ashx?id=2369164&use=l&cat=p&typeid=i","cat":284907},{"id":69153,"n":"Nettoyant multi surfaces Clair Fraîcheur pure - 1.5L","p":1.7,"u":"1,13 €/L","img":"https://fd14-photos.leclercdrive.fr/image.ashx?id=2373263&use=l&cat=p&typeid=i","cat":284907},{"id":69154,"n":"Nettoyant multi surfaces Clair Savon de Marseille - 1.5L","p":1.7,"u":"1,13 €/L","img":"https://fd14-photos.leclercdrive.fr/image.ashx?id=2858845&use=l&cat=p&typeid=i","cat":284907},{"id":69155,"n":"Nettoyant multi surfaces Clair Savon noir - 1.5L","p":1.7,"u":"1,13 €/L","img":"https://fd14-photos.leclercdrive.fr/image.ashx?id=2849584&use=l&cat=p&typeid=i","cat":284907},{"id":69213,"n":"Frites à peau McCain Côté Resto - 650g","p":2.6,"u":"4,00 €/KG","img":"https://fd14-photos.leclercdrive.fr/image.ashx?id=2927047&use=l&cat=p&typeid=i","cat":319791},{"id":69215,"n":"Pains wrap Epi d'Or Nature x6 - 383g","p":1.95,"u":"5,09 €/KG","img":"https://fd14-photos.leclercdrive.fr/image.ashx?id=2998883&use=l&cat=p&typeid=i","cat":284985},{"id":69275,"n":"Gel Douche Homme Nivea Men 3 en 1 Protect&Care - 250ml","p":2.05,"u":"8,20 €/L","img":"https://fd14-photos.leclercdrive.fr/image.ashx?id=2985465&use=l&cat=p&typeid=i","cat":284619},{"id":69280,"n":"Couches bébé Mots d'enfants Midi T3 4/9kg - x50 changes","p":6.35,"u":"0,13 €/P","img":"https://fd14-photos.leclercdrive.fr/image.ashx?id=2699717&use=l&cat=p&typeid=i","cat":284737},{"id":69281,"n":"Couches bébé Mots d'enfants Ultra confort T4 7/18kg - x44","p":6.35,"u":"0,14 €/P","img":"https://fd14-photos.leclercdrive.fr/image.ashx?id=2699720&use=l&cat=p&typeid=i","cat":284737},{"id":69282,"n":"Couches bébé Mots d'enfants Ultra confort T4+  9/20kg - x41","p":6.35,"u":"0,15 €/P","img":"https://fd14-photos.leclercdrive.fr/image.ashx?id=2699723&use=l&cat=p&typeid=i","cat":284737},{"id":69283,"n":"Couches bébé Mots d'enfants Ultra confort T5 11/25kg - x39","p":6.35,"u":"0,16 €/P","img":"https://fd14-photos.leclercdrive.fr/image.ashx?id=2699726&use=l&cat=p&typeid=i","cat":284737},{"id":69284,"n":"Couches bébé Mots d'enfants Ultra confort T6  16/23kg - x33","p":6.35,"u":"0,19 €/P","img":"https://fd14-photos.leclercdrive.fr/image.ashx?id=2699729&use=l&cat=p&typeid=i","cat":284737},{"id":69285,"n":"Couches bébé Mots d'enfants T4 Ultra confort 7/18kg - x144","p":20.55,"u":"0,14 €/P","img":"https://fd14-photos.leclercdrive.fr/image.ashx?id=2689429&use=l&cat=p&typeid=i","cat":284737},{"id":69286,"n":"Couches bébé Mots d'enfants T5 Ultra confort 11/25kg - x136","p":19.85,"u":"0,15 €/P","img":"https://fd14-photos.leclercdrive.fr/image.ashx?id=2691833&use=l&cat=p&typeid=i","cat":284737},{"id":69317,"n":"Eau minérale naturelle Vittel 6x1.5L","p":2.82,"u":"0,31 €/L","img":"https://fd14-photos.leclercdrive.fr/image.ashx?id=3000441&use=l&cat=p&typeid=i","cat":284535},{"id":69382,"n":"Petits fours traiteur x16 bouchées - 235g","p":8.9,"u":"37,87 €/KG","img":"https://fd14-photos.leclercdrive.fr/image.ashx?id=2634208&use=l&cat=p&typeid=i","cat":316003},{"id":69383,"n":"Fromage à Raclette RichesMonts  Duo Classique & Fumée - 420G","p":5.95,"u":"14,17 €/KG","img":"https://fd14-photos.leclercdrive.fr/image.ashx?id=2953815&use=l&cat=p&typeid=i","cat":314037},{"id":69395,"n":"Fromage Raclette Entremont Triangle 3 saveurs - 600g","p":8.95,"u":"14,92 €/KG","img":"https://fd14-photos.leclercdrive.fr/image.ashx?id=2951746&use=l&cat=p&typeid=i","cat":314037},{"id":69496,"n":"Rillettes de porc Label Rouge L'Atelier Charcuterie - 170g","p":3.49,"u":"20,53 €/KG","img":"https://fd14-photos.leclercdrive.fr/image.ashx?id=2955261&use=l&cat=p&typeid=i","cat":316008},{"id":69679,"n":"Yaourt à la grecque YAOS Nature lit de myrtilles 4x125g","p":2.4,"u":"4,80 €/KG","img":"https://fd14-photos.leclercdrive.fr/image.ashx?id=2614933&use=l&cat=p&typeid=i","cat":314999},{"id":69680,"n":"Yaourt à la grecque YAOS Nature lit de pêches 4x125g","p":2.7,"u":"5,40 €/KG","img":"https://fd14-photos.leclercdrive.fr/image.ashx?id=2539533&use=l&cat=p&typeid=i","cat":314999},{"id":69694,"n":"Mini Président 5 portions - 150g","p":3.4,"u":"22,67 €/KG","img":"https://fd14-photos.leclercdrive.fr/image.ashx?id=2628752&use=l&cat=p&typeid=i","cat":314030},{"id":69705,"n":"Coleslaw moutarde Bonduelle 320g","p":1.85,"u":"5,78 €/KG","img":"https://fd14-photos.leclercdrive.fr/image.ashx?id=2894185&use=l&cat=p&typeid=i","cat":333657},{"id":69720,"n":"Gougères au fromage Côté Table x20 - 140g","p":2.95,"u":"21,07 €/KG","img":"https://fd14-photos.leclercdrive.fr/image.ashx?id=2726709&use=l&cat=p&typeid=i","cat":319774},{"id":69739,"n":"Mini feuilletés Côté Table Apéritifs - x30 - 360g","p":3.59,"u":"9,97 €/KG","img":"https://fd14-photos.leclercdrive.fr/image.ashx?id=2212509&use=l&cat=p&typeid=i","cat":319774},{"id":69740,"n":"Mini-feuilletés Côté Table Apéritifs - x80 - 740g","p":4.33,"u":"5,85 €/KG","img":"https://fd14-photos.leclercdrive.fr/image.ashx?id=2238045&use=l&cat=p&typeid=i","cat":319774},{"id":69741,"n":"Mini-feuilletés Côté Table Apéritifs - x40 - 350g","p":3.74,"u":"10,69 €/KG","img":"https://fd14-photos.leclercdrive.fr/image.ashx?id=2632873&use=l&cat=p&typeid=i","cat":319774},{"id":69803,"n":"Riz provençale Bonduelle Thon - 320g","p":1.95,"u":"6,09 €/KG","img":"https://fd14-photos.leclercdrive.fr/image.ashx?id=2907905&use=l&cat=p&typeid=i","cat":333657},{"id":69805,"n":"Pavés de boeuf Tendre & Plus Aux 3 poivres marinés - 260g","p":5.9,"u":"22,69 €/KG","img":"https://fd14-photos.leclercdrive.fr/image.ashx?id=2235380&use=l&cat=p&typeid=i","cat":284328},{"id":69806,"n":"Pavé de boeuf Tendre & Plus A l'échalote marinés x2 - 260g","p":5.9,"u":"22,69 €/KG","img":"https://fd14-photos.leclercdrive.fr/image.ashx?id=2235383&use=l&cat=p&typeid=i","cat":284328},{"id":69828,"n":"Pavé de boeuf Tendre & Plus nature, marinés x2 - 260g","p":5.9,"u":"22,69 €/KG","img":"https://fd14-photos.leclercdrive.fr/image.ashx?id=2235386&use=l&cat=p&typeid=i","cat":284328},{"id":69910,"n":"Origan Rustica 11g","p":0.45,"u":"40,91 €/KG","img":"https://fd14-photos.leclercdrive.fr/image.ashx?id=1232057&use=l&cat=p&typeid=i","cat":298297},{"id":70033,"n":"Pain d'épices gourmet foie gras 210g","p":2.6,"u":"12,38 €/KG","img":"https://fd14-photos.leclercdrive.fr/image.ashx?id=1596848&use=l&cat=p&typeid=i","cat":284493},{"id":70114,"n":"Biscuits p'tit dèj BN Extra céréales complètes - 200g","p":1.75,"u":"8,75 €/KG","img":"https://fd14-photos.leclercdrive.fr/image.ashx?id=2603471&use=l&cat=p&typeid=i","cat":284491},{"id":70123,"n":"Fromage blanc Danone Nature 3%MG - 8x100g","p":2.7,"u":"3,38 €/KG","img":"https://fd14-photos.leclercdrive.fr/image.ashx?id=2792075&use=l&cat=p&typeid=i","cat":284409},{"id":70126,"n":"Fromage blanc Danone Nature 3%MG - 4x100g","p":1.65,"u":"4,13 €/KG","img":"https://fd14-photos.leclercdrive.fr/image.ashx?id=2833225&use=l&cat=p&typeid=i","cat":284409},{"id":70140,"n":"Yaourt Nature Panier de Yoplait Lit de Fruits Panaché - 6x140g","p":2.9,"u":"3,45 €/KG","img":"https://fd14-photos.leclercdrive.fr/image.ashx?id=2884429&use=l&cat=p&typeid=i","cat":284410},{"id":70158,"n":"Yaourt Nature Panier de Yoplait Lit Fruits de Saison - 6x140g","p":2.9,"u":"3,45 €/KG","img":"https://fd14-photos.leclercdrive.fr/image.ashx?id=2992062&use=l&cat=p&typeid=i","cat":284410},{"id":70334,"n":"Kasteel rouge  8° 75cl","p":4.9,"u":"6,53 €/L","img":"https://fd14-photos.leclercdrive.fr/image.ashx?id=2981325&use=l&cat=p&typeid=i","cat":334872},{"id":70335,"n":"Kasteel blonde  11° - 75cl","p":4.9,"u":"6,53 €/L","img":"https://fd14-photos.leclercdrive.fr/image.ashx?id=2483218&use=l&cat=p&typeid=i","cat":334872},{"id":70344,"n":"Triple Secret des Moines 8%  - 75cl","p":3.6,"u":"4,80 €/L","img":"https://fd14-photos.leclercdrive.fr/image.ashx?id=2947991&use=l&cat=p&typeid=i","cat":334872},{"id":70389,"n":"Café dosettes Tassimo L'Or Cappuccino x8","p":4.87,"u":"18,24 €/KG","img":"https://fd14-photos.leclercdrive.fr/image.ashx?id=2100305&use=l&cat=p&typeid=i","cat":293240},{"id":70480,"n":"Chocolats Ferrero Collection Assortiments x24 - 269g","p":9.75,"u":"36,25 €/KG","img":"https://fd14-photos.leclercdrive.fr/image.ashx?id=2871181&use=l&cat=p&typeid=i","cat":327595},{"id":70558,"n":"Basilic bio Bio Village 11g","p":1.0,"u":"90,91 €/KG","img":"https://fd14-photos.leclercdrive.fr/image.ashx?id=1235548&use=l&cat=p&typeid=i","cat":298297},{"id":70914,"n":"Poivre noir grains Rustica 90g","p":2.32,"u":"25,78 €/KG","img":"https://fd14-photos.leclercdrive.fr/image.ashx?id=1236848&use=l&cat=p&typeid=i","cat":284457},{"id":70993,"n":"Coulommiers Président  350g","p":2.77,"u":"7,91 €/KG","img":"https://fd14-photos.leclercdrive.fr/image.ashx?id=2029862&use=l&cat=p&typeid=i","cat":314033},{"id":71060,"n":"Basilic Rustica 11g","p":0.39,"u":"35,45 €/KG","img":"https://fd14-photos.leclercdrive.fr/image.ashx?id=2772957&use=l&cat=p&typeid=i","cat":298297},{"id":71075,"n":"Vinaigrette biphase Rustica Tomate/ Balsamique - 50cl","p":2.72,"u":"5,44 €/L","img":"https://fd14-photos.leclercdrive.fr/image.ashx?id=1972937&use=l&cat=p&typeid=i","cat":284456},{"id":71077,"n":"Vinaigrette biphase Rustica Ciboulette/Echalote - 50cl","p":2.79,"u":"5,58 €/L","img":"https://fd14-photos.leclercdrive.fr/image.ashx?id=1943241&use=l&cat=p&typeid=i","cat":284456},{"id":71090,"n":"Boisson énergisante Red bull 6x250ml","p":6.6,"u":"4,40 €/L","img":"https://fd14-photos.leclercdrive.fr/image.ashx?id=3011989&use=l&cat=p&typeid=i","cat":284533},{"id":71099,"n":"IGP Pays d'Oc Merlot vin rouge Vieux Carion 12% vol - BIB 3L","p":7.99,"u":"2,66 €/L","img":"https://fd14-photos.leclercdrive.fr/image.ashx?id=1292432&use=l&cat=p&typeid=i","cat":289560},{"id":71100,"n":"IGP Pays d'Oc vin rouge Vieux Carion - BIB 3L","p":7.99,"u":"2,66 €/L","img":"https://fd14-photos.leclercdrive.fr/image.ashx?id=2175774&use=l&cat=p&typeid=i","cat":289560},{"id":71107,"n":"Bouquet garni entier Rustica 17g","p":1.69,"u":"99,41 €/KG","img":"https://fd14-photos.leclercdrive.fr/image.ashx?id=1710608&use=l&cat=p&typeid=i","cat":298297},{"id":71154,"n":"Arôme vanille Tablier Blanc 200ml","p":2.32,"u":"11,60 €/L","img":"https://fd14-photos.leclercdrive.fr/image.ashx?id=2487476&use=l&cat=p&typeid=i","cat":284504},{"id":71156,"n":"Moulin 5 baies Rustica Flacon - 24g","p":1.19,"u":"49,58 €/KG","img":"https://fd14-photos.leclercdrive.fr/image.ashx?id=2907231&use=l&cat=p&typeid=i","cat":284457},{"id":71157,"n":"Herbe de provence haché Rustica 40g","p":0.89,"u":"22,25 €/KG","img":"https://fd14-photos.leclercdrive.fr/image.ashx?id=1239455&use=l&cat=p&typeid=i","cat":298297},{"id":71162,"n":"Assortiment crackers Tokapi 85g","p":0.69,"u":"8,12 €/KG","img":"https://fd14-photos.leclercdrive.fr/image.ashx?id=1926981&use=l&cat=p&typeid=i","cat":297000},{"id":71164,"n":"Gel lavant Bionaïa Abricot bio - 300ml","p":1.7,"u":"5,67 €/L","img":"https://fd14-photos.leclercdrive.fr/image.ashx?id=2935525&use=l&cat=p&typeid=i","cat":284597},{"id":71351,"n":"Cocktail Pêche Océan Fruits de mer - 500g","p":4.94,"u":"9,88 €/KG","img":"https://fd14-photos.leclercdrive.fr/image.ashx?id=2686347&use=l&cat=p&typeid=i","cat":319787},{"id":71413,"n":"Déodorant Manava Freesia Orchidée - 100ml","p":1.36,"u":"13,60 €/L","img":"https://fd14-photos.leclercdrive.fr/image.ashx?id=2656451&use=l&cat=p&typeid=i","cat":284595},{"id":71417,"n":"Petits pois très fins Eco  560g","p":1.15,"u":"2,05 €/KG","img":"https://fd14-photos.leclercdrive.fr/image.ashx?id=2448953&use=l&cat=p&typeid=i","cat":312607},{"id":71419,"n":"Petits pois carottes Eco  530g","p":1.12,"u":"2,11 €/KG","img":"https://fd14-photos.leclercdrive.fr/image.ashx?id=3003714&use=l&cat=p&typeid=i","cat":312607},{"id":71423,"n":"Flageolets verts fins Eco  530g","p":1.19,"u":"2,25 €/KG","img":"https://fd14-photos.leclercdrive.fr/image.ashx?id=2398755&use=l&cat=p&typeid=i","cat":312606},{"id":71426,"n":"Lentilles Eco+ 530g","p":1.03,"u":"1,94 €/KG","img":"https://fd14-photos.leclercdrive.fr/image.ashx?id=2448956&use=l&cat=p&typeid=i","cat":312609},{"id":71429,"n":"Haricots verts extra fins Eco  440g","p":1.09,"u":"2,48 €/KG","img":"https://fd14-photos.leclercdrive.fr/image.ashx?id=3003726&use=l&cat=p&typeid=i","cat":312606},{"id":71439,"n":"Filets de colin d'Alaska Eco+ 10x100g","p":5.48,"u":"5,48 €/KG","img":"https://fd14-photos.leclercdrive.fr/image.ashx?id=1668300&use=l&cat=p&typeid=i","cat":319786},{"id":71444,"n":"Galettes au beurre Eco+ x16 - 125g","p":0.64,"u":"5,12 €/KG","img":"https://fd14-photos.leclercdrive.fr/image.ashx?id=2371533&use=l&cat=p&typeid=i","cat":284487},{"id":71446,"n":"Biscuits aux oeufs Eco+ x60 - 400g","p":1.63,"u":"4,08 €/KG","img":"https://fd14-photos.leclercdrive.fr/image.ashx?id=2804136&use=l&cat=p&typeid=i","cat":284487},{"id":71451,"n":"Serviettes maxi nuit Eco+ x10","p":0.65,"u":"0,07 €/P","img":"https://fd14-photos.leclercdrive.fr/image.ashx?id=2982571&use=l&cat=p&typeid=i","cat":284624},{"id":71479,"n":"Cookies P'tit Déli Paillettes muticolores - 150g","p":1.45,"u":"9,67 €/KG","img":"https://fd14-photos.leclercdrive.fr/image.ashx?id=2939064&use=l&cat=p&typeid=i","cat":325066},{"id":71488,"n":"Mini chinois Epi d'Or Pepites de chocolat x6 - 300g","p":1.85,"u":"6,17 €/KG","img":"https://fd14-photos.leclercdrive.fr/image.ashx?id=2867916&use=l&cat=p&typeid=i","cat":296366},{"id":71489,"n":"Croissants Epi d'Or x8 - 320g","p":1.7,"u":"5,31 €/KG","img":"https://fd14-photos.leclercdrive.fr/image.ashx?id=2860766&use=l&cat=p&typeid=i","cat":296366},{"id":71491,"n":"Croissants Epi d'Or x14 - 560g","p":2.79,"u":"4,98 €/KG","img":"https://fd14-photos.leclercdrive.fr/image.ashx?id=2860769&use=l&cat=p&typeid=i","cat":296366},{"id":71495,"n":"IGP Pays d'Oc Sauvignon Blanc Vieux Carion 11.5% vol BIB 3L","p":7.99,"u":"2,66 €/L","img":"https://fd14-photos.leclercdrive.fr/image.ashx?id=2390118&use=l&cat=p&typeid=i","cat":289557},{"id":71528,"n":"Fromage frais nature Bio Bio village - 8x100g","p":3.14,"u":"3,93 €/KG","img":"https://fd14-photos.leclercdrive.fr/image.ashx?id=2839950&use=l&cat=p&typeid=i","cat":284409},{"id":71531,"n":"Crème fraiche bio Bio village Epaisse - 30% MG  - 50cl","p":2.66,"u":"5,32 €/L","img":"https://fd14-photos.leclercdrive.fr/image.ashx?id=1975050&use=l&cat=p&typeid=i","cat":284381},{"id":71535,"n":"Pommes de terre NRT à l'échirlète - 600g","p":3.55,"u":"5,92 €/KG","img":"https://fd14-photos.leclercdrive.fr/image.ashx?id=2699855&use=l&cat=p&typeid=i","cat":319792},{"id":71553,"n":"Déodorant Manava Freesia Orchidée - 200ml","p":1.36,"u":"6,80 €/L","img":"https://fd14-photos.leclercdrive.fr/image.ashx?id=2656454&use=l&cat=p&typeid=i","cat":284595},{"id":71566,"n":"Sauce Soja Tables Du Monde 125ml","p":0.83,"u":"6,64 €/L","img":"https://fd14-photos.leclercdrive.fr/image.ashx?id=2679765&use=l&cat=p&typeid=i","cat":288992},{"id":71568,"n":"Sauce soja sucrée Table du monde - 125ml","p":0.83,"u":"6,64 €/L","img":"https://fd14-photos.leclercdrive.fr/image.ashx?id=2679762&use=l&cat=p&typeid=i","cat":288992},{"id":71575,"n":"Test de grossesse Primoplast x1","p":0.75,"img":"https://fd14-photos.leclercdrive.fr/image.ashx?id=2832975&use=l&cat=p&typeid=i","cat":324482},{"id":71578,"n":"Crème lavante Manava Surgras - 300ml","p":1.12,"u":"3,73 €/L","img":"https://fd14-photos.leclercdrive.fr/image.ashx?id=2935513&use=l&cat=p&typeid=i","cat":284597},{"id":71579,"n":"Recharge crème lavante Manava Surgras - 250ml","p":0.63,"u":"2,52 €/L","img":"https://fd14-photos.leclercdrive.fr/image.ashx?id=2935516&use=l&cat=p&typeid=i","cat":284597},{"id":71599,"n":"Bicarbonate de soude Clair 500g","p":1.5,"u":"3,00 €/KG","img":"https://fd14-photos.leclercdrive.fr/image.ashx?id=2822129&use=l&cat=p&typeid=i","cat":325365},{"id":71600,"n":"Champignons Notre Jardin Emincés, épais - 230g","p":1.43,"u":"6,22 €/KG","img":"https://fd14-photos.leclercdrive.fr/image.ashx?id=2553917&use=l&cat=p&typeid=i","cat":312610},{"id":71627,"n":"Boisson végétale Bio Village Soja chocolat bio - 1l","p":1.45,"u":"1,45 €/L","img":"https://fd14-photos.leclercdrive.fr/image.ashx?id=2352240&use=l&cat=p&typeid=i","cat":316067},{"id":71629,"n":"Boisson végétale Bio Village Lait amande intense bio - 1l","p":2.48,"u":"2,48 €/L","img":"https://fd14-photos.leclercdrive.fr/image.ashx?id=2386185&use=l&cat=p&typeid=i","cat":316067},{"id":71693,"n":"Spray coiffant Stylista Beach waves - 200ml","p":6.78,"u":"33,90 €/L","img":"https://fd14-photos.leclercdrive.fr/image.ashx?id=2316195&use=l&cat=p&typeid=i","cat":284609},{"id":72001,"n":"Chayotte  1P","p":0.89,"img":"https://fd14-photos.leclercdrive.fr/image.ashx?id=1060769&use=l&cat=p&typeid=i","cat":284352},{"id":72032,"n":"Bière blonde Affligem 6.7% vol -  Fût 5L","p":19.8,"u":"3,96 €/L","img":"https://fd14-photos.leclercdrive.fr/image.ashx?id=2672722&use=l&cat=p&typeid=i","cat":334879},{"id":72745,"n":"Lait céréales bébé Blédiner 6m Épinards soir - 2x250ml","p":2.0,"u":"4,00 €/L","img":"https://fd14-photos.leclercdrive.fr/image.ashx?id=2730052&use=l&cat=p&typeid=i","cat":312239},{"id":72774,"n":"Mousse Liégeoise Délisse Caramel - 8x80g","p":2.79,"u":"4,36 €/KG","img":"https://fd14-photos.leclercdrive.fr/image.ashx?id=3009520&use=l&cat=p&typeid=i","cat":284417},{"id":72786,"n":"Bière blonde Pelforth Fût pression - 5L","p":15.4,"u":"3,08 €/L","img":"https://fd14-photos.leclercdrive.fr/image.ashx?id=2767249&use=l&cat=p&typeid=i","cat":334879},{"id":72789,"n":"Bière blonde Desperados Fût 5L","p":19.6,"u":"3,92 €/L","img":"https://fd14-photos.leclercdrive.fr/image.ashx?id=2983513&use=l&cat=p&typeid=i","cat":334879},{"id":72791,"n":"Bière Desperados 3x33cl","p":4.3,"u":"4,34 €/L","img":"https://fd14-photos.leclercdrive.fr/image.ashx?id=2983120&use=l&cat=p&typeid=i","cat":334878},{"id":72976,"n":"Vaseline pure Mercurochrome 75ml","p":2.5,"u":"33,33 €/L","img":"https://fd14-photos.leclercdrive.fr/image.ashx?id=2663992&use=l&cat=p&typeid=i","cat":284630},{"id":72988,"n":"Eau Micellaire Biphase Garnier Maquillage Waterproof - 400ml","p":3.99,"u":"9,98 €/L","img":"https://fd14-photos.leclercdrive.fr/image.ashx?id=2286299&use=l&cat=p&typeid=i","cat":284603},{"id":73001,"n":"Blinis Ronde des mers x4 - 200g","p":1.25,"u":"6,25 €/KG","img":"https://fd14-photos.leclercdrive.fr/image.ashx?id=1919585&use=l&cat=p&typeid=i","cat":285191},{"id":73006,"n":"Sauce pour nems Tables du monde 125ml","p":0.99,"u":"7,92 €/L","img":"https://fd14-photos.leclercdrive.fr/image.ashx?id=2526306&use=l&cat=p&typeid=i","cat":288992},{"id":73314,"n":"Protège matelas Tissaia Microrespirant -140x190cm","p":19.85,"img":"https://fd14-photos.leclercdrive.fr/image.ashx?id=1220895&use=l&cat=p&typeid=i","cat":288835},{"id":73315,"n":"Protège matelas Tissaia Microrespirant - 90x190cm","p":15.95,"img":"https://fd14-photos.leclercdrive.fr/image.ashx?id=1220898&use=l&cat=p&typeid=i","cat":288835},{"id":73316,"n":"Protège matelas Tissaia Microrespirant -160x200cm","p":23.85,"img":"https://fd14-photos.leclercdrive.fr/image.ashx?id=1220892&use=l&cat=p&typeid=i","cat":288835},{"id":73453,"n":"Pistaches Pistachios Wonderful Légérement salées - 250g","p":4.99,"u":"19,96 €/KG","img":"https://fd14-photos.leclercdrive.fr/image.ashx?id=2659831&use=l&cat=p&typeid=i","cat":284357},{"id":73689,"n":"Pomme jaune bio Bio Village x4","p":2.49,"u":"0,62 €/P","img":"https://fd14-photos.leclercdrive.fr/image.ashx?id=2556544&use=l&cat=p&typeid=i","cat":284356},{"id":73697,"n":"Compote Allégée en sucres Eco+ Bocal pomme - 720g","p":0.85,"u":"1,18 €/KG","img":"https://fd14-photos.leclercdrive.fr/image.ashx?id=2953185&use=l&cat=p&typeid=i","cat":284508},{"id":73706,"n":"Riz basmati Eco+ 1kg","p":1.94,"u":"1,94 €/KG","img":"https://fd14-photos.leclercdrive.fr/image.ashx?id=2141651&use=l&cat=p&typeid=i","cat":284428},{"id":73717,"n":"Pommes de terre Eco+ 530g","p":1.17,"u":"2,21 €/KG","img":"https://fd14-photos.leclercdrive.fr/image.ashx?id=2473186&use=l&cat=p&typeid=i","cat":312612},{"id":73729,"n":"Tartelettes à la fraise Eco+ x12 - 200g","p":0.81,"u":"4,05 €/KG","img":"https://fd14-photos.leclercdrive.fr/image.ashx?id=2320728&use=l&cat=p&typeid=i","cat":284489},{"id":73781,"n":"Maïs doux Eco+ 285g","p":0.8,"u":"2,81 €/KG","img":"https://fd14-photos.leclercdrive.fr/image.ashx?id=3003738&use=l&cat=p&typeid=i","cat":312611},{"id":73797,"n":"Pâtes Eco+ Macaroni - 1kg","p":1.01,"u":"1,01 €/KG","img":"https://fd14-photos.leclercdrive.fr/image.ashx?id=2887395&use=l&cat=p&typeid=i","cat":284427},{"id":73798,"n":"Pâtes Eco+ Coquillettes - 1kg","p":1.03,"u":"1,03 €/KG","img":"https://fd14-photos.leclercdrive.fr/image.ashx?id=2885723&use=l&cat=p&typeid=i","cat":284427},{"id":73799,"n":"Pâtes Eco+ Torsades - 1kg","p":1.0,"u":"1,00 €/KG","img":"https://fd14-photos.leclercdrive.fr/image.ashx?id=2517184&use=l&cat=p&typeid=i","cat":284427},{"id":73802,"n":"Riz soufflé Eco+ Au chocolat au lait - 750g","p":2.71,"u":"3,61 €/KG","img":"https://fd14-photos.leclercdrive.fr/image.ashx?id=2943082&use=l&cat=p&typeid=i","cat":309513},{"id":73803,"n":"Shampooing aux oeufs Eco+ 750ml","p":0.56,"u":"0,75 €/L","img":"https://fd14-photos.leclercdrive.fr/image.ashx?id=2779178&use=l&cat=p&typeid=i","cat":284606},{"id":73807,"n":"Carré coton bébé Eco+ x60","p":1.01,"u":"0,02 €/P","img":"https://fd14-photos.leclercdrive.fr/image.ashx?id=2987634&use=l&cat=p&typeid=i","cat":284739},{"id":73818,"n":"Mister Cocktail sans alcool Planteur créole - 75cl","p":3.2,"u":"4,27 €/L","img":"https://fd14-photos.leclercdrive.fr/image.ashx?id=2962230&use=l&cat=p&typeid=i","cat":284549},{"id":73842,"n":"Beurre moulé Le Gall  Demi-sel - 80% MG - 250g","p":3.35,"u":"13,40 €/KG","img":"https://fd14-photos.leclercdrive.fr/image.ashx?id=2551683&use=l&cat=p&typeid=i","cat":284379},{"id":73957,"n":"Essuie tout Original N°1 Okay Blanc - x6 rouleaux","p":4.1,"u":"0,68 €/P","img":"https://fd14-photos.leclercdrive.fr/image.ashx?id=2981346&use=l&cat=p&typeid=i","cat":284635},{"id":74047,"n":"Parmentier de porc Eco+ 1kg","p":2.61,"u":"2,61 €/KG","img":"https://fd14-photos.leclercdrive.fr/image.ashx?id=2774885&use=l&cat=p&typeid=i","cat":284254},{"id":74048,"n":"Lasagnes à la bolognaise Eco + 1kg","p":2.53,"u":"2,53 €/KG","img":"https://fd14-photos.leclercdrive.fr/image.ashx?id=2779166&use=l&cat=p&typeid=i","cat":284254},{"id":74089,"n":"Batonnets Poissons panés Eco+ x15 - 450g","p":1.66,"u":"3,69 €/KG","img":"https://fd14-photos.leclercdrive.fr/image.ashx?id=2843565&use=l&cat=p&typeid=i","cat":319788},{"id":74091,"n":"Mozzarella Eco+ 18%mg - 125g","p":0.82,"u":"6,56 €/KG","img":"https://fd14-photos.leclercdrive.fr/image.ashx?id=2754868&use=l&cat=p&typeid=i","cat":314026},{"id":74103,"n":"Saucisse sèche Eco+ Courbé - 300g","p":3.07,"u":"10,23 €/KG","img":"https://fd14-photos.leclercdrive.fr/image.ashx?id=2845134&use=l&cat=p&typeid=i","cat":316006},{"id":74105,"n":"Pur jus d'orange Eco  1.5L","p":2.46,"u":"1,64 €/L","img":"https://fd14-photos.leclercdrive.fr/image.ashx?id=2461375&use=l&cat=p&typeid=i","cat":284521},{"id":74115,"n":"Petit Brie Eco+ 32%mg - 500g","p":3.39,"u":"6,78 €/KG","img":"https://fd14-photos.leclercdrive.fr/image.ashx?id=2938403&use=l&cat=p&typeid=i","cat":314033},{"id":74116,"n":"Bière blonde de luxe 4% - 50cl","p":0.57,"u":"1,14 €/L","img":"https://fd14-photos.leclercdrive.fr/image.ashx?id=2955629&use=l&cat=p&typeid=i","cat":334853},{"id":74275,"n":"Les Emiettés Encornet Gastromer Légumes grillés - 150g","p":2.3,"u":"15,33 €/KG","img":"https://fd14-photos.leclercdrive.fr/image.ashx?id=1714020&use=l&cat=p&typeid=i","cat":285191},{"id":74289,"n":"Terrine de saumon Guyader Saumon / Saumon fumé - 350g","p":5.5,"u":"15,71 €/KG","img":"https://fd14-photos.leclercdrive.fr/image.ashx?id=2750471&use=l&cat=p&typeid=i","cat":285191},{"id":74292,"n":"Terrine de noix Guyader St Jacques A la bretonne - 350g","p":5.97,"u":"17,06 €/KG","img":"https://fd14-photos.leclercdrive.fr/image.ashx?id=2750468&use=l&cat=p&typeid=i","cat":285191},{"id":74344,"n":"Shampooing Naturé Moi Nourrissant - 250ml","p":2.33,"u":"9,32 €/L","img":"https://fd14-photos.leclercdrive.fr/image.ashx?id=2741472&use=l&cat=p&typeid=i","cat":284606},{"id":74585,"n":"Tomme Pays Basque Istara  Fromage brebis et vache - 180g","p":3.25,"u":"18,06 €/KG","img":"https://fd14-photos.leclercdrive.fr/image.ashx?id=2848548&use=l&cat=p&typeid=i","cat":314031},{"id":74857,"n":"Gateaux P'tit Déli Tout chocolat x7 - 210g","p":2.2,"u":"10,48 €/KG","img":"https://fd14-photos.leclercdrive.fr/image.ashx?id=1947372&use=l&cat=p&typeid=i","cat":294776},{"id":75017,"n":"Maquereaux Pêche Océan Grillé nature - 97g","p":1.81,"u":"18,66 €/KG","img":"https://fd14-photos.leclercdrive.fr/image.ashx?id=2394681&use=l&cat=p&typeid=i","cat":303868},{"id":75081,"n":"Pains au chocolat pur beurre  2x1P","p":1.6,"u":"0,80 €/P","img":"https://fd14-photos.leclercdrive.fr/image.ashx?id=2070839&use=l&cat=p&typeid=i","cat":284984},{"id":75337,"n":"Café en grains Méo L'original Bio - 500g","p":8.27,"u":"16,54 €/KG","img":"https://fd14-photos.leclercdrive.fr/image.ashx?id=2798533&use=l&cat=p&typeid=i","cat":293237},{"id":75402,"n":"Chorizo Tranché Justin Bridou Doux - 20 Tranches - 150g","p":2.9,"u":"19,33 €/KG","img":"https://fd14-photos.leclercdrive.fr/image.ashx?id=2549747&use=l&cat=p&typeid=i","cat":316007},{"id":75421,"n":"Avoine cuisiné bio Bjorg 200ml","p":1.58,"u":"7,90 €/L","img":"https://fd14-photos.leclercdrive.fr/image.ashx?id=2757292&use=l&cat=p&typeid=i","cat":288383},{"id":75426,"n":"Tofu fumé bio Bjorg - 2x100g","p":3.05,"u":"15,25 €/KG","img":"https://fd14-photos.leclercdrive.fr/image.ashx?id=2928531&use=l&cat=p&typeid=i","cat":284953},{"id":75491,"n":"Tablette chocolat au lait Lindt Praliné noisettes - 225g","p":4.0,"u":"17,78 €/KG","img":"https://fd14-photos.leclercdrive.fr/image.ashx?id=2423756&use=l&cat=p&typeid=i","cat":284497},{"id":75539,"n":"Saucisse cockail Tradilege Bacon - 300g","p":2.82,"u":"9,40 €/KG","img":"https://fd14-photos.leclercdrive.fr/image.ashx?id=2930784&use=l&cat=p&typeid=i","cat":316012},{"id":75572,"n":"Yaourts nature bifidus Activia 16x125g","p":4.51,"u":"2,26 €/KG","img":"https://fd14-photos.leclercdrive.fr/image.ashx?id=2741700&use=l&cat=p&typeid=i","cat":315000},{"id":75587,"n":"Oignon jaune bio Bio village 1kg","p":2.99,"u":"2,99 €/KG","img":"https://fd14-photos.leclercdrive.fr/image.ashx?id=2922451&use=l&cat=p&typeid=i","cat":284352},{"id":75593,"n":"Ail blanc bio Bio Village 250g","p":3.84,"u":"15,36 €/KG","img":"https://fd14-photos.leclercdrive.fr/image.ashx?id=2922457&use=l&cat=p&typeid=i","cat":284352},{"id":75629,"n":"Liégeois chocolat Bio Bio village - 4x100g","p":1.89,"u":"4,73 €/KG","img":"https://fd14-photos.leclercdrive.fr/image.ashx?id=2992639&use=l&cat=p&typeid=i","cat":285042},{"id":75630,"n":"Liégéois Bio Bio Village Café - 4x100g","p":1.89,"u":"4,73 €/KG","img":"https://fd14-photos.leclercdrive.fr/image.ashx?id=2992642&use=l&cat=p&typeid=i","cat":285042},{"id":76008,"n":"Chocolat au lait Lindt Création La Crème brûlée - 150g","p":3.49,"u":"23,27 €/KG","img":"https://fd14-photos.leclercdrive.fr/image.ashx?id=2685802&use=l&cat=p&typeid=i","cat":284497},{"id":76011,"n":"Chocolat noir Lindt Création Le Rocher noir - 150g","p":2.94,"u":"19,60 €/KG","img":"https://fd14-photos.leclercdrive.fr/image.ashx?id=2685808&use=l&cat=p&typeid=i","cat":284956},{"id":76025,"n":"Cookies chocolat Eco+ Pépites de chocolat - 200g","p":0.97,"u":"4,85 €/KG","img":"https://fd14-photos.leclercdrive.fr/image.ashx?id=2821872&use=l&cat=p&typeid=i","cat":325066},{"id":76113,"n":"Fromage de Chèvre rapé  Les Croisés -  150g","p":2.69,"u":"17,93 €/KG","img":"https://fd14-photos.leclercdrive.fr/image.ashx?id=2897799&use=l&cat=p&typeid=i","cat":314035},{"id":76130,"n":"Hachis parmentier Marie 600g","p":3.7,"u":"6,17 €/KG","img":"https://fd14-photos.leclercdrive.fr/image.ashx?id=2993388&use=l&cat=p&typeid=i","cat":284254},{"id":76132,"n":"Lasagnes à la bolognaise Marie 600g","p":3.7,"u":"6,17 €/KG","img":"https://fd14-photos.leclercdrive.fr/image.ashx?id=2993391&use=l&cat=p&typeid=i","cat":284254},{"id":76147,"n":"Yaourt Nature Panier de Yoplait Lit de Fruits Rouges - 6x140g","p":2.9,"u":"3,45 €/KG","img":"https://fd14-photos.leclercdrive.fr/image.ashx?id=2884423&use=l&cat=p&typeid=i","cat":284410},{"id":76212,"n":"Tutti Candi Haribo Sachet bonbons - 250g","p":1.6,"u":"6,40 €/KG","img":"https://fd14-photos.leclercdrive.fr/image.ashx?id=2984910&use=l&cat=p&typeid=i","cat":304250},{"id":76214,"n":"Chamallows Choco Haribo Sachet bonbons guimauve - 160g","p":1.94,"u":"12,13 €/KG","img":"https://fd14-photos.leclercdrive.fr/image.ashx?id=2984919&use=l&cat=p&typeid=i","cat":304250},{"id":76219,"n":"Cannelloni Côté Table 800g","p":2.99,"u":"3,74 €/KG","img":"https://fd14-photos.leclercdrive.fr/image.ashx?id=3014284&use=l&cat=p&typeid=i","cat":284442},{"id":76224,"n":"Maoam Stripes Haribo Sachet bonbons - 250g","p":1.95,"u":"7,80 €/KG","img":"https://fd14-photos.leclercdrive.fr/image.ashx?id=2953561&use=l&cat=p&typeid=i","cat":304250},{"id":76351,"n":"Chewing-gum Style Hollywood Menthe verte - 92g","p":2.35,"u":"6,39 €/KG","img":"https://fd14-photos.leclercdrive.fr/image.ashx?id=2668725&use=l&cat=p&typeid=i","cat":304251},{"id":76397,"n":"Tablette chocolat au lait Lindt Noisettes 34% - 150g","p":4.27,"u":"28,47 €/KG","img":"https://fd14-photos.leclercdrive.fr/image.ashx?id=1877960&use=l&cat=p&typeid=i","cat":284497},{"id":76403,"n":"Tablette Chocolat Blanc Crunch 2x100g","p":2.95,"u":"14,75 €/KG","img":"https://fd14-photos.leclercdrive.fr/image.ashx?id=2899734&use=l&cat=p&typeid=i","cat":284957},{"id":76480,"n":"Viande bovine 1x entrecôte *** De nos producteurs - 300g","p":7.17,"u":"23,90 €/KG","img":"https://fd14-photos.leclercdrive.fr/image.ashx?id=760101&use=l&cat=p&typeid=i","cat":284328},{"id":76501,"n":"Chips Tortilla Old El Paso Nachips - 185g","p":2.1,"u":"11,35 €/KG","img":"https://fd14-photos.leclercdrive.fr/image.ashx?id=2444519&use=l&cat=p&typeid=i","cat":288993},{"id":76600,"n":"Nems cocktail au porc avec sauce Nuoc Mam - 180g","p":3.1,"u":"17,22 €/KG","img":"https://fd14-photos.leclercdrive.fr/image.ashx?id=2042836&use=l&cat=p&typeid=i","cat":333673},{"id":76602,"n":"Nem au Porc 4x65g","p":2.9,"u":"11,15 €/KG","img":"https://fd14-photos.leclercdrive.fr/image.ashx?id=2788640&use=l&cat=p&typeid=i","cat":333673},{"id":76607,"n":"Accras de Morue Agis Avec sauce aigre douce 200g","p":3.15,"u":"15,75 €/KG","img":"https://fd14-photos.leclercdrive.fr/image.ashx?id=2788664&use=l&cat=p&typeid=i","cat":333673},{"id":76608,"n":"Beignet de Crevette Pané 6x20g","p":3.35,"u":"27,92 €/KG","img":"https://fd14-photos.leclercdrive.fr/image.ashx?id=2788652&use=l&cat=p&typeid=i","cat":333673},{"id":76609,"n":"Plateau Assortiment Asiatique 500g","p":6.5,"u":"13,00 €/KG","img":"https://fd14-photos.leclercdrive.fr/image.ashx?id=2979821&use=l&cat=p&typeid=i","cat":333673},{"id":76617,"n":"Riz Cantonais  300g","p":2.8,"u":"9,33 €/KG","img":"https://fd14-photos.leclercdrive.fr/image.ashx?id=2788637&use=l&cat=p&typeid=i","cat":333665},{"id":76732,"n":"Yaourt allégé Sveltesse  Chocolat - 4x125g","p":1.5,"u":"3,00 €/KG","img":"https://fd14-photos.leclercdrive.fr/image.ashx?id=2571020&use=l&cat=p&typeid=i","cat":315000},{"id":76776,"n":"Eau de toilette Daniel Hechter  Homme Caractère - 50ml","p":14.85,"pp":10.39,"u":"207,80 €/L","img":"https://fd14-photos.leclercdrive.fr/image.ashx?id=2526953&use=l&cat=p&typeid=i","cat":287740},{"id":76780,"n":"Eau micellaire Mixa  Bio peaux sensibles - 200ml","p":3.38,"u":"16,90 €/L","img":"https://fd14-photos.leclercdrive.fr/image.ashx?id=2421853&use=l&cat=p&typeid=i","cat":284603},{"id":76802,"n":"Biscuits cacao Kinder Cards Au lait et au cacao x5 - 128g","p":1.86,"u":"14,53 €/KG","img":"https://fd14-photos.leclercdrive.fr/image.ashx?id=2673328&use=l&cat=p&typeid=i","cat":284488},{"id":76861,"n":"Pâté au poisson pour chat Eco+ Barquette - 100g","p":0.24,"u":"2,40 €/KG","img":"https://fd14-photos.leclercdrive.fr/image.ashx?id=2052742&use=l&cat=p&typeid=i","cat":285286},{"id":76864,"n":"Gelée Bonne Maman Mûres - 370g","p":2.55,"u":"6,89 €/KG","img":"https://fd14-photos.leclercdrive.fr/image.ashx?id=2476305&use=l&cat=p&typeid=i","cat":284480},{"id":76869,"n":"Compote bio Bio Village Gourdes multivariétés - 12x90g","p":5.91,"u":"5,47 €/KG","img":"https://fd14-photos.leclercdrive.fr/image.ashx?id=1974308&use=l&cat=p&typeid=i","cat":284508},{"id":76870,"n":"Sachet fraîcheur chien Pedigree  Mixte en gelée - 12x100g","p":5.4,"u":"4,50 €/KG","img":"https://fd14-photos.leclercdrive.fr/image.ashx?id=2870239&use=l&cat=p&typeid=i","cat":284673},{"id":76875,"n":"Confiture Bonne Maman Fraise intense - 335g","p":1.85,"u":"5,52 €/KG","img":"https://fd14-photos.leclercdrive.fr/image.ashx?id=2341008&use=l&cat=p&typeid=i","cat":284480},{"id":76876,"n":"Confiture Bonne Maman Abricot intense - 335g","p":1.9,"u":"5,67 €/KG","img":"https://fd14-photos.leclercdrive.fr/image.ashx?id=2341011&use=l&cat=p&typeid=i","cat":284480},{"id":76877,"n":"Confiture Bonne Maman Framboise intense - 335g","p":2.4,"u":"7,16 €/KG","img":"https://fd14-photos.leclercdrive.fr/image.ashx?id=2341017&use=l&cat=p&typeid=i","cat":284480},{"id":76878,"n":"Confiture Bonne Maman Fruits rouges intense - 335g","p":2.05,"u":"6,12 €/KG","img":"https://fd14-photos.leclercdrive.fr/image.ashx?id=2900977&use=l&cat=p&typeid=i","cat":284480},{"id":76883,"n":"Sachet chat stérilisé Perfect Fit poissons sauce - 4x85g","p":2.7,"u":"7,94 €/KG","img":"https://fd14-photos.leclercdrive.fr/image.ashx?id=2759724&use=l&cat=p&typeid=i","cat":285286},{"id":76887,"n":"Friandises chien Pedigree  Récompense poulet canard - 130g","p":1.65,"u":"12,69 €/KG","img":"https://fd14-photos.leclercdrive.fr/image.ashx?id=2985555&use=l&cat=p&typeid=i","cat":294527},{"id":76888,"n":"Compotes Pom'Potes Gourdes  Multivariétés - 12x90g","p":4.65,"u":"4,31 €/KG","img":"https://fd14-photos.leclercdrive.fr/image.ashx?id=2986143&use=l&cat=p&typeid=i","cat":284508},{"id":77008,"n":"Petits pains grillés Epi d'Or Briochés - 225g","p":1.45,"u":"6,44 €/KG","img":"https://fd14-photos.leclercdrive.fr/image.ashx?id=2496416&use=l&cat=p&typeid=i","cat":284479},{"id":77017,"n":"Vinaigrette Maille Huile sésame/soja - 36cl","p":2.91,"u":"8,08 €/L","img":"https://fd14-photos.leclercdrive.fr/image.ashx?id=2985657&use=l&cat=p&typeid=i","cat":284456},{"id":77241,"n":"Viande bovine steak ***  140g","p":2.65,"u":"18,93 €/KG","img":"https://fd14-photos.leclercdrive.fr/image.ashx?id=659566&use=l&cat=p&typeid=i","cat":284328},{"id":77290,"n":"Friandises chats Félix Saveur ocean Saumon,truite 200g","p":2.45,"u":"12,25 €/KG","img":"https://fd14-photos.leclercdrive.fr/image.ashx?id=2940465&use=l&cat=p&typeid=i","cat":285285},{"id":77360,"n":"Ravioli bolognaise Côté Table 800g","p":2.89,"u":"3,61 €/KG","img":"https://fd14-photos.leclercdrive.fr/image.ashx?id=3015099&use=l&cat=p&typeid=i","cat":284442},{"id":77382,"n":"Filets maqueraux Pêche Océan Vin blanc citron romarin - 176g","p":1.87,"u":"10,63 €/KG","img":"https://fd14-photos.leclercdrive.fr/image.ashx?id=2436681&use=l&cat=p&typeid=i","cat":303868},{"id":77421,"n":"Pommes Chantecler  1kg","p":2.49,"u":"2,49 €/KG","img":"https://fd14-photos.leclercdrive.fr/image.ashx?id=1630810&use=l&cat=p&typeid=i","cat":284356},{"id":77465,"n":"Fromages râpé spécial Pizza Les Croisés familial - 350g","p":3.94,"u":"11,26 €/KG","img":"https://fd14-photos.leclercdrive.fr/image.ashx?id=2942795&use=l&cat=p&typeid=i","cat":314035},{"id":77507,"n":"Chips Tortilla Old El Paso Fajita maxi format - 300g","p":3.55,"u":"11,83 €/KG","img":"https://fd14-photos.leclercdrive.fr/image.ashx?id=2737699&use=l&cat=p&typeid=i","cat":288993},{"id":77563,"n":"Blanc de poulet Fleury Michon fumé x6 - 180g","p":2.7,"u":"15,00 €/KG","img":"https://fd14-photos.leclercdrive.fr/image.ashx?id=2984886&use=l&cat=p&typeid=i","cat":316010},{"id":77694,"n":"Yaourt 0% nature Soignon Au lait de chèvre - 4x125g","p":2.15,"u":"4,30 €/KG","img":"https://fd14-photos.leclercdrive.fr/image.ashx?id=2547203&use=l&cat=p&typeid=i","cat":314998},{"id":77696,"n":"Yaourt brassé myrtille Soignon Au lait de chèvre - 4x125g","p":2.45,"u":"4,90 €/KG","img":"https://fd14-photos.leclercdrive.fr/image.ashx?id=2518259&use=l&cat=p&typeid=i","cat":314998},{"id":77700,"n":"Yaourt bifidus lait de chèvre Soignon - nature - 4x110g","p":2.2,"u":"5,00 €/KG","img":"https://fd14-photos.leclercdrive.fr/image.ashx?id=2518268&use=l&cat=p&typeid=i","cat":314998},{"id":77701,"n":"LE NATURE AU LAIT DE BREBIS 4x110g SOIGNON","p":2.55,"u":"5,80 €/KG","img":"https://fd14-photos.leclercdrive.fr/image.ashx?id=2948111&use=l&cat=p&typeid=i","cat":314998},{"id":77702,"n":"LE VANILLE AU LAIT DE BREBIS 4x110g SOIGNON","p":2.85,"u":"6,48 €/KG","img":"https://fd14-photos.leclercdrive.fr/image.ashx?id=2948114&use=l&cat=p&typeid=i","cat":314998},{"id":77703,"n":"BRASSE AU LAIT DE BREBIS ABRICOT  4x110g SOIGNON","p":2.85,"u":"6,48 €/KG","img":"https://fd14-photos.leclercdrive.fr/image.ashx?id=2948117&use=l&cat=p&typeid=i","cat":314998},{"id":77705,"n":"BRASSE AU LAIT DE BREBIS MÛRE-FRAMBOISE 4x110g SOIGNON","p":2.85,"u":"6,48 €/KG","img":"https://fd14-photos.leclercdrive.fr/image.ashx?id=2948123&use=l&cat=p&typeid=i","cat":314998},{"id":77706,"n":"Yaourt nature Soignon Au lait de chèvre - 8x125g","p":4.2,"u":"4,20 €/KG","img":"https://fd14-photos.leclercdrive.fr/image.ashx?id=2518289&use=l&cat=p&typeid=i","cat":314998},{"id":77739,"n":"Crème sans rinçage Elsève Cheveu Abimé, Cassant - 200ml","p":5.25,"u":"26,25 €/L","img":"https://fd14-photos.leclercdrive.fr/image.ashx?id=2948980&use=l&cat=p&typeid=i","cat":284608},{"id":77745,"n":"Sauce Gourmet Amora Béarnaise - 184g","p":1.65,"u":"8,97 €/KG","img":"https://fd14-photos.leclercdrive.fr/image.ashx?id=2387876&use=l&cat=p&typeid=i","cat":318430},{"id":77746,"n":"Sauce Gourmet Amora Burger - 188g","p":1.7,"u":"9,04 €/KG","img":"https://fd14-photos.leclercdrive.fr/image.ashx?id=2387879&use=l&cat=p&typeid=i","cat":318430},{"id":77754,"n":"Pain grillé Pelletier Goût brioche - 500g","p":2.95,"u":"5,90 €/KG","img":"https://fd14-photos.leclercdrive.fr/image.ashx?id=3002246&use=l&cat=p&typeid=i","cat":284479},{"id":77755,"n":"Vinaigrette Légère MAILLE Vin Rouge & Echalotes - 36cl","p":2.46,"u":"6,83 €/L","img":"https://fd14-photos.leclercdrive.fr/image.ashx?id=2788154&use=l&cat=p&typeid=i","cat":284456},{"id":77855,"n":"Huile à barbe L'Oréal Paris Men Expert bois de cèdre - 30ml","p":8.49,"u":"283,00 €/L","img":"https://fd14-photos.leclercdrive.fr/image.ashx?id=3008770&use=l&cat=p&typeid=i","cat":284622},{"id":77877,"n":"Fromage Holland Master  Gouda Vieux AOP - 200g","p":3.6,"u":"18,00 €/KG","img":"https://fd14-photos.leclercdrive.fr/image.ashx?id=1975748&use=l&cat=p&typeid=i","cat":314034},{"id":77885,"n":"Eau de bleuets Christian Lenart 200ml","p":3.48,"u":"17,40 €/L","img":"https://fd14-photos.leclercdrive.fr/image.ashx?id=2324807&use=l&cat=p&typeid=i","cat":325345},{"id":77919,"n":"Dentifrice Email Diamant Blancheur absolue tube - 75ml","p":4.2,"u":"56,00 €/L","img":"https://fd14-photos.leclercdrive.fr/image.ashx?id=1781300&use=l&cat=p&typeid=i","cat":284612},{"id":77940,"n":"AOC Camembert Marie Harel 1/2 afiiné - 45%mg - 250g","p":4.9,"u":"19,60 €/KG","img":"https://fd14-photos.leclercdrive.fr/image.ashx?id=2628806&use=l&cat=p&typeid=i","cat":314033},{"id":77946,"n":"Soin visage L'Oréal Paris Revitalift anti-âge - 50ml","p":13.6,"u":"272,00 €/L","img":"https://fd14-photos.leclercdrive.fr/image.ashx?id=2867527&use=l&cat=p&typeid=i","cat":325345},{"id":77960,"n":"Viande bovine Steack*** Charolais - 140g","p":4.19,"u":"29,93 €/KG","img":"https://fd14-photos.leclercdrive.fr/image.ashx?id=2494259&use=l&cat=p&typeid=i","cat":284328},{"id":77970,"n":"Emiettés de rouget Gastromer A la provençale - 150g","p":2.3,"u":"15,33 €/KG","img":"https://fd14-photos.leclercdrive.fr/image.ashx?id=1605680&use=l&cat=p&typeid=i","cat":285191},{"id":77980,"n":"Parmigiano Reg AOP Casa Azzurra Copeaux - 80g","p":2.85,"u":"35,63 €/KG","img":"https://fd14-photos.leclercdrive.fr/image.ashx?id=2261954&use=l&cat=p&typeid=i","cat":314035},{"id":78005,"n":"Feta AOP Casa Azzurra Portion - 150g","p":2.75,"u":"18,33 €/KG","img":"https://fd14-photos.leclercdrive.fr/image.ashx?id=1620610&use=l&cat=p&typeid=i","cat":314026},{"id":78071,"n":"Café moulu L'Or Doux 100% Arabica - 2x250g","p":9.28,"u":"18,56 €/KG","img":"https://fd14-photos.leclercdrive.fr/image.ashx?id=1876661&use=l&cat=p&typeid=i","cat":284750},{"id":78090,"n":"Café solubleMaxwell House Qualité Filtre Recharge - 235g","p":5.8,"u":"32,22 €/KG","img":"https://fd14-photos.leclercdrive.fr/image.ashx?id=1793916&use=l&cat=p&typeid=i","cat":284843},{"id":78098,"n":"Sauce Épicée TABASCO Piment Rouge - 60ml","p":2.82,"u":"47,00 €/L","img":"https://fd14-photos.leclercdrive.fr/image.ashx?id=2961317&use=l&cat=p&typeid=i","cat":298298},{"id":78108,"n":"Capsules café L'Or Espresso Or Absolu N°9 x10","p":3.55,"u":"68,27 €/KG","img":"https://fd14-photos.leclercdrive.fr/image.ashx?id=2100287&use=l&cat=p&typeid=i","cat":284749},{"id":78133,"n":"Sablés framboise Bonne Maman 150g","p":1.75,"u":"11,67 €/KG","img":"https://fd14-photos.leclercdrive.fr/image.ashx?id=2936215&use=l&cat=p&typeid=i","cat":284487},{"id":78176,"n":"Mini cônes Extrême Vanille Chocolat x8 - 312g","p":3.65,"u":"11,70 €/KG","img":"https://fd14-photos.leclercdrive.fr/image.ashx?id=2737030&use=l&cat=p&typeid=i","cat":284264},{"id":78210,"n":"Biscuits Nutella B-ready 6x22g","p":1.85,"u":"14,02 €/KG","img":"https://fd14-photos.leclercdrive.fr/image.ashx?id=2770602&use=l&cat=p&typeid=i","cat":284488},{"id":78279,"n":"Pommes de terre Pom Bistro Paysannes au Beurre - 500 g","p":3.15,"u":"6,30 €/KG","img":"https://fd14-photos.leclercdrive.fr/image.ashx?id=2866427&use=l&cat=p&typeid=i","cat":319792},{"id":78453,"n":"Graines de Tournesol Sun 500g","p":2.89,"u":"5,78 €/KG","img":"https://fd14-photos.leclercdrive.fr/image.ashx?id=2692167&use=l&cat=p&typeid=i","cat":284357},{"id":78520,"n":"Rouleau de printemps Aux crevettes - 200g","p":3.65,"u":"18,25 €/KG","img":"https://fd14-photos.leclercdrive.fr/image.ashx?id=2836451&use=l&cat=p&typeid=i","cat":333673},{"id":78544,"n":"Ravioli pur boeuf Côté Table  400g","p":1.35,"u":"3,38 €/KG","img":"https://fd14-photos.leclercdrive.fr/image.ashx?id=3014281&use=l&cat=p&typeid=i","cat":284442},{"id":78546,"n":"Ravioli bolognaise Côté Table 400g","p":1.99,"u":"4,98 €/KG","img":"https://fd14-photos.leclercdrive.fr/image.ashx?id=3014275&use=l&cat=p&typeid=i","cat":284442},{"id":78577,"n":"Gaufrettes Brun  Chocolat - 146g","p":0.85,"u":"5,82 €/KG","img":"https://fd14-photos.leclercdrive.fr/image.ashx?id=2842543&use=l&cat=p&typeid=i","cat":284487},{"id":78714,"n":"Mayonnaise Eco+ Flacon souple - 450g","p":1.27,"u":"2,82 €/KG","img":"https://fd14-photos.leclercdrive.fr/image.ashx?id=2954331&use=l&cat=p&typeid=i","cat":298295},{"id":78717,"n":"Brioche tranchée Eco+ Nature - 500g","p":1.19,"u":"2,38 €/KG","img":"https://fd14-photos.leclercdrive.fr/image.ashx?id=2605086&use=l&cat=p&typeid=i","cat":284478},{"id":78732,"n":"Guacamole Old El Paso Doux - 320g","p":2.1,"u":"6,56 €/KG","img":"https://fd14-photos.leclercdrive.fr/image.ashx?id=2737612&use=l&cat=p&typeid=i","cat":288993},{"id":78773,"n":"Tablette de chocolat noir Lindt Noir 78% cacao - 100g","p":2.42,"u":"24,20 €/KG","img":"https://fd14-photos.leclercdrive.fr/image.ashx?id=2689481&use=l&cat=p&typeid=i","cat":284956},{"id":78827,"n":"Crème dessert caramel Ker Ronan - 4x105g","p":2.25,"u":"5,36 €/KG","img":"https://fd14-photos.leclercdrive.fr/image.ashx?id=1989546&use=l&cat=p&typeid=i","cat":285041},{"id":78828,"n":"Yaourts brassés orange/ananas Ker Ronan - 4x125g","p":2.45,"u":"4,90 €/KG","img":"https://fd14-photos.leclercdrive.fr/image.ashx?id=1989540&use=l&cat=p&typeid=i","cat":284410},{"id":78849,"n":"Yaourts brassés Ker Ronan  Citron/citron vert- 4x125g","p":1.95,"u":"3,90 €/KG","img":"https://fd14-photos.leclercdrive.fr/image.ashx?id=1989528&use=l&cat=p&typeid=i","cat":284410},{"id":78850,"n":"Yaourt nature Ker Ronan  4x125g","p":1.85,"u":"3,70 €/KG","img":"https://fd14-photos.leclercdrive.fr/image.ashx?id=1989522&use=l&cat=p&typeid=i","cat":284409},{"id":78856,"n":"Yaourts brassés Ker Ronan  Myrtille - 4x125g","p":2.35,"u":"4,70 €/KG","img":"https://fd14-photos.leclercdrive.fr/image.ashx?id=1989537&use=l&cat=p&typeid=i","cat":284410},{"id":78948,"n":"Mouchoirs Ultra Lotus Blanc boîte - x72","p":1.6,"u":"0,02 €/P","img":"https://fd14-photos.leclercdrive.fr/image.ashx?id=2609300&use=l&cat=p&typeid=i","cat":284638},{"id":78953,"n":"Savon solide Bionaïa Abricot bio - 100g","p":1.3,"u":"13,00 €/KG","img":"https://fd14-photos.leclercdrive.fr/image.ashx?id=2331324&use=l&cat=p&typeid=i","cat":284597},{"id":78965,"n":"Xtrem Box Sodebo Radiatori à la Bolognaise -400g","p":2.95,"u":"7,38 €/KG","img":"https://fd14-photos.leclercdrive.fr/image.ashx?id=2638760&use=l&cat=p&typeid=i","cat":334983},{"id":78970,"n":"Ravioli emmental Bio Village Bio Basilic - 250g","p":2.99,"u":"11,96 €/KG","img":"https://fd14-photos.leclercdrive.fr/image.ashx?id=2843611&use=l&cat=p&typeid=i","cat":333682},{"id":79016,"n":"Galette boulgour Céréal Bio  Bio tomate parmesan x2 200G","p":2.66,"u":"13,30 €/KG","img":"https://fd14-photos.leclercdrive.fr/image.ashx?id=2573519&use=l&cat=p&typeid=i","cat":284953},{"id":79019,"n":"Galettes bio Céréal Bio  Rroquefort, figues - 2x200g","p":2.72,"u":"13,60 €/KG","img":"https://fd14-photos.leclercdrive.fr/image.ashx?id=2573522&use=l&cat=p&typeid=i","cat":284953},{"id":79021,"n":"Galette Blé bio Céréal Bio  Pommes Terres Emmental xé 200g","p":2.5,"u":"12,50 €/KG","img":"https://fd14-photos.leclercdrive.fr/image.ashx?id=2575102&use=l&cat=p&typeid=i","cat":284953},{"id":79092,"n":"Adoucissant peaux sensibles 40 lavages - 750 ml - UNI VERT","p":1.72,"u":"2,29 €/L","img":"https://fd14-photos.leclercdrive.fr/image.ashx?id=2893334&use=l&cat=p&typeid=i","cat":284650},{"id":79094,"n":"Purée de pommes C'est Qui Le Patron - 4x95g","p":1.25,"u":"3,29 €/KG","img":"https://fd14-photos.leclercdrive.fr/image.ashx?id=2097659&use=l&cat=p&typeid=i","cat":284508},{"id":79181,"n":"Huile lavante Mots d'Enfants Bébé - 250ml","p":1.43,"u":"5,72 €/L","img":"https://fd14-photos.leclercdrive.fr/image.ashx?id=2485092&use=l&cat=p&typeid=i","cat":284741},{"id":79195,"n":"Baguette Le Moelleux Daunat Jambon Oeuf - 230g","p":2.25,"u":"9,78 €/KG","img":"https://fd14-photos.leclercdrive.fr/image.ashx?id=2623226&use=l&cat=p&typeid=i","cat":333658},{"id":79243,"n":"Petit pot bébé bio Blédina 4-6m Patate douce - 2x130g","p":1.8,"u":"6,92 €/KG","img":"https://fd14-photos.leclercdrive.fr/image.ashx?id=2848581&use=l&cat=p&typeid=i","cat":312234},{"id":79252,"n":"Compote bébé bio Blédina 6 mois Pomme banane kiwi - 2x130g","p":1.57,"u":"6,04 €/KG","img":"https://fd14-photos.leclercdrive.fr/image.ashx?id=2848560&use=l&cat=p&typeid=i","cat":312388},{"id":79260,"n":"Compote bébé bio Blédina 6 mois Pomme banane nectarine - 2x130g","p":1.8,"u":"6,92 €/KG","img":"https://fd14-photos.leclercdrive.fr/image.ashx?id=2848572&use=l&cat=p&typeid=i","cat":312388},{"id":79311,"n":"Après-Shampooing Sobio Etic Lait d'amande Bio - 200ml","p":4.18,"u":"20,90 €/L","img":"https://fd14-photos.leclercdrive.fr/image.ashx?id=2787065&use=l&cat=p&typeid=i","cat":284607},{"id":79319,"n":"Shampooing Bio Sobio Etic Cheveux Doux - 250ml","p":3.82,"u":"15,28 €/L","img":"https://fd14-photos.leclercdrive.fr/image.ashx?id=2787068&use=l&cat=p&typeid=i","cat":284606},{"id":79323,"n":"Shampooing Bio Sobio Etic Cheveux nourris - 250ml","p":3.82,"u":"15,28 €/L","img":"https://fd14-photos.leclercdrive.fr/image.ashx?id=2792681&use=l&cat=p&typeid=i","cat":284606},{"id":79402,"n":"Chorizo espagnol fort x30 - 150g","p":2.19,"u":"14,60 €/KG","img":"https://fd14-photos.leclercdrive.fr/image.ashx?id=1873728&use=l&cat=p&typeid=i","cat":316007},{"id":79404,"n":"P'tit max Délisse Vanille - 6x180g","p":2.03,"u":"1,88 €/KG","img":"https://fd14-photos.leclercdrive.fr/image.ashx?id=2757933&use=l&cat=p&typeid=i","cat":284415},{"id":79406,"n":"P'tit max Délisse Framboise - 6x180g","p":2.03,"u":"1,88 €/KG","img":"https://fd14-photos.leclercdrive.fr/image.ashx?id=2757936&use=l&cat=p&typeid=i","cat":284415},{"id":79467,"n":"Filet mignon Petitgas 30 tranches - 75g","p":3.0,"u":"40,00 €/KG","img":"https://fd14-photos.leclercdrive.fr/image.ashx?id=2175174&use=l&cat=p&typeid=i","cat":316007},{"id":79513,"n":"Soupe mouliné Knorr Légumes verts - 1L","p":2.19,"u":"2,19 €/L","img":"https://fd14-photos.leclercdrive.fr/image.ashx?id=2408270&use=l&cat=p&typeid=i","cat":284462},{"id":79517,"n":"Soupe velouté Knorr 9 légumes - 1L","p":1.66,"u":"1,66 €/L","img":"https://fd14-photos.leclercdrive.fr/image.ashx?id=2408273&use=l&cat=p&typeid=i","cat":284462},{"id":79520,"n":"Soupe mouliné Knorr Légumes variés - 50cl","p":1.46,"u":"2,92 €/L","img":"https://fd14-photos.leclercdrive.fr/image.ashx?id=2740904&use=l&cat=p&typeid=i","cat":284462},{"id":79532,"n":"Nouilles Table du Monde Asiatiques Curry cup - 61.5g","p":0.79,"u":"12,74 €/KG","img":"https://fd14-photos.leclercdrive.fr/image.ashx?id=2920205&use=l&cat=p&typeid=i","cat":288992},{"id":79534,"n":"Nouilles Tables du Monde Asiatiques crevette cup - 61.5g","p":0.75,"u":"12,10 €/KG","img":"https://fd14-photos.leclercdrive.fr/image.ashx?id=1948586&use=l&cat=p&typeid=i","cat":288992},{"id":79552,"n":"Pâtes Barilla Spaghettoni n°7 - 1kg","p":1.9,"u":"1,90 €/KG","img":"https://fd14-photos.leclercdrive.fr/image.ashx?id=2392233&use=l&cat=p&typeid=i","cat":284427},{"id":79555,"n":"Sauce Tomates Barilla Basilic - 200g","p":1.25,"u":"6,25 €/KG","img":"https://fd14-photos.leclercdrive.fr/image.ashx?id=2834044&use=l&cat=p&typeid=i","cat":287599},{"id":79556,"n":"Couscous parfumé Tipiak Epice - 510g","p":1.87,"u":"3,67 €/KG","img":"https://fd14-photos.leclercdrive.fr/image.ashx?id=2882866&use=l&cat=p&typeid=i","cat":284429},{"id":79574,"n":"Fromage de chèvre rond 140g","p":3.45,"u":"24,64 €/KG","img":"https://fd14-photos.leclercdrive.fr/image.ashx?id=1910317&use=l&cat=p&typeid=i","cat":314031},{"id":79581,"n":"Fromage chèvre barquette bûche 180g","p":4.35,"u":"24,17 €/KG","img":"https://fd14-photos.leclercdrive.fr/image.ashx?id=1910278&use=l&cat=p&typeid=i","cat":314031},{"id":79590,"n":"Sardine huile d'arachide  La Quiberonaise - 69g","p":3.84,"u":"55,65 €/KG","img":"https://fd14-photos.leclercdrive.fr/image.ashx?id=2979815&use=l&cat=p&typeid=i","cat":305146},{"id":79592,"n":"Sardine huile d'arachide  La Quiberonaise - 115g","p":4.45,"u":"38,70 €/KG","img":"https://fd14-photos.leclercdrive.fr/image.ashx?id=2981100&use=l&cat=p&typeid=i","cat":305146},{"id":79597,"n":"Sardine tomate&huile La Quiberonaise - 69g","p":3.6,"u":"52,17 €/KG","img":"https://fd14-photos.leclercdrive.fr/image.ashx?id=2686966&use=l&cat=p&typeid=i","cat":305146},{"id":79598,"n":"Sardine tomate&huile La Quiberonaise - 115g","p":4.8,"u":"41,74 €/KG","img":"https://fd14-photos.leclercdrive.fr/image.ashx?id=2786714&use=l&cat=p&typeid=i","cat":305146},{"id":79610,"n":"Crème glacée bac vanille terres Bleues - 415g","p":4.95,"u":"11,93 €/KG","img":"https://fd14-photos.leclercdrive.fr/image.ashx?id=2657550&use=l&cat=p&typeid=i","cat":284263},{"id":79611,"n":"Crème glacée vanille breizh Terres Bleues - 415g","p":5.4,"u":"13,01 €/KG","img":"https://fd14-photos.leclercdrive.fr/image.ashx?id=2657787&use=l&cat=p&typeid=i","cat":284263},{"id":79612,"n":"Crème glacée Terres Bleues Caramel beurre salé - 415g","p":4.95,"u":"11,93 €/KG","img":"https://fd14-photos.leclercdrive.fr/image.ashx?id=2656820&use=l&cat=p&typeid=i","cat":284263},{"id":79623,"n":"Barre de céréales Nature Valley  Crunchy avoine miel X5-210g","p":2.86,"u":"13,62 €/KG","img":"https://fd14-photos.leclercdrive.fr/image.ashx?id=2844472&use=l&cat=p&typeid=i","cat":285869},{"id":79624,"n":"Barre de céréales Nature Valley Crunchy avoine chocolat x5-210g","p":2.6,"u":"12,38 €/KG","img":"https://fd14-photos.leclercdrive.fr/image.ashx?id=2844475&use=l&cat=p&typeid=i","cat":285869},{"id":79674,"n":"Mascara Maybelline  Colossal Big Shot volume Noir","p":9.7,"img":"https://fd14-photos.leclercdrive.fr/image.ashx?id=2422734&use=l&cat=p&typeid=i","cat":287029},{"id":79682,"n":"Poudre fondante L'Oréal Paris Accord Parfait 3D Beige doré","p":13.6,"img":"https://fd14-photos.leclercdrive.fr/image.ashx?id=2395544&use=l&cat=p&typeid=i","cat":287029},{"id":79692,"n":"Mascara L'Oréal Paris Millions de Cils Noir","p":13.9,"pp":9.17,"img":"https://fd14-photos.leclercdrive.fr/image.ashx?id=2419167&use=l&cat=p&typeid=i","cat":287029},{"id":79694,"n":"Fond de Teint L'Oréal Paris Accord Parfait 2.R Vanille Rosé","p":14.5,"img":"https://fd14-photos.leclercdrive.fr/image.ashx?id=2937355&use=l&cat=p&typeid=i","cat":287029},{"id":79797,"n":"Fond de Teint L'Oréal Paris Accord Parfait 3.R Beige Rosé","p":14.5,"img":"https://fd14-photos.leclercdrive.fr/image.ashx?id=2900971&use=l&cat=p&typeid=i","cat":287029},{"id":79798,"n":"Fond de Teint L'Oréal Paris Accord Parfait 3.D Beige Doré","p":14.5,"img":"https://fd14-photos.leclercdrive.fr/image.ashx?id=2900974&use=l&cat=p&typeid=i","cat":287029},{"id":79873,"n":"Fond de teint Maybelline Dream Radiant 21 Beige Doré","p":11.5,"img":"https://fd14-photos.leclercdrive.fr/image.ashx?id=2434455&use=l&cat=p&typeid=i","cat":287029},{"id":79877,"n":"Correcteur anticerne Maybelline Instant Anti-Age 01 Beige Rose","p":11.5,"img":"https://fd14-photos.leclercdrive.fr/image.ashx?id=2770542&use=l&cat=p&typeid=i","cat":287029},{"id":79896,"n":"Vernis à ongles gel Maybelline Superstay 25 Base Transparente","p":5.65,"img":"https://fd14-photos.leclercdrive.fr/image.ashx?id=2423163&use=l&cat=p&typeid=i","cat":325347},{"id":79901,"n":"Top Coat gel express Maybelline Longue Tenue séchage rapide","p":5.49,"img":"https://fd14-photos.leclercdrive.fr/image.ashx?id=2344987&use=l&cat=p&typeid=i","cat":325347},{"id":79904,"n":"Mascara waterproof Maybelline  Volum'Express noir","p":4.15,"img":"https://fd14-photos.leclercdrive.fr/image.ashx?id=2470285&use=l&cat=p&typeid=i","cat":287029},{"id":79936,"n":"Jambon Tranché Fin Fleury Michon -25% de sel x4 - 120g","p":2.3,"u":"19,17 €/KG","img":"https://fd14-photos.leclercdrive.fr/image.ashx?id=2889295&use=l&cat=p&typeid=i","cat":316009},{"id":79937,"n":"Dés de jambon Fleury Michon -25% de sel - 2x75g","p":2.1,"u":"14,00 €/KG","img":"https://fd14-photos.leclercdrive.fr/image.ashx?id=2645492&use=l&cat=p&typeid=i","cat":316011},{"id":79940,"n":"Bière blonde Grimbergen 6,7° - 50cl canette","p":1.8,"u":"3,60 €/L","img":"https://fd14-photos.leclercdrive.fr/image.ashx?id=2605458&use=l&cat=p&typeid=i","cat":334853},{"id":79966,"n":"Joker Pur Jus Engagé Orange sans pulpe - 1,5L","p":3.6,"u":"2,40 €/L","img":"https://fd14-photos.leclercdrive.fr/image.ashx?id=3001290&use=l&cat=p&typeid=i","cat":284521},{"id":80124,"n":"Jambon Fleury Michon d'éleveurs engagés sans nitrite x4 - 140g","p":3.2,"u":"22,86 €/KG","img":"https://fd14-photos.leclercdrive.fr/image.ashx?id=2959883&use=l&cat=p&typeid=i","cat":316009},{"id":80130,"n":"Alèses absorbantes DryNites 78x88cm - x12","p":11.87,"u":"0,99 €/P","img":"https://fd14-photos.leclercdrive.fr/image.ashx?id=2883717&use=l&cat=p&typeid=i","cat":290633},{"id":80141,"n":"IGP Cidre de la ferme de Kerloick - 75cl","p":3.4,"u":"4,53 €/L","img":"https://fd14-photos.leclercdrive.fr/image.ashx?id=1614345&use=l&cat=p&typeid=i","cat":334880},{"id":80142,"n":"Cidre Bio Le Regineen Kerloick - 75cl","p":3.4,"u":"4,53 €/L","img":"https://fd14-photos.leclercdrive.fr/image.ashx?id=1627338&use=l&cat=p&typeid=i","cat":334880},{"id":80182,"n":"Bière blonde Morgane bio 6x25cl","p":6.21,"pp":4.35,"u":"2,90 €/L","img":"https://fd14-photos.leclercdrive.fr/image.ashx?id=1758442&use=l&cat=p&typeid=i","cat":334873},{"id":80183,"n":"Bière blonde Duchesse Anne Triple - 6x25cl","p":6.21,"pp":4.35,"u":"2,90 €/L","img":"https://fd14-photos.leclercdrive.fr/image.ashx?id=1650626&use=l&cat=p&typeid=i","cat":334872},{"id":80272,"n":"Joker Le Fruit Jus d'orange Sans pulpe - 1L","p":2.6,"u":"2,60 €/L","img":"https://fd14-photos.leclercdrive.fr/image.ashx?id=2846355&use=l&cat=p&typeid=i","cat":284521},{"id":80302,"n":"Eau minérale naturelle Volvic 6x1,5L","p":3.04,"u":"0,34 €/L","img":"https://fd14-photos.leclercdrive.fr/image.ashx?id=2730244&use=l&cat=p&typeid=i","cat":284535},{"id":80346,"n":"yaourt aux fruits bifidus activia cerise - 4x125g","p":1.8,"u":"3,60 €/KG","img":"https://fd14-photos.leclercdrive.fr/image.ashx?id=2885327&use=l&cat=p&typeid=i","cat":315000},{"id":80352,"n":"Cannelloni Côté Table  - 400g","p":2.07,"u":"5,18 €/KG","img":"https://fd14-photos.leclercdrive.fr/image.ashx?id=3014287&use=l&cat=p&typeid=i","cat":284442},{"id":80382,"n":"Tablette De Chocolat Poulain Noir Extra - 2x100g","p":2.35,"u":"11,75 €/KG","img":"https://fd14-photos.leclercdrive.fr/image.ashx?id=2867566&use=l&cat=p&typeid=i","cat":284956},{"id":80383,"n":"Tablette KINDER Chocolat Chocolat au Lait x12 - 150g","p":3.03,"u":"20,20 €/KG","img":"https://fd14-photos.leclercdrive.fr/image.ashx?id=1904474&use=l&cat=p&typeid=i","cat":284498},{"id":80385,"n":"Barres Chocolatées KINDER BUENO  Chocolat au Lait x5 - 215g","p":3.79,"u":"17,63 €/KG","img":"https://fd14-photos.leclercdrive.fr/image.ashx?id=2679621&use=l&cat=p&typeid=i","cat":284498},{"id":80386,"n":"Barres KINDER BUENO White  Chocolat Blanc x6 - 234g","p":4.29,"u":"18,33 €/KG","img":"https://fd14-photos.leclercdrive.fr/image.ashx?id=2679639&use=l&cat=p&typeid=i","cat":284498},{"id":80391,"n":"Mascara L'Oréal Paris  Lash Paradise Noir","p":13.47,"img":"https://fd14-photos.leclercdrive.fr/image.ashx?id=2580158&use=l&cat=p&typeid=i","cat":287029},{"id":80396,"n":"Eau Micellaire visage Nivea Peaux sèches - 400ml","p":3.13,"u":"7,83 €/L","img":"https://fd14-photos.leclercdrive.fr/image.ashx?id=3014599&use=l&cat=p&typeid=i","cat":284603},{"id":80398,"n":"Eau Micellaire visage Nivea Peaux sensibles - 400ml","p":3.13,"u":"7,83 €/L","img":"https://fd14-photos.leclercdrive.fr/image.ashx?id=2800965&use=l&cat=p&typeid=i","cat":284603},{"id":80524,"n":"Saucisson sec au poivre 200g - Charcuterie des druides","p":3.95,"u":"19,75 €/KG","img":"https://fd14-photos.leclercdrive.fr/image.ashx?id=2506269&use=l&cat=p&typeid=i","cat":316006},{"id":80525,"n":"Saucisse sèche 300g - Charcuterie des druides","p":5.35,"u":"17,83 €/KG","img":"https://fd14-photos.leclercdrive.fr/image.ashx?id=2506275&use=l&cat=p&typeid=i","cat":316006},{"id":80528,"n":"Saucisson sec Senan Charcuterie des druides","p":3.95,"img":"https://fd14-photos.leclercdrive.fr/image.ashx?id=2506266&use=l&cat=p&typeid=i","cat":316006},{"id":80530,"n":"4 Galettes bio sans gluten 250g","p":3.65,"u":"14,60 €/KG","img":"https://fd14-photos.leclercdrive.fr/image.ashx?id=2044690&use=l&cat=p&typeid=i","cat":318654},{"id":80540,"n":"Crotins de chèvre affiné 120g","p":3.55,"u":"29,58 €/KG","img":"https://fd14-photos.leclercdrive.fr/image.ashx?id=1910287&use=l&cat=p&typeid=i","cat":314031},{"id":80541,"n":"Fromage frais de chèvre fermier sans OGM - 160g","p":4.1,"u":"25,63 €/KG","img":"https://fd14-photos.leclercdrive.fr/image.ashx?id=1910263&use=l&cat=p&typeid=i","cat":314031},{"id":80593,"n":"Arachides Maître Prunille Coque grillées - 1kg","p":6.19,"u":"6,19 €/KG","img":"https://fd14-photos.leclercdrive.fr/image.ashx?id=2234015&use=l&cat=p&typeid=i","cat":284357},{"id":80617,"n":"Tétine en latex Mots d'enfants Bout rond - 2ème âge - x2","p":1.5,"img":"https://fd14-photos.leclercdrive.fr/image.ashx?id=1871134&use=l&cat=p&typeid=i","cat":284743},{"id":80630,"n":"Purée de tomates Bio Village Bio  - 72cl","p":1.53,"u":"2,13 €/L","img":"https://fd14-photos.leclercdrive.fr/image.ashx?id=2077475&use=l&cat=p&typeid=i","cat":288384},{"id":80840,"n":"Bouillon Cube Maggi Pot au feu - Dégraissé - 120g","p":1.48,"u":"12,33 €/KG","img":"https://fd14-photos.leclercdrive.fr/image.ashx?id=2212327&use=l&cat=p&typeid=i","cat":288379},{"id":80841,"n":"Bouillon Cube Maggi Volaille - Degraissé - 120g","p":1.48,"u":"12,33 €/KG","img":"https://fd14-photos.leclercdrive.fr/image.ashx?id=2737087&use=l&cat=p&typeid=i","cat":288379},{"id":80842,"n":"Bouillon Cube Maggi Dégraissé - 120g","p":1.47,"u":"12,25 €/KG","img":"https://fd14-photos.leclercdrive.fr/image.ashx?id=2737090&use=l&cat=p&typeid=i","cat":288379},{"id":80847,"n":"Curry bio Sainte Lucie Poudre - 40g","p":2.75,"u":"687,50 €/KG","img":"https://fd14-photos.leclercdrive.fr/image.ashx?id=2014181&use=l&cat=p&typeid=i","cat":298297},{"id":81188,"n":"Flan aromatisé vanille Flanby nappé de caramel - 12x100g","p":2.55,"u":"2,13 €/KG","img":"https://fd14-photos.leclercdrive.fr/image.ashx?id=2744584&use=l&cat=p&typeid=i","cat":284420},{"id":81196,"n":"Flan aromatisé vanille Flanby nappé de caramel - 6x100g","p":1.46,"u":"2,43 €/KG","img":"https://fd14-photos.leclercdrive.fr/image.ashx?id=2483786&use=l&cat=p&typeid=i","cat":284420},{"id":81222,"n":"Pizza La pizz Sodebo Chorizo - 470g","p":3.3,"u":"7,02 €/KG","img":"https://fd14-photos.leclercdrive.fr/image.ashx?id=2868389&use=l&cat=p&typeid=i","cat":333679},{"id":81224,"n":"Pizza l'Ovale Sodebo Lardons & Chèvre affiné - 200g","p":1.75,"u":"8,75 €/KG","img":"https://fd14-photos.leclercdrive.fr/image.ashx?id=2438564&use=l&cat=p&typeid=i","cat":333679},{"id":81236,"n":"Fromage à tartiner Boursin Ail et fines herbes 10 portions","p":2.37,"u":"14,81 €/KG","img":"https://fd14-photos.leclercdrive.fr/image.ashx?id=2964682&use=l&cat=p&typeid=i","cat":314029},{"id":81246,"n":"Bière blonde Pelforth 12x25cl","p":7.15,"u":"2,38 €/L","img":"https://fd14-photos.leclercdrive.fr/image.ashx?id=2645146&use=l&cat=p&typeid=i","cat":334873},{"id":81250,"n":"Bière blonde Grimbergen 6,7° - 20x25cl","p":13.9,"u":"2,78 €/L","img":"https://fd14-photos.leclercdrive.fr/image.ashx?id=2294791&use=l&cat=p&typeid=i","cat":334852},{"id":81254,"n":"Bière blonde Grimbergen 6,7° - 12x25cl","p":8.85,"u":"2,95 €/L","img":"https://fd14-photos.leclercdrive.fr/image.ashx?id=2872865&use=l&cat=p&typeid=i","cat":334852},{"id":81255,"n":"Blère blonde Pelforth 6x25cl","p":4.05,"u":"2,70 €/L","img":"https://fd14-photos.leclercdrive.fr/image.ashx?id=2959025&use=l&cat=p&typeid=i","cat":334873},{"id":81256,"n":"Bière ambrée Leffe 6,6% - 6x25cl","p":5.3,"u":"3,53 €/L","img":"https://fd14-photos.leclercdrive.fr/image.ashx?id=2548291&use=l&cat=p&typeid=i","cat":334852},{"id":81268,"n":"Bière blonde Grimbergen 6,7° - 6x25cl","p":4.8,"u":"3,20 €/L","img":"https://fd14-photos.leclercdrive.fr/image.ashx?id=2294381&use=l&cat=p&typeid=i","cat":334852},{"id":81280,"n":"Fromage La Vache qui rit Toastinette nature 10 tranches","p":1.65,"u":"8,25 €/KG","img":"https://fd14-photos.leclercdrive.fr/image.ashx?id=2342776&use=l&cat=p&typeid=i","cat":314028},{"id":81281,"n":"Fromage La Vache qui rit Toastinette cheddar 10 tranches","p":1.65,"u":"8,25 €/KG","img":"https://fd14-photos.leclercdrive.fr/image.ashx?id=2342773&use=l&cat=p&typeid=i","cat":314028},{"id":81285,"n":"Céréales bébé soir Blédiner 8m Légumes en poudre - 240g","p":2.33,"u":"9,71 €/KG","img":"https://fd14-photos.leclercdrive.fr/image.ashx?id=2192763&use=l&cat=p&typeid=i","cat":312239},{"id":81291,"n":"Bière sans alcool Tourtel Twist Citron Vert Menthe 0,0° -6x27cl","p":4.4,"u":"2,67 €/L","img":"https://fd14-photos.leclercdrive.fr/image.ashx?id=2896567&use=l&cat=p&typeid=i","cat":334877},{"id":81316,"n":"Tablette KINDER Chocolat Chocolat au Lait x24 - 300g","p":4.25,"u":"14,17 €/KG","img":"https://fd14-photos.leclercdrive.fr/image.ashx?id=2868167&use=l&cat=p&typeid=i","cat":284498},{"id":81318,"n":"Bonbons KINDER Schoko-Bons Chocolat au lait - 500G","p":7.77,"u":"15,54 €/KG","img":"https://fd14-photos.leclercdrive.fr/image.ashx?id=2402925&use=l&cat=p&typeid=i","cat":304238},{"id":81322,"n":"Huile de Tournesol Eco+ 3L","p":4.89,"u":"1,63 €/L","img":"https://fd14-photos.leclercdrive.fr/image.ashx?id=3002506&use=l&cat=p&typeid=i","cat":284453},{"id":81354,"n":"Confiture Eco+ Abricot - 1kg","p":2.17,"u":"2,17 €/KG","img":"https://fd14-photos.leclercdrive.fr/image.ashx?id=2392259&use=l&cat=p&typeid=i","cat":284480},{"id":81371,"n":"Tartine de pain Pasquier Au blé complet - 240g","p":1.45,"u":"6,04 €/KG","img":"https://fd14-photos.leclercdrive.fr/image.ashx?id=2927339&use=l&cat=p&typeid=i","cat":284479},{"id":81379,"n":"Jambon cru -25%  de Sel Aoste 6 tranches - 100g","p":3.35,"u":"33,50 €/KG","img":"https://fd14-photos.leclercdrive.fr/image.ashx?id=2359507&use=l&cat=p&typeid=i","cat":316007},{"id":81462,"n":"Fromage Apéritif Apérivrais  Ail et Fines Herbes - 100g","p":2.08,"u":"20,80 €/KG","img":"https://fd14-photos.leclercdrive.fr/image.ashx?id=2854612&use=l&cat=p&typeid=i","cat":314027},{"id":81548,"n":"Pain de mie Harrys 100% mie Nature Sans croûte Maxi - 650g","p":2.1,"u":"3,23 €/KG","img":"https://fd14-photos.leclercdrive.fr/image.ashx?id=2517468&use=l&cat=p&typeid=i","cat":284477},{"id":81549,"n":"Semoule au lait Bonne Maman Vanille Naturelle - 4x100g","p":2.2,"u":"22,00 €/KG","img":"https://fd14-photos.leclercdrive.fr/image.ashx?id=2924281&use=l&cat=p&typeid=i","cat":284418},{"id":81554,"n":"Riz au lait Bonne Maman Vanille Naturelle - 4x100g","p":2.2,"u":"5,50 €/KG","img":"https://fd14-photos.leclercdrive.fr/image.ashx?id=2619130&use=l&cat=p&typeid=i","cat":284418},{"id":81558,"n":"Pain de mie 100% Mie Harrys Nature petites tranches - 500g","p":1.72,"u":"3,44 €/KG","img":"https://fd14-photos.leclercdrive.fr/image.ashx?id=2517453&use=l&cat=p&typeid=i","cat":284477},{"id":81559,"n":"Yaourt Enfant Petits Filous Fruits Mixés Panaché - 12x50g","p":2.1,"u":"3,50 €/KG","img":"https://fd14-photos.leclercdrive.fr/image.ashx?id=2767359&use=l&cat=p&typeid=i","cat":284414},{"id":81566,"n":"Fromage Raclette Burger Les Croisés 8 Tranches - 150g","p":1.21,"u":"8,07 €/KG","img":"https://fd14-photos.leclercdrive.fr/image.ashx?id=2959731&use=l&cat=p&typeid=i","cat":314028},{"id":81735,"n":"Bière Blonde Delirium Tremens 33cl","p":2.4,"u":"7,27 €/L","img":"https://fd14-photos.leclercdrive.fr/image.ashx?id=2363111&use=l&cat=p&typeid=i","cat":334872},{"id":81768,"n":"Brioche tranchée La Boulangère Bio - 400g","p":2.15,"u":"5,38 €/KG","img":"https://fd14-photos.leclercdrive.fr/image.ashx?id=2912194&use=l&cat=p&typeid=i","cat":284478},{"id":81861,"n":"Pain de mie 100% Mie Harrys Nature grandes tranches - 500g","p":1.77,"u":"3,54 €/KG","img":"https://fd14-photos.leclercdrive.fr/image.ashx?id=2517456&use=l&cat=p&typeid=i","cat":284477},{"id":81909,"n":"Café moulu Grand Mère Familial - 250g","p":3.56,"u":"14,24 €/KG","img":"https://fd14-photos.leclercdrive.fr/image.ashx?id=1755046&use=l&cat=p&typeid=i","cat":284750},{"id":81928,"n":"Foie gras canard au poivre Maistres Occitans - 200 g","p":19.9,"u":"99,50 €/KG","img":"https://fd14-photos.leclercdrive.fr/image.ashx?id=2261873&use=l&cat=p&typeid=i","cat":316008},{"id":81929,"n":"Bloc foie gras canard  Sel de guérande - 110g","p":6.5,"u":"59,09 €/KG","img":"https://fd14-photos.leclercdrive.fr/image.ashx?id=2374893&use=l&cat=p&typeid=i","cat":316008},{"id":82009,"n":"Mozzarella râpée cucina Galbani 150g","p":2.5,"u":"16,67 €/KG","img":"https://fd14-photos.leclercdrive.fr/image.ashx?id=2787887&use=l&cat=p&typeid=i","cat":314035},{"id":82011,"n":"Pecorino Romano râpé Galbani 60g","p":1.45,"u":"24,17 €/KG","img":"https://fd14-photos.leclercdrive.fr/image.ashx?id=2171225&use=l&cat=p&typeid=i","cat":314035},{"id":82088,"n":"IGP Côtes de Gascogne rosé Domus - 75cl","p":5.25,"u":"7,00 €/L","img":"https://fd14-photos.leclercdrive.fr/image.ashx?id=2445385&use=l&cat=p&typeid=i","cat":289558},{"id":82099,"n":"Steak haché Eco+ x10 - 1kg","p":8.74,"u":"8,74 €/KG","img":"https://fd14-photos.leclercdrive.fr/image.ashx?id=2966532&use=l&cat=p&typeid=i","cat":319778},{"id":82152,"n":"Compote Andros Abricot Morceaux - 4x100g","p":2.2,"u":"5,50 €/KG","img":"https://fd14-photos.leclercdrive.fr/image.ashx?id=2853566&use=l&cat=p&typeid=i","cat":284416},{"id":82157,"n":"Dessert fruitier pêche Andros En morceaux - 4x100g","p":1.9,"u":"4,75 €/KG","img":"https://fd14-photos.leclercdrive.fr/image.ashx?id=2845470&use=l&cat=p&typeid=i","cat":284416},{"id":82159,"n":"Compotes Andros Pomme/chataigne - 4x100g","p":1.6,"u":"4,00 €/KG","img":"https://fd14-photos.leclercdrive.fr/image.ashx?id=2937361&use=l&cat=p&typeid=i","cat":284416},{"id":82160,"n":"Compote Andros Pomme abricot - 4x100g","p":1.3,"u":"3,25 €/KG","img":"https://fd14-photos.leclercdrive.fr/image.ashx?id=2961074&use=l&cat=p&typeid=i","cat":284416},{"id":82166,"n":"Compotes Andros Pomme Fraise - 4x100g","p":1.45,"u":"3,63 €/KG","img":"https://fd14-photos.leclercdrive.fr/image.ashx?id=2915572&use=l&cat=p&typeid=i","cat":284416},{"id":82167,"n":"Compotes Andros Pomme Banane - 4x100g","p":1.4,"u":"3,50 €/KG","img":"https://fd14-photos.leclercdrive.fr/image.ashx?id=2883997&use=l&cat=p&typeid=i","cat":284416},{"id":82168,"n":"Compotes Andros Pomme Poire - 4x100g","p":1.35,"u":"3,38 €/KG","img":"https://fd14-photos.leclercdrive.fr/image.ashx?id=2883994&use=l&cat=p&typeid=i","cat":284416},{"id":82172,"n":"Mini cônes Extrême  Vanille Caramel x8 - 312g","p":3.75,"u":"12,02 €/KG","img":"https://fd14-photos.leclercdrive.fr/image.ashx?id=2737033&use=l&cat=p&typeid=i","cat":284264},{"id":82174,"n":"Extrême  Citron Framboise - 6x71g","p":3.4,"u":"7,98 €/KG","img":"https://fd14-photos.leclercdrive.fr/image.ashx?id=2866076&use=l&cat=p&typeid=i","cat":284264},{"id":82181,"n":"Bière Mort Subite Kriek A la cerise - 33cl","p":1.4,"u":"4,24 €/L","img":"https://fd14-photos.leclercdrive.fr/image.ashx?id=2796414&use=l&cat=p&typeid=i","cat":334872},{"id":82184,"n":"Barres KINDER BUENO White  Chocolat Blanc x12 - 468g","p":8.0,"u":"17,09 €/KG","img":"https://fd14-photos.leclercdrive.fr/image.ashx?id=2679642&use=l&cat=p&typeid=i","cat":284498},{"id":82218,"n":"Emmental fromage rapé Les Croisés - 750g","p":5.98,"u":"7,97 €/KG","img":"https://fd14-photos.leclercdrive.fr/image.ashx?id=2900665&use=l&cat=p&typeid=i","cat":314035},{"id":82234,"n":"Liniment Corine de Farme Bio - 500ml","p":4.65,"u":"9,30 €/L","img":"https://fd14-photos.leclercdrive.fr/image.ashx?id=2424449&use=l&cat=p&typeid=i","cat":284741},{"id":82251,"n":"Thon MSC Naturel Petit Navire Entier -  112g","p":2.9,"u":"25,89 €/KG","img":"https://fd14-photos.leclercdrive.fr/image.ashx?id=2928357&use=l&cat=p&typeid=i","cat":303867},{"id":82264,"n":"Doonuts St Michel Pépites de chocolat - 180g","p":1.9,"u":"10,56 €/KG","img":"https://fd14-photos.leclercdrive.fr/image.ashx?id=1917782&use=l&cat=p&typeid=i","cat":284495},{"id":82265,"n":"Céréales Quaker Cruesli Chocolat - 450g","p":2.67,"u":"5,93 €/KG","img":"https://fd14-photos.leclercdrive.fr/image.ashx?id=2382791&use=l&cat=p&typeid=i","cat":309512},{"id":82281,"n":"Boulettes de boeuf Eco+ x30 - 900g","p":6.97,"u":"7,74 €/KG","img":"https://fd14-photos.leclercdrive.fr/image.ashx?id=2966529&use=l&cat=p&typeid=i","cat":319779},{"id":82283,"n":"Bière ambrée corse Pietra 6° - 33cl","p":1.6,"u":"4,85 €/L","img":"https://fd14-photos.leclercdrive.fr/image.ashx?id=2929362&use=l&cat=p&typeid=i","cat":334872},{"id":82307,"n":"Emmental d'Entremont En tranches - 150g","p":2.5,"u":"16,67 €/KG","img":"https://fd14-photos.leclercdrive.fr/image.ashx?id=2877742&use=l&cat=p&typeid=i","cat":314028},{"id":82328,"n":"Riz au lait au caramel 2x145g","p":2.45,"u":"8,45 €/KG","img":"https://fd14-photos.leclercdrive.fr/image.ashx?id=1411856&use=l&cat=p&typeid=i","cat":284418},{"id":82338,"n":"Mousse au chocolat 2x70g","p":2.95,"u":"21,07 €/KG","img":"https://fd14-photos.leclercdrive.fr/image.ashx?id=1411853&use=l&cat=p&typeid=i","cat":284417},{"id":82350,"n":"Frites fines McCain Côté Comptoir - 650g","p":2.6,"u":"4,00 €/KG","img":"https://fd14-photos.leclercdrive.fr/image.ashx?id=2693887&use=l&cat=p&typeid=i","cat":319791},{"id":82351,"n":"Frites incurvées McCain Côté Brasserie - 650g","p":2.29,"u":"3,52 €/KG","img":"https://fd14-photos.leclercdrive.fr/image.ashx?id=2927044&use=l&cat=p&typeid=i","cat":319791},{"id":82419,"n":"Pomme breizh'Pom Sans sucres ajoutés - 4x90g","p":1.85,"u":"5,14 €/KG","img":"https://fd14-photos.leclercdrive.fr/image.ashx?id=2654351&use=l&cat=p&typeid=i","cat":284508},{"id":82420,"n":"Pomme Fraise Breizh'Pom Sans sucres ajoutés -  4x90g","p":2.0,"u":"5,56 €/KG","img":"https://fd14-photos.leclercdrive.fr/image.ashx?id=2903365&use=l&cat=p&typeid=i","cat":284508},{"id":82433,"n":"Cordons Bleus Côté Croc Poulet x4 - 400g","p":3.14,"u":"7,85 €/KG","img":"https://fd14-photos.leclercdrive.fr/image.ashx?id=2801052&use=l&cat=p&typeid=i","cat":333683},{"id":82440,"n":"Boisson lactée Candy'UP Vanille - 6x20cl","p":2.45,"u":"2,04 €/L","img":"https://fd14-photos.leclercdrive.fr/image.ashx?id=2485632&use=l&cat=p&typeid=i","cat":295246},{"id":82452,"n":"Pruneaux d'Agen Maître Prunille IGP Dénoyautés - 500g","p":4.97,"u":"9,94 €/KG","img":"https://fd14-photos.leclercdrive.fr/image.ashx?id=2016023&use=l&cat=p&typeid=i","cat":284357},{"id":82516,"n":"Tomates cerises ronde Sans pesticides Savéol - 250g","p":1.69,"u":"6,76 €/KG","img":"https://fd14-photos.leclercdrive.fr/image.ashx?id=2925397&use=l&cat=p&typeid=i","cat":284352},{"id":82520,"n":"Fromage Croque emmental Président - 12 tranches - 200g","p":1.55,"u":"7,75 €/KG","img":"https://fd14-photos.leclercdrive.fr/image.ashx?id=2446356&use=l&cat=p&typeid=i","cat":314028},{"id":82522,"n":"Tranches Chaussée aux Moines  - 8 Tranches - 150g","p":2.65,"u":"17,67 €/KG","img":"https://fd14-photos.leclercdrive.fr/image.ashx?id=2884381&use=l&cat=p&typeid=i","cat":314028},{"id":82575,"n":"Bière ambrée La Goudale 7.2%vol - 6x25cl","p":5.2,"u":"3,47 €/L","img":"https://fd14-photos.leclercdrive.fr/image.ashx?id=2915521&use=l&cat=p&typeid=i","cat":334852},{"id":82611,"n":"L'Ortolan portions Fromagerie Milleret - 8 x 30 g","p":3.15,"u":"13,13 €/KG","img":"https://fd14-photos.leclercdrive.fr/image.ashx?id=1857850&use=l&cat=p&typeid=i","cat":314030},{"id":82665,"n":"Arrangé Rivière du Mât Vanille des Tropiques - 70cl","p":17.0,"pp":15.3,"u":"21,86 €/L","img":"https://fd14-photos.leclercdrive.fr/image.ashx?id=2731291&use=l&cat=p&typeid=i","cat":284551},{"id":82668,"n":"Yaourt aux fruits Activia bifidus - 8x125g","p":3.3,"u":"3,30 €/KG","img":"https://fd14-photos.leclercdrive.fr/image.ashx?id=3003146&use=l&cat=p&typeid=i","cat":315000},{"id":82669,"n":"Yaourt aux fruits bifidus Activia mangue - 4x125g","p":1.8,"u":"3,60 €/KG","img":"https://fd14-photos.leclercdrive.fr/image.ashx?id=2886642&use=l&cat=p&typeid=i","cat":315000},{"id":82670,"n":"Yaourt aux fruits bifidus Activia ananas - 4x125g","p":1.8,"u":"3,60 €/KG","img":"https://fd14-photos.leclercdrive.fr/image.ashx?id=2886639&use=l&cat=p&typeid=i","cat":315000},{"id":82672,"n":"Yaourt aux fruits bifidus Activia pruneau - 4x125g","p":1.8,"u":"3,60 €/KG","img":"https://fd14-photos.leclercdrive.fr/image.ashx?id=2886636&use=l&cat=p&typeid=i","cat":315000},{"id":82675,"n":"Yaourt aux fruits bifidus Activia mûre framboise - 4x125g","p":1.8,"u":"3,60 €/KG","img":"https://fd14-photos.leclercdrive.fr/image.ashx?id=2960651&use=l&cat=p&typeid=i","cat":315000},{"id":82676,"n":"Yaourt aux fruits bifidus Activia figue - 4x125g","p":1.8,"u":"3,60 €/KG","img":"https://fd14-photos.leclercdrive.fr/image.ashx?id=2886630&use=l&cat=p&typeid=i","cat":315000},{"id":82677,"n":"yaourt aux fruits bifidus activia fraise - 4x125g","p":1.8,"u":"3,60 €/KG","img":"https://fd14-photos.leclercdrive.fr/image.ashx?id=2886627&use=l&cat=p&typeid=i","cat":315000},{"id":82679,"n":"yaourt aux fruits bifidus activia - 12x125g","p":4.65,"img":"https://fd14-photos.leclercdrive.fr/image.ashx?id=2741721&use=l&cat=p&typeid=i","cat":315000},{"id":82745,"n":"Couches Activ+ Mots d'enfants  Taille 5 : 11/25kg - x35","p":12.99,"u":"0,37 €/P","img":"https://fd14-photos.leclercdrive.fr/image.ashx?id=2922424&use=l&cat=p&typeid=i","cat":284737},{"id":82748,"n":"Couches Activ+ Mots d'enfants  Taille 4+ 9/20kg - x37 changes","p":12.99,"u":"0,35 €/P","img":"https://fd14-photos.leclercdrive.fr/image.ashx?id=2934742&use=l&cat=p&typeid=i","cat":284737},{"id":82924,"n":"Bière Heineken 6x33cl","p":4.5,"u":"2,27 €/L","img":"https://fd14-photos.leclercdrive.fr/image.ashx?id=3008113&use=l&cat=p&typeid=i","cat":334853},{"id":83120,"n":"Bière brune Pelforth 12x25cl","p":8.4,"u":"2,80 €/L","img":"https://fd14-photos.leclercdrive.fr/image.ashx?id=2646182&use=l&cat=p&typeid=i","cat":334852},{"id":83132,"n":"Boisson lactée Tous mes amis pour chats - 3x200ml","p":2.13,"u":"3,55 €/L","img":"https://fd14-photos.leclercdrive.fr/image.ashx?id=1944634&use=l&cat=p&typeid=i","cat":285285},{"id":83303,"n":"Happy Cola Haribo Sachet bonbons - 300g","p":1.8,"u":"6,00 €/KG","img":"https://fd14-photos.leclercdrive.fr/image.ashx?id=2806087&use=l&cat=p&typeid=i","cat":304250},{"id":83350,"n":"Bonbons Haribo Moam Happy fruttis - 200g","p":1.5,"u":"7,50 €/KG","img":"https://fd14-photos.leclercdrive.fr/image.ashx?id=2984916&use=l&cat=p&typeid=i","cat":304250},{"id":83377,"n":"Pâte à tartiner Karéléa Noisette sans sucre ajouté-400g","p":4.95,"u":"12,38 €/KG","img":"https://fd14-photos.leclercdrive.fr/image.ashx?id=2888013&use=l&cat=p&typeid=i","cat":284481},{"id":83640,"n":"Beurre de baratte demi-sel Le Vieux Bourg - 80%mg - 500g","p":8.5,"u":"17,00 €/KG","img":"https://fd14-photos.leclercdrive.fr/image.ashx?id=1934316&use=l&cat=p&typeid=i","cat":284379},{"id":83787,"n":"Dessert Lacté P'TIT BRASSE BIO Poire Banane 6M+ - 4x90g","p":2.35,"u":"6,53 €/KG","img":"https://fd14-photos.leclercdrive.fr/image.ashx?id=2670866&use=l&cat=p&typeid=i","cat":312392},{"id":83790,"n":"Desserts Lactés P'TIT BRASSE BIO Pomme Pêche 6M+ - 4x90g","p":1.95,"u":"5,42 €/KG","img":"https://fd14-photos.leclercdrive.fr/image.ashx?id=2670863&use=l&cat=p&typeid=i","cat":312392},{"id":83846,"n":"Rillettes de poulet pimenté Bordeau Chesnel - 200g","p":2.09,"u":"10,45 €/KG","img":"https://fd14-photos.leclercdrive.fr/image.ashx?id=2904077&use=l&cat=p&typeid=i","cat":316008},{"id":84028,"n":"IGP Méditerranée rosé Les Calandières 12% vol BIB 3L","p":11.9,"u":"3,97 €/L","img":"https://fd14-photos.leclercdrive.fr/image.ashx?id=2997766&use=l&cat=p&typeid=i","cat":289560},{"id":84152,"n":"Pain pour Panini La Boulangère x4 - 300g","p":1.65,"u":"5,50 €/KG","img":"https://fd14-photos.leclercdrive.fr/image.ashx?id=2937457&use=l&cat=p&typeid=i","cat":284985},{"id":84158,"n":"Bonbons CARAMBAR Fruits Assortiment - 320g","p":1.72,"u":"5,38 €/KG","img":"https://fd14-photos.leclercdrive.fr/image.ashx?id=2964499&use=l&cat=p&typeid=i","cat":304250},{"id":84159,"n":"Bonbons CARAMBAR Family Assortiment - 450g","p":2.65,"u":"5,89 €/KG","img":"https://fd14-photos.leclercdrive.fr/image.ashx?id=2903446&use=l&cat=p&typeid=i","cat":304250},{"id":84160,"n":"Bonbons CARAMBAR Caramel 320g","p":1.72,"u":"5,38 €/KG","img":"https://fd14-photos.leclercdrive.fr/image.ashx?id=2770124&use=l&cat=p&typeid=i","cat":304250},{"id":84161,"n":"Bonbons LA PIE QUI CHANTE Michoko Noir - 280g","p":2.4,"u":"8,57 €/KG","img":"https://fd14-photos.leclercdrive.fr/image.ashx?id=2817842&use=l&cat=p&typeid=i","cat":304250},{"id":84178,"n":"Pur jus Tropicana Orange Pure Premium Avec Pulpe - 1.5L","p":3.29,"u":"2,19 €/L","img":"https://fd14-photos.leclercdrive.fr/image.ashx?id=2605656&use=l&cat=p&typeid=i","cat":284521},{"id":84249,"n":"Crème Bio Hydratante Sobio Etic Aloe Vera - 100ml","p":8.35,"u":"83,50 €/L","img":"https://fd14-photos.leclercdrive.fr/image.ashx?id=2787074&use=l&cat=p&typeid=i","cat":325345},{"id":84266,"n":"Crème de jour bio Sobio Etic  Hydratante à l'aloé Vera - 50ml","p":8.4,"u":"168,00 €/L","img":"https://fd14-photos.leclercdrive.fr/image.ashx?id=2802485&use=l&cat=p&typeid=i","cat":325345},{"id":84441,"n":"Trio saucissons Cévennes  Nos Régions ont du Talent 345g","p":6.69,"u":"19,39 €/KG","img":"https://fd14-photos.leclercdrive.fr/image.ashx?id=2898113&use=l&cat=p&typeid=i","cat":316006},{"id":84461,"n":"Salade poulet bacon Mix Buffet 250g","p":3.8,"u":"15,20 €/KG","img":"https://fd14-photos.leclercdrive.fr/image.ashx?id=2735578&use=l&cat=p&typeid=i","cat":333657},{"id":84703,"n":"Pruneaux mi-cuits Cotofruit 750g","p":8.99,"u":"11,99 €/KG","img":"https://fd14-photos.leclercdrive.fr/image.ashx?id=2904239&use=l&cat=p&typeid=i","cat":284357},{"id":84752,"n":"Miettes de surimi saveur crabe 200g","p":1.65,"u":"8,25 €/KG","img":"https://fd14-photos.leclercdrive.fr/image.ashx?id=2972029&use=l&cat=p&typeid=i","cat":285189},{"id":84819,"n":"Cerneaux de noix Seeberger 150g","p":4.59,"u":"30,60 €/KG","img":"https://fd14-photos.leclercdrive.fr/image.ashx?id=2950615&use=l&cat=p&typeid=i","cat":284357},{"id":84820,"n":"Minis sandwich Daunat jambon/emmental - 130g","p":1.7,"u":"13,08 €/KG","img":"https://fd14-photos.leclercdrive.fr/image.ashx?id=2951812&use=l&cat=p&typeid=i","cat":333658},{"id":84821,"n":"Wrap sauce yaourt Daunat Bacon oeuf tomate - 190g","p":2.75,"u":"14,47 €/KG","img":"https://fd14-photos.leclercdrive.fr/image.ashx?id=2962923&use=l&cat=p&typeid=i","cat":333658},{"id":84822,"n":"Mini sandwich Daunat Poulet Emmental - 130g","p":1.8,"u":"13,85 €/KG","img":"https://fd14-photos.leclercdrive.fr/image.ashx?id=2951815&use=l&cat=p&typeid=i","cat":333658},{"id":84823,"n":"Wrap Daunat façon fajitas Poulet rôti - 190g","p":2.6,"u":"13,68 €/KG","img":"https://fd14-photos.leclercdrive.fr/image.ashx?id=2532622&use=l&cat=p&typeid=i","cat":333658},{"id":84825,"n":"Le Moelleux Daunat Thon Oeuf Crudités - 230g","p":1.9,"u":"8,26 €/KG","img":"https://fd14-photos.leclercdrive.fr/image.ashx?id=2623223&use=l&cat=p&typeid=i","cat":333658},{"id":84826,"n":"Wrap Daunat sauce burger Jambon cheddar - 190g","p":2.85,"u":"15,00 €/KG","img":"https://fd14-photos.leclercdrive.fr/image.ashx?id=2962926&use=l&cat=p&typeid=i","cat":333658},{"id":84827,"n":"Wrap Daunat sauce césar  Poulet rôti - 190g","p":2.95,"u":"15,53 €/KG","img":"https://fd14-photos.leclercdrive.fr/image.ashx?id=2892709&use=l&cat=p&typeid=i","cat":333658},{"id":85022,"n":"Shampooing Naturé Moi Extra-doux - 250ml","p":2.33,"u":"9,32 €/L","img":"https://fd14-photos.leclercdrive.fr/image.ashx?id=2740673&use=l&cat=p&typeid=i","cat":284606},{"id":85032,"n":"Après-shampooing Naturé Moi Nourrissant-cheveux secs- 200ml","p":2.55,"u":"12,75 €/L","img":"https://fd14-photos.leclercdrive.fr/image.ashx?id=2741475&use=l&cat=p&typeid=i","cat":284607},{"id":85040,"n":"Shampooing sec Batiste Cherry - 200ml","p":3.55,"u":"17,75 €/L","img":"https://fd14-photos.leclercdrive.fr/image.ashx?id=2983459&use=l&cat=p&typeid=i","cat":289143},{"id":85052,"n":"Croquettes petit chien Ultima  Nature Poulet - 1,25kg","p":6.4,"u":"5,12 €/KG","img":"https://fd14-photos.leclercdrive.fr/image.ashx?id=2593164&use=l&cat=p&typeid=i","cat":294526},{"id":85059,"n":"Protection auditive Quies En mousse fluo - x16","p":5.9,"u":"0,37 €/P","img":"https://fd14-photos.leclercdrive.fr/image.ashx?id=2159511&use=l&cat=p&typeid=i","cat":284630},{"id":85106,"n":"Mayonnaise American Style Heinz  - 395g","p":2.35,"u":"5,95 €/KG","img":"https://fd14-photos.leclercdrive.fr/image.ashx?id=2927059&use=l&cat=p&typeid=i","cat":298295},{"id":85324,"n":"Lait ribot Les Grands Prés 50cl","p":1.45,"u":"2,90 €/L","img":"https://fd14-photos.leclercdrive.fr/image.ashx?id=1558342&use=l&cat=p&typeid=i","cat":285609},{"id":85328,"n":"Lait ribot Les Grands Prés 1L","p":2.05,"u":"2,05 €/L","img":"https://fd14-photos.leclercdrive.fr/image.ashx?id=1558354&use=l&cat=p&typeid=i","cat":285609},{"id":85353,"n":"Chorizo Charcuterie des Druides 200g","p":4.05,"img":"https://fd14-photos.leclercdrive.fr/image.ashx?id=2506281&use=l&cat=p&typeid=i","cat":316006},{"id":85532,"n":"Tenders de Poulet Père Dodu  Aiguillettes - 380g","p":5.25,"u":"13,82 €/KG","img":"https://fd14-photos.leclercdrive.fr/image.ashx?id=2957200&use=l&cat=p&typeid=i","cat":333684},{"id":85735,"n":"Soda au cola Pepsi Zéro sucres La bouteille de 2L","p":1.51,"pp":1.06,"u":"0,53 €/L","img":"https://fd14-photos.leclercdrive.fr/image.ashx?id=2682297&use=l&cat=p&typeid=i","cat":284530},{"id":86047,"n":"Sandwich Club Sodebo Pain Complet Rosette - 125g","p":1.5,"u":"12,00 €/KG","img":"https://fd14-photos.leclercdrive.fr/image.ashx?id=2851794&use=l&cat=p&typeid=i","cat":333658},{"id":86049,"n":"Éventail de Crevettes Pescanova ASC Sauce Cocktail - 130g","p":4.4,"u":"33,85 €/KG","img":"https://fd14-photos.leclercdrive.fr/image.ashx?id=2816871&use=l&cat=p&typeid=i","cat":284343},{"id":86050,"n":"Éventail de Crevettes Pescanova ASC Sauce Tartare - 130g","p":4.4,"u":"33,85 €/KG","img":"https://fd14-photos.leclercdrive.fr/image.ashx?id=2180067&use=l&cat=p&typeid=i","cat":284343},{"id":86082,"n":"Tabasco Vert Flacon Maille 60ml","p":3.0,"u":"50,00 €/L","img":"https://fd14-photos.leclercdrive.fr/image.ashx?id=1695339&use=l&cat=p&typeid=i","cat":289013},{"id":86208,"n":"Pâte à tartiner Nutella 1kg","p":6.62,"u":"6,62 €/KG","img":"https://fd14-photos.leclercdrive.fr/image.ashx?id=2935648&use=l&cat=p&typeid=i","cat":284481},{"id":86244,"n":"Mousse pur canard à l'ancienne 170g","p":2.75,"u":"16,18 €/KG","img":"https://fd14-photos.leclercdrive.fr/image.ashx?id=2924029&use=l&cat=p&typeid=i","cat":316008},{"id":86317,"n":"Saucisse sèche droite 250g - Charcuterie des Druides","p":4.1,"u":"16,40 €/KG","img":"https://fd14-photos.leclercdrive.fr/image.ashx?id=2506278&use=l&cat=p&typeid=i","cat":316006},{"id":86375,"n":"Rochers Suchard  Lait - 7x35g","p":4.15,"u":"16,94 €/KG","img":"https://fd14-photos.leclercdrive.fr/image.ashx?id=2950372&use=l&cat=p&typeid=i","cat":284499},{"id":86376,"n":"Rochers Suchard Noir - 7x35g","p":4.2,"u":"17,14 €/KG","img":"https://fd14-photos.leclercdrive.fr/image.ashx?id=2950375&use=l&cat=p&typeid=i","cat":284499},{"id":86411,"n":"Biscuit bio Bjorg Avoine pépites chocolat - 130g","p":2.4,"u":"18,46 €/KG","img":"https://fd14-photos.leclercdrive.fr/image.ashx?id=2999985&use=l&cat=p&typeid=i","cat":325066},{"id":86416,"n":"Confiture bio Bio Village Fruits rouges - 370g","p":2.66,"u":"7,19 €/KG","img":"https://fd14-photos.leclercdrive.fr/image.ashx?id=2965638&use=l&cat=p&typeid=i","cat":284480},{"id":86438,"n":"Dentifrice Integral 8 Signal Nature Elements Coco 75ml","p":1.78,"u":"23,73 €/L","img":"https://fd14-photos.leclercdrive.fr/image.ashx?id=2974659&use=l&cat=p&typeid=i","cat":284612},{"id":86470,"n":"Bonbons KREMA Festival Assortiment - 360g","p":2.3,"u":"6,39 €/KG","img":"https://fd14-photos.leclercdrive.fr/image.ashx?id=2817875&use=l&cat=p&typeid=i","cat":304250},{"id":86483,"n":"Bonbons La pie qui chante Menthe claire - 360g","p":1.95,"u":"5,42 €/KG","img":"https://fd14-photos.leclercdrive.fr/image.ashx?id=2817869&use=l&cat=p&typeid=i","cat":304252},{"id":86580,"n":"Gousse de vanille Sainte Lucie Poudre pot - 3g","p":3.8,"img":"https://fd14-photos.leclercdrive.fr/image.ashx?id=2774960&use=l&cat=p&typeid=i","cat":284504},{"id":86586,"n":"Pain de mie Harrys Nature extra moelleux - 500g","p":1.29,"u":"2,58 €/KG","img":"https://fd14-photos.leclercdrive.fr/image.ashx?id=2660730&use=l&cat=p&typeid=i","cat":284477},{"id":86670,"n":"Flocons d'avoine complet Bjorg bio - 900g","p":3.05,"u":"3,39 €/KG","img":"https://fd14-photos.leclercdrive.fr/image.ashx?id=2928534&use=l&cat=p&typeid=i","cat":309512},{"id":86724,"n":"Huile d'olive Bio Village Bio Vierge extra fruité - 75 cl","p":5.14,"u":"6,85 €/L","img":"https://fd14-photos.leclercdrive.fr/image.ashx?id=3005712&use=l&cat=p&typeid=i","cat":284453},{"id":86734,"n":"Cookies P'tit Déli Triple chocolat - 200g","p":1.44,"u":"7,20 €/KG","img":"https://fd14-photos.leclercdrive.fr/image.ashx?id=2529608&use=l&cat=p&typeid=i","cat":325066},{"id":86744,"n":"Mouchoirs blancs 3 plis Caresse Boîte mouchoirs papier parf x80","p":1.65,"u":"0,02 €/P","img":"https://fd14-photos.leclercdrive.fr/image.ashx?id=2837247&use=l&cat=p&typeid=i","cat":284638},{"id":86749,"n":"Rasoir Siliss 5 lames","p":6.99,"u":"3,50 €/P","img":"https://fd14-photos.leclercdrive.fr/image.ashx?id=2699732&use=l&cat=p&typeid=i","cat":325352},{"id":86779,"n":"Colin d'Alaska Pêche Océan Beurre citron - MSC - 400g","p":3.39,"u":"8,48 €/KG","img":"https://fd14-photos.leclercdrive.fr/image.ashx?id=2930126&use=l&cat=p&typeid=i","cat":319786},{"id":86784,"n":"Frites au four Pom'Lisse Pom'Steak - 600g","p":1.49,"u":"2,48 €/KG","img":"https://fd14-photos.leclercdrive.fr/image.ashx?id=2770687&use=l&cat=p&typeid=i","cat":319791},{"id":86834,"n":"Crème Solaire Spray Nivea Sun FPS 30 Protect&Bronze - 200ml","p":10.45,"u":"52,25 €/L","img":"https://fd14-photos.leclercdrive.fr/image.ashx?id=2986792&use=l&cat=p&typeid=i","cat":325355},{"id":86835,"n":"Crème Solaire Spray Nivea Sun FPS 50 Protect&Bronze - 200ml","p":12.54,"u":"62,70 €/L","img":"https://fd14-photos.leclercdrive.fr/image.ashx?id=2951986&use=l&cat=p&typeid=i","cat":325355},{"id":86905,"n":"Bière blonde 1664 5,5° - 12x33cl canettes","p":9.75,"u":"2,46 €/L","img":"https://fd14-photos.leclercdrive.fr/image.ashx?id=2246617&use=l&cat=p&typeid=i","cat":334853},{"id":86907,"n":"Lait en poudre Modilac Bébé : 2ème âge - 820g","p":14.74,"u":"17,98 €/KG","img":"https://fd14-photos.leclercdrive.fr/image.ashx?id=2873393&use=l&cat=p&typeid=i","cat":284727},{"id":86909,"n":"Lait en poudre Modilac Doucéa Bébé 0-6mois - 820g","p":17.46,"u":"21,29 €/KG","img":"https://fd14-photos.leclercdrive.fr/image.ashx?id=2997031&use=l&cat=p&typeid=i","cat":284726},{"id":86914,"n":"Fromage Camembert Isigny NRT 250g","p":2.79,"u":"11,16 €/KG","img":"https://fd14-photos.leclercdrive.fr/image.ashx?id=1961500&use=l&cat=p&typeid=i","cat":314033},{"id":86916,"n":"Lames de rasoir Carré Homme 2 lames - x10","p":1.0,"u":"0,10 €/P","img":"https://fd14-photos.leclercdrive.fr/image.ashx?id=2591721&use=l&cat=p&typeid=i","cat":284616},{"id":86917,"n":"Lames de rasoir Siliss 5 lames - x3","p":6.69,"u":"2,23 €/P","img":"https://fd14-photos.leclercdrive.fr/image.ashx?id=2699735&use=l&cat=p&typeid=i","cat":325352},{"id":86986,"n":"Sachet fraicheur chat Sheba Thon saumon en gelée - 6x50g","p":2.45,"u":"8,17 €/KG","img":"https://fd14-photos.leclercdrive.fr/image.ashx?id=2850162&use=l&cat=p&typeid=i","cat":285286},{"id":87001,"n":"Petits Pois Notre Jardin 600g","p":1.49,"u":"2,48 €/KG","img":"https://fd14-photos.leclercdrive.fr/image.ashx?id=2873156&use=l&cat=p&typeid=i","cat":319805},{"id":87038,"n":"Yaourt nature Danone 8x125g","p":1.82,"u":"1,82 €/KG","img":"https://fd14-photos.leclercdrive.fr/image.ashx?id=3001985&use=l&cat=p&typeid=i","cat":284409},{"id":87061,"n":"Boisson gourmande PAGO ACE Orange carotte citron - 75cl","p":1.6,"u":"2,13 €/L","img":"https://fd14-photos.leclercdrive.fr/image.ashx?id=2861237&use=l&cat=p&typeid=i","cat":284916},{"id":87089,"n":"Pavé Gourmand Garden Gourmet Epinards et Fromage 180g","p":2.35,"u":"13,06 €/KG","img":"https://fd14-photos.leclercdrive.fr/image.ashx?id=2971389&use=l&cat=p&typeid=i","cat":316036},{"id":87093,"n":"Eau coiffante Vitanove 150ml","p":1.99,"u":"13,27 €/L","img":"https://fd14-photos.leclercdrive.fr/image.ashx?id=2496419&use=l&cat=p&typeid=i","cat":284609},{"id":87100,"n":"Gel lavant Manava Purifiant mandarine - 300ml","p":1.19,"u":"3,97 €/L","img":"https://fd14-photos.leclercdrive.fr/image.ashx?id=2935519&use=l&cat=p&typeid=i","cat":284597},{"id":87375,"n":"Serviettes Doulys Ultra mince Nuit + large - x9","p":2.26,"u":"0,25 €/P","img":"https://fd14-photos.leclercdrive.fr/image.ashx?id=2839927&use=l&cat=p&typeid=i","cat":284624},{"id":87377,"n":"Shampooing douceur L'Arbre Vert 250ml","p":2.25,"u":"9,00 €/L","img":"https://fd14-photos.leclercdrive.fr/image.ashx?id=2886118&use=l&cat=p&typeid=i","cat":284606},{"id":87378,"n":"Shampooing detox L'Arbre Vert Cheveux gras - 250ml","p":2.25,"u":"9,00 €/L","img":"https://fd14-photos.leclercdrive.fr/image.ashx?id=2175906&use=l&cat=p&typeid=i","cat":284606},{"id":87379,"n":"Shampooing L'Arbre Vert Nutrition cheveux secs - 250ml","p":2.25,"u":"9,00 €/L","img":"https://fd14-photos.leclercdrive.fr/image.ashx?id=2885390&use=l&cat=p&typeid=i","cat":284606},{"id":87623,"n":"Langue de bœuf Larzul Sauce madère - 205g","p":4.0,"u":"19,51 €/KG","img":"https://fd14-photos.leclercdrive.fr/image.ashx?id=2469226&use=l&cat=p&typeid=i","cat":284441},{"id":87742,"n":"Yaourt bifidus Activia vanille - 16x125g","p":4.51,"u":"2,26 €/KG","img":"https://fd14-photos.leclercdrive.fr/image.ashx?id=2741757&use=l&cat=p&typeid=i","cat":315000},{"id":87883,"n":"Cherry Chouffe 33cl","p":1.95,"u":"5,91 €/L","img":"https://fd14-photos.leclercdrive.fr/image.ashx?id=2877082&use=l&cat=p&typeid=i","cat":334872},{"id":87894,"n":"Boisson énergisante Crazy Tiger Bouteille - 1L","p":1.86,"u":"1,86 €/L","img":"https://fd14-photos.leclercdrive.fr/image.ashx?id=2927555&use=l&cat=p&typeid=i","cat":284533},{"id":87923,"n":"Compotes  gourdes Pom'Potes Multivariétés - 12x90g","p":4.9,"u":"4,54 €/KG","img":"https://fd14-photos.leclercdrive.fr/image.ashx?id=3010942&use=l&cat=p&typeid=i","cat":284508},{"id":87924,"n":"Dosettes café Senseo Classique x40","p":6.44,"u":"23,25 €/KG","img":"https://fd14-photos.leclercdrive.fr/image.ashx?id=2876326&use=l&cat=p&typeid=i","cat":293238},{"id":87926,"n":"Dosettes café Senseo Doux x40","p":6.36,"u":"22,96 €/KG","img":"https://fd14-photos.leclercdrive.fr/image.ashx?id=2337567&use=l&cat=p&typeid=i","cat":293238},{"id":87927,"n":"Dosettes café Senseo Décaféiné x40","p":6.36,"u":"22,96 €/KG","img":"https://fd14-photos.leclercdrive.fr/image.ashx?id=2324921&use=l&cat=p&typeid=i","cat":293238},{"id":87930,"n":"Dosettes café Senseo Corsé x54","p":8.52,"u":"22,72 €/KG","img":"https://fd14-photos.leclercdrive.fr/image.ashx?id=2326829&use=l&cat=p&typeid=i","cat":293238},{"id":87931,"n":"Dosettes café Senseo Doux x54","p":8.35,"u":"22,27 €/KG","img":"https://fd14-photos.leclercdrive.fr/image.ashx?id=2289951&use=l&cat=p&typeid=i","cat":293238},{"id":88048,"n":"Compote Charles & Alice Pommes Bananes Vanille -4x100g","p":1.5,"u":"3,87 €/KG","img":"https://fd14-photos.leclercdrive.fr/image.ashx?id=2757698&use=l&cat=p&typeid=i","cat":284416},{"id":88050,"n":"Camembert Petit Normand 250g","p":3.15,"u":"12,60 €/KG","img":"https://fd14-photos.leclercdrive.fr/image.ashx?id=2857222&use=l&cat=p&typeid=i","cat":314033},{"id":88054,"n":"Fromage à tartiner Madame Loïk Fouetté Nat. Sel réduit - 150g","p":1.65,"pp":1.09,"u":"7,27 €/KG","img":"https://fd14-photos.leclercdrive.fr/image.ashx?id=2948018&use=l&cat=p&typeid=i","cat":314029},{"id":88062,"n":"Matière grasse Primevere Oméga 3 - 55% - 250g","p":1.46,"u":"5,84 €/KG","img":"https://fd14-photos.leclercdrive.fr/image.ashx?id=2928468&use=l&cat=p&typeid=i","cat":315229},{"id":88109,"n":"Escalope Normande Père Dodu  Poulet x2 - 200g","p":2.05,"u":"10,25 €/KG","img":"https://fd14-photos.leclercdrive.fr/image.ashx?id=2957209&use=l&cat=p&typeid=i","cat":333683},{"id":88115,"n":"yaourt à boire danonino fraise banane abricot - 6x100g","p":2.2,"u":"3,67 €/KG","img":"https://fd14-photos.leclercdrive.fr/image.ashx?id=3003143&use=l&cat=p&typeid=i","cat":284415},{"id":88206,"n":"Céréales bébé Blédine 12 mois  Vanille - 400g","p":3.34,"u":"8,35 €/KG","img":"https://fd14-photos.leclercdrive.fr/image.ashx?id=2763124&use=l&cat=p&typeid=i","cat":312225},{"id":88339,"n":"Purée de sésame Jardin Bio Tahini bio - 350g","p":6.05,"u":"17,29 €/KG","img":"https://fd14-photos.leclercdrive.fr/image.ashx?id=3000183&use=l&cat=p&typeid=i","cat":284481},{"id":88340,"n":"Berries Haribo Sachet bonbons - 200g","p":1.7,"u":"8,50 €/KG","img":"https://fd14-photos.leclercdrive.fr/image.ashx?id=2982411&use=l&cat=p&typeid=i","cat":304250},{"id":88344,"n":"Bonbons Regal'ad Krema 590g","p":3.3,"u":"5,59 €/KG","img":"https://fd14-photos.leclercdrive.fr/image.ashx?id=2806351&use=l&cat=p&typeid=i","cat":304250},{"id":88396,"n":"Matière grasse St Hubert  Omega3 - 1/2 sel - 52% MG -250g","p":2.6,"u":"10,40 €/KG","img":"https://fd14-photos.leclercdrive.fr/image.ashx?id=2886094&use=l&cat=p&typeid=i","cat":315229},{"id":88417,"n":"Matière grasse St Hubert 51%MG-Sans huile de palme -500g","p":4.7,"u":"9,40 €/KG","img":"https://fd14-photos.leclercdrive.fr/image.ashx?id=2734117&use=l&cat=p&typeid=i","cat":315229},{"id":88418,"n":"Boisson a base de thé Fresh Tea Pêche - 1L","p":0.89,"u":"0,89 €/L","img":"https://fd14-photos.leclercdrive.fr/image.ashx?id=2622275&use=l&cat=p&typeid=i","cat":295019},{"id":88446,"n":"Fromage Le Rustique Tomme  Fruitée - 280g","p":3.95,"u":"14,11 €/KG","img":"https://fd14-photos.leclercdrive.fr/image.ashx?id=2921549&use=l&cat=p&typeid=i","cat":329184},{"id":88448,"n":"Fromage à Tartiner Carré Frais  Nature 0% - 8 Portions - 200g","p":2.3,"u":"11,50 €/KG","img":"https://fd14-photos.leclercdrive.fr/image.ashx?id=2868684&use=l&cat=p&typeid=i","cat":314029},{"id":88450,"n":"Escalope Cordon Bleu Père Dodu  Dinde x2 - 200g","p":2.65,"u":"13,25 €/KG","img":"https://fd14-photos.leclercdrive.fr/image.ashx?id=2957203&use=l&cat=p&typeid=i","cat":333683},{"id":88454,"n":"Saucisson Fuet Justin Bridou  170g","p":3.15,"u":"18,53 €/KG","img":"https://fd14-photos.leclercdrive.fr/image.ashx?id=2751165&use=l&cat=p&typeid=i","cat":316006},{"id":88461,"n":"Salami Danois  Saint-Azay x16 - 160g","p":1.58,"u":"9,88 €/KG","img":"https://fd14-photos.leclercdrive.fr/image.ashx?id=2708354&use=l&cat=p&typeid=i","cat":316007},{"id":88471,"n":"Protège slip Tena Long - x20","p":2.4,"u":"0,12 €/P","img":"https://fd14-photos.leclercdrive.fr/image.ashx?id=2428588&use=l&cat=p&typeid=i","cat":284628},{"id":88548,"n":"Tartines campagne La Boulangère 450g","p":1.7,"u":"3,78 €/KG","img":"https://fd14-photos.leclercdrive.fr/image.ashx?id=2912395&use=l&cat=p&typeid=i","cat":284477},{"id":88561,"n":"Céréales bébé Blédine 6 mois  Multi céréales - 400g","p":2.47,"u":"6,18 €/KG","img":"https://fd14-photos.leclercdrive.fr/image.ashx?id=2763118&use=l&cat=p&typeid=i","cat":312225},{"id":88662,"n":"Yaourt bifidus Activia Vanille - 4x125g","p":1.6,"u":"3,20 €/KG","img":"https://fd14-photos.leclercdrive.fr/image.ashx?id=3006184&use=l&cat=p&typeid=i","cat":315000},{"id":88698,"n":"Citrons bio Bio Village Sachet x4","p":1.99,"u":"0,50 €/P","img":"https://fd14-photos.leclercdrive.fr/image.ashx?id=2805063&use=l&cat=p&typeid=i","cat":284356},{"id":88740,"n":"Yaourt bifidus Activia citron - 4x125g","p":1.6,"u":"3,20 €/KG","img":"https://fd14-photos.leclercdrive.fr/image.ashx?id=3006181&use=l&cat=p&typeid=i","cat":315000},{"id":88742,"n":"Yaourt bifidus Activia coco - 4x125g","p":1.6,"u":"3,20 €/KG","img":"https://fd14-photos.leclercdrive.fr/image.ashx?id=2886651&use=l&cat=p&typeid=i","cat":315000},{"id":88986,"n":"Barre Chocolat au Lait KitKat x6 barres - 249g","p":3.05,"u":"12,25 €/KG","img":"https://fd14-photos.leclercdrive.fr/image.ashx?id=2989426&use=l&cat=p&typeid=i","cat":284498},{"id":89089,"n":"Boisson végétale Alpro Soja sans sucres - 1L","p":1.5,"u":"1,50 €/L","img":"https://fd14-photos.leclercdrive.fr/image.ashx?id=2980082&use=l&cat=p&typeid=i","cat":316067},{"id":89090,"n":"Boisson végétale Alpro Soja - 1L","p":1.5,"u":"1,50 €/L","img":"https://fd14-photos.leclercdrive.fr/image.ashx?id=2977681&use=l&cat=p&typeid=i","cat":316067},{"id":89094,"n":"Boisson végétale lait d'amande grillée sans sucre alpro - 1l","p":2.05,"u":"2,05 €/L","img":"https://fd14-photos.leclercdrive.fr/image.ashx?id=2985543&use=l&cat=p&typeid=i","cat":316067},{"id":89190,"n":"Carotte Bio Bio Village 1kg","p":1.89,"u":"1,89 €/KG","img":"https://fd14-photos.leclercdrive.fr/image.ashx?id=1457160&use=l&cat=p&typeid=i","cat":284352},{"id":89316,"n":"Fromage Carré de Normandie NRT 200g","p":2.1,"u":"10,50 €/KG","img":"https://fd14-photos.leclercdrive.fr/image.ashx?id=2488377&use=l&cat=p&typeid=i","cat":314033},{"id":89329,"n":"Dentifrice Aquafresh Triple protection menthe - 75ml","p":1.25,"u":"16,67 €/L","img":"https://fd14-photos.leclercdrive.fr/image.ashx?id=2487614&use=l&cat=p&typeid=i","cat":284612},{"id":89336,"n":"Cire coiffante Vitanove Effet mat - 75ml","p":2.19,"u":"29,20 €/L","img":"https://fd14-photos.leclercdrive.fr/image.ashx?id=2791314&use=l&cat=p&typeid=i","cat":284609},{"id":89337,"n":"Cire coiffante Vitanove Brillance - 75ml","p":2.19,"u":"29,20 €/L","img":"https://fd14-photos.leclercdrive.fr/image.ashx?id=2780683&use=l&cat=p&typeid=i","cat":284609},{"id":89338,"n":"Soin anti-rides Inell Q10 Jour - 50ml","p":2.49,"u":"49,80 €/L","img":"https://fd14-photos.leclercdrive.fr/image.ashx?id=2822132&use=l&cat=p&typeid=i","cat":325345},{"id":89344,"n":"Serviettes Normal Doulys Ultra mince - x28","p":2.07,"u":"0,07 €/P","img":"https://fd14-photos.leclercdrive.fr/image.ashx?id=2789143&use=l&cat=p&typeid=i","cat":284624},{"id":89345,"n":"Serviettes Super Doulys Ultra mince - x24","p":1.83,"u":"0,08 €/P","img":"https://fd14-photos.leclercdrive.fr/image.ashx?id=2839931&use=l&cat=p&typeid=i","cat":284624},{"id":89346,"n":"Serviettes Nuit Doulys Ultra mince - x20","p":2.55,"u":"0,13 €/P","img":"https://fd14-photos.leclercdrive.fr/image.ashx?id=2839935&use=l&cat=p&typeid=i","cat":284624},{"id":89483,"n":"Salade & Cie Sodebo Stockhlom Saumon Pâtes - 320g","p":3.85,"u":"12,03 €/KG","img":"https://fd14-photos.leclercdrive.fr/image.ashx?id=2795722&use=l&cat=p&typeid=i","cat":333657},{"id":89503,"n":"Mélange de fruits secs  Seeberger - 150g","p":3.29,"u":"21,93 €/KG","img":"https://fd14-photos.leclercdrive.fr/image.ashx?id=2950636&use=l&cat=p&typeid=i","cat":316002},{"id":89571,"n":"Duo cocoon lot de 2 Shorty Well Blanc - Taille 36/38","p":15.9,"u":"5,30 €/P","img":"https://fd14-photos.leclercdrive.fr/image.ashx?id=2056437&use=l&cat=p&typeid=i","cat":291524},{"id":89574,"n":"Duo cocoon lot de 2 Shorty Well Noir - Taille 36/38","p":15.9,"u":"7,95 €/P","img":"https://fd14-photos.leclercdrive.fr/image.ashx?id=2056446&use=l&cat=p&typeid=i","cat":291524},{"id":89580,"n":"Duo cocoon lot de 2 Shorty Well Noir - Taille 44/46","p":15.9,"u":"7,95 €/P","img":"https://fd14-photos.leclercdrive.fr/image.ashx?id=2056452&use=l&cat=p&typeid=i","cat":291524},{"id":89585,"n":"Duo cocoon lot de 2 slips Well Blanc - Taille 36/38","p":13.9,"u":"6,95 €/P","img":"https://fd14-photos.leclercdrive.fr/image.ashx?id=2953462&use=l&cat=p&typeid=i","cat":291524},{"id":89587,"n":"Duo cocoon lot de 2 slips Well Blanc - Taille 40/42","p":13.9,"u":"6,95 €/P","img":"https://fd14-photos.leclercdrive.fr/image.ashx?id=2953465&use=l&cat=p&typeid=i","cat":291524},{"id":89590,"n":"Duo cocoon lot de 2 slips Well Blanc - Taille 44/46","p":13.9,"u":"6,95 €/P","img":"https://fd14-photos.leclercdrive.fr/image.ashx?id=2953468&use=l&cat=p&typeid=i","cat":291524},{"id":89593,"n":"Duo cocoon lot de 2 slips Well Noir - Taille 36/38","p":13.9,"u":"6,95 €/P","img":"https://fd14-photos.leclercdrive.fr/image.ashx?id=2953471&use=l&cat=p&typeid=i","cat":291524},{"id":89596,"n":"Duo cocoon lot de 2 slips Well Noir - Taille 40/42","p":13.9,"u":"6,95 €/P","img":"https://fd14-photos.leclercdrive.fr/image.ashx?id=2953474&use=l&cat=p&typeid=i","cat":291524},{"id":89598,"n":"Duo cocoon lot de 2 slips Well Noir - Taille 44/46","p":13.9,"u":"6,95 €/P","img":"https://fd14-photos.leclercdrive.fr/image.ashx?id=2953477&use=l&cat=p&typeid=i","cat":291524},{"id":89660,"n":"Xtrem Box Sodebo Radiatori  4 Fromages - 400g","p":3.4,"u":"8,50 €/KG","img":"https://fd14-photos.leclercdrive.fr/image.ashx?id=2631591&use=l&cat=p&typeid=i","cat":334983},{"id":89686,"n":"Taboulé poulet rôti Bonduelle 500g","p":2.8,"u":"5,60 €/KG","img":"https://fd14-photos.leclercdrive.fr/image.ashx?id=2904694&use=l&cat=p&typeid=i","cat":333657},{"id":89854,"n":"boisson végétale lait d'amande bio bjorg 50cl","p":1.55,"u":"3,10 €/L","img":"https://fd14-photos.leclercdrive.fr/image.ashx?id=2276870&use=l&cat=p&typeid=i","cat":316067},{"id":89867,"n":"Boisson Bjorg Avoine, calcium - Bio - 500ml","p":1.45,"u":"2,90 €/L","img":"https://fd14-photos.leclercdrive.fr/image.ashx?id=2973631&use=l&cat=p&typeid=i","cat":316067},{"id":89897,"n":"Boisson Végétale lait d'amande grillée bio - 1l","p":2.65,"u":"2,65 €/L","img":"https://fd14-photos.leclercdrive.fr/image.ashx?id=2912065&use=l&cat=p&typeid=i","cat":316067},{"id":89953,"n":"Entonnoir Curver Rouge - Grand modèle","p":1.4,"img":"https://fd14-photos.leclercdrive.fr/image.ashx?id=1870276&use=l&cat=p&typeid=i","cat":334135},{"id":90038,"n":"Pains au chocolat pur beurre  8x1P","p":5.2,"u":"0,65 €/P","img":"https://fd14-photos.leclercdrive.fr/image.ashx?id=2070881&use=l&cat=p&typeid=i","cat":284984},{"id":90056,"n":"Quinotto Jardin Bio Bio légumes parmesan - 220g","p":2.28,"u":"10,36 €/KG","img":"https://fd14-photos.leclercdrive.fr/image.ashx?id=2535421&use=l&cat=p&typeid=i","cat":287600},{"id":90057,"n":"Couscous Jardin Bio Poulet et curcuma bio - 220g","p":2.2,"u":"10,00 €/KG","img":"https://fd14-photos.leclercdrive.fr/image.ashx?id=2177052&use=l&cat=p&typeid=i","cat":287600},{"id":90078,"n":"Compotes Pom'Potes Gourdes BIO  Multivariétés - 12x90g","p":7.1,"u":"6,57 €/KG","img":"https://fd14-photos.leclercdrive.fr/image.ashx?id=2961861&use=l&cat=p&typeid=i","cat":284508},{"id":90120,"n":"Crème Saint Agur  155g","p":2.57,"u":"16,58 €/KG","img":"https://fd14-photos.leclercdrive.fr/image.ashx?id=2760014&use=l&cat=p&typeid=i","cat":314029},{"id":90121,"n":"Fromage Caprice des Anges  Frais et Fondant - 200g","p":3.05,"u":"15,25 €/KG","img":"https://fd14-photos.leclercdrive.fr/image.ashx?id=2734837&use=l&cat=p&typeid=i","cat":314029},{"id":90122,"n":"Camembert Coeur de Lion 250g","p":1.97,"u":"7,88 €/KG","img":"https://fd14-photos.leclercdrive.fr/image.ashx?id=3008185&use=l&cat=p&typeid=i","cat":314033},{"id":90182,"n":"Savon Bionaïa Lait d'anesse - 100g","p":1.72,"u":"17,20 €/KG","img":"https://fd14-photos.leclercdrive.fr/image.ashx?id=2491047&use=l&cat=p&typeid=i","cat":284597},{"id":90188,"n":"Cremio Box Sodebo Poulet à l'Emmental - 280g","p":2.35,"u":"8,39 €/KG","img":"https://fd14-photos.leclercdrive.fr/image.ashx?id=2679068&use=l&cat=p&typeid=i","cat":334983},{"id":90236,"n":"Terrine Familia Wiss Le Parfait Contenance de 200g - x6","p":11.83,"u":"1,97 €/P","img":"https://fd14-photos.leclercdrive.fr/image.ashx?id=2807477&use=l&cat=p&typeid=i","cat":284710},{"id":90237,"n":"Bière blonde Delirium Red 8% vol. - 33cl","p":2.4,"u":"7,27 €/L","img":"https://fd14-photos.leclercdrive.fr/image.ashx?id=2381300&use=l&cat=p&typeid=i","cat":334872},{"id":90240,"n":"Terrine Familia Wiss Le Parfait Contenance de 500g - x6","p":17.95,"u":"2,99 €/P","img":"https://fd14-photos.leclercdrive.fr/image.ashx?id=2503701&use=l&cat=p&typeid=i","cat":284710},{"id":90248,"n":"Boite fraîcheur Snips Rectangulaire - 0.5L - x3","p":2.9,"u":"0,97 €/P","img":"https://fd14-photos.leclercdrive.fr/image.ashx?id=1781996&use=l&cat=p&typeid=i","cat":284710},{"id":90250,"n":"Boite fraîcheur Snips Rectangulaire - 1L - x3","p":3.5,"u":"1,17 €/P","img":"https://fd14-photos.leclercdrive.fr/image.ashx?id=1781999&use=l&cat=p&typeid=i","cat":284710},{"id":90251,"n":"Bière blonde Secret des Moines Triple 8%vol. - 33cl","p":1.7,"u":"5,15 €/L","img":"https://fd14-photos.leclercdrive.fr/image.ashx?id=2685066&use=l&cat=p&typeid=i","cat":334872},{"id":90279,"n":"Moule à tarte  Revêtement antiadhésif - 30cm","p":6.33,"img":"https://fd14-photos.leclercdrive.fr/image.ashx?id=2805996&use=l&cat=p&typeid=i","cat":298490},{"id":90280,"n":"Plaque à pâtisserie Homeside 38x28cm","p":7.9,"img":"https://fd14-photos.leclercdrive.fr/image.ashx?id=2833041&use=l&cat=p&typeid=i","cat":298490},{"id":90306,"n":"Moule à charlotte Aluminium revêtu - 18cm","p":5.5,"img":"https://fd14-photos.leclercdrive.fr/image.ashx?id=2833035&use=l&cat=p&typeid=i","cat":298490},{"id":90481,"n":"Eau infusée Bio Volvic  Hibiscus litchti passion - 75cl","p":1.4,"u":"1,87 €/L","img":"https://fd14-photos.leclercdrive.fr/image.ashx?id=2500437&use=l&cat=p&typeid=i","cat":284537},{"id":90544,"n":"Viande bovine : Rôti ** -   600GR","p":12.54,"u":"20,90 €/KG","img":"https://fd14-photos.leclercdrive.fr/image.ashx?id=760097&use=l&cat=p&typeid=i","cat":284328},{"id":90547,"n":"Croquettes chat Purina One Chat Stérilisé Truite/Blé-1.5kg","p":6.85,"u":"4,57 €/KG","img":"https://fd14-photos.leclercdrive.fr/image.ashx?id=2488064&use=l&cat=p&typeid=i","cat":284680},{"id":90553,"n":"Sauce Tables du Monde Tikka Massala - 350g","p":1.75,"u":"5,00 €/KG","img":"https://fd14-photos.leclercdrive.fr/image.ashx?id=2485095&use=l&cat=p&typeid=i","cat":288992},{"id":90627,"n":"Tofu Céréal Bio Bio Nature - 250g","p":2.3,"u":"9,20 €/KG","img":"https://fd14-photos.leclercdrive.fr/image.ashx?id=2890145&use=l&cat=p&typeid=i","cat":316036},{"id":90662,"n":"Nuggets poulet Nature de France Bio - 200g","p":4.85,"u":"24,25 €/KG","img":"https://fd14-photos.leclercdrive.fr/image.ashx?id=2967818&use=l&cat=p&typeid=i","cat":333684},{"id":90670,"n":"Muesli fruits bio sans sucres  ajoutés Terres et Céréales-1kg","p":4.95,"u":"4,95 €/KG","img":"https://fd14-photos.leclercdrive.fr/image.ashx?id=2858455&use=l&cat=p&typeid=i","cat":309512},{"id":90673,"n":"Pâte à tartiner Alter Eco Bio Sans huile de palme - 270g","p":3.36,"u":"12,44 €/KG","img":"https://fd14-photos.leclercdrive.fr/image.ashx?id=2264195&use=l&cat=p&typeid=i","cat":284481},{"id":90675,"n":"Crème dessert Mont Blanc Boîte Chocolat - 570g","p":2.3,"u":"4,04 €/KG","img":"https://fd14-photos.leclercdrive.fr/image.ashx?id=3011614&use=l&cat=p&typeid=i","cat":284506},{"id":90676,"n":"Crème dessert Mont Blanc Boîte Vanille - 570g","p":2.3,"u":"4,04 €/KG","img":"https://fd14-photos.leclercdrive.fr/image.ashx?id=3008830&use=l&cat=p&typeid=i","cat":284506},{"id":90689,"n":"Lotus Biscoff Speculoos Biscuit Pocket 248g (16x2p)","p":2.0,"u":"8,06 €/KG","img":"https://fd14-photos.leclercdrive.fr/image.ashx?id=2694986&use=l&cat=p&typeid=i","cat":284487},{"id":90697,"n":"Boisson Coco Végé 1L Végé - 200g","p":1.75,"u":"1,75 €/L","img":"https://fd14-photos.leclercdrive.fr/image.ashx?id=2869516&use=l&cat=p&typeid=i","cat":316067},{"id":90734,"n":"Salade coffret Mix Buffet Poulet - 320g","p":4.5,"u":"14,06 €/KG","img":"https://fd14-photos.leclercdrive.fr/image.ashx?id=2735584&use=l&cat=p&typeid=i","cat":333657},{"id":90735,"n":"Salade coffret Mix Buffet Jambon speck - 320 g","p":4.45,"u":"13,91 €/KG","img":"https://fd14-photos.leclercdrive.fr/image.ashx?id=2735581&use=l&cat=p&typeid=i","cat":333657},{"id":90750,"n":"Déodorant homme bille Sanex Men Natur Protect Respect - 50ml","p":2.69,"u":"53,80 €/L","img":"https://fd14-photos.leclercdrive.fr/image.ashx?id=2684644&use=l&cat=p&typeid=i","cat":284618},{"id":90777,"n":"Crème visage La Provençale Bio Jouvence Anti-Âge - 50ml","p":8.63,"u":"172,60 €/L","img":"https://fd14-photos.leclercdrive.fr/image.ashx?id=2950357&use=l&cat=p&typeid=i","cat":325345},{"id":90811,"n":"Soupe Liquide Bouteille Liebig  Velouté Potiron - 75cl","p":2.22,"u":"2,96 €/L","img":"https://fd14-photos.leclercdrive.fr/image.ashx?id=2842555&use=l&cat=p&typeid=i","cat":284462},{"id":90847,"n":"Dosettes café Senseo Grand Mère Corsé x54","p":5.3,"u":"14,89 €/KG","img":"https://fd14-photos.leclercdrive.fr/image.ashx?id=2745817&use=l&cat=p&typeid=i","cat":293238},{"id":90877,"n":"Barre Têtes-Brûlées Cola Framboise Kitache - 200g","p":1.8,"u":"9,00 €/KG","img":"https://fd14-photos.leclercdrive.fr/image.ashx?id=2981148&use=l&cat=p&typeid=i","cat":304250},{"id":90993,"n":"Soda Pepsi Regular - 2L","p":1.43,"pp":1.0,"u":"0,50 €/L","img":"https://fd14-photos.leclercdrive.fr/image.ashx?id=1583915&use=l&cat=p&typeid=i","cat":284530},{"id":91027,"n":"Chips Tortilla Old El Paso Nachips maxi format - 300g","p":3.6,"u":"12,00 €/KG","img":"https://fd14-photos.leclercdrive.fr/image.ashx?id=2737696&use=l&cat=p&typeid=i","cat":288993},{"id":91176,"n":"Lait Démaquillant Nivea Visage&Yeux Camomille - 200ml","p":4.02,"u":"20,10 €/L","img":"https://fd14-photos.leclercdrive.fr/image.ashx?id=2836097&use=l&cat=p&typeid=i","cat":284603},{"id":91177,"n":"Démaquillant Yeux biphase Nivea Sensibles Waterproof - 125ml","p":2.51,"u":"20,08 €/L","img":"https://fd14-photos.leclercdrive.fr/image.ashx?id=2953944&use=l&cat=p&typeid=i","cat":284603},{"id":91178,"n":"Crème visage Jour FPS 15 Nivea Nourrissante Peau Sèche - 50ml","p":3.95,"u":"79,00 €/L","img":"https://fd14-photos.leclercdrive.fr/image.ashx?id=3014605&use=l&cat=p&typeid=i","cat":325345},{"id":91221,"n":"Pâtes Fusili Panzani Créatives - 500G","p":1.14,"u":"2,28 €/KG","img":"https://fd14-photos.leclercdrive.fr/image.ashx?id=2902942&use=l&cat=p&typeid=i","cat":284427},{"id":91290,"n":"After Eight Chocolat Noël Saveur orange - 400g","p":6.2,"u":"15,50 €/KG","img":"https://fd14-photos.leclercdrive.fr/image.ashx?id=2401327&use=l&cat=p&typeid=i","cat":327595},{"id":91485,"n":"Riz long Comptoir du Grain Express 2 min - 250g","p":0.99,"u":"3,96 €/KG","img":"https://fd14-photos.leclercdrive.fr/image.ashx?id=2441393&use=l&cat=p&typeid=i","cat":287600},{"id":91554,"n":"Blé Riz quinoa Céréal Bio  Bio repas express 220g","p":1.95,"u":"8,86 €/KG","img":"https://fd14-photos.leclercdrive.fr/image.ashx?id=2662844&use=l&cat=p&typeid=i","cat":287600},{"id":91557,"n":"Lentilles Riz Soja Céréal Bio Bio repas express-250g","p":1.85,"u":"7,40 €/KG","img":"https://fd14-photos.leclercdrive.fr/image.ashx?id=2575084&use=l&cat=p&typeid=i","cat":287600},{"id":91585,"n":"Bicarbonate de soude Briochin Ecocert - 500g","p":3.6,"u":"7,20 €/KG","img":"https://fd14-photos.leclercdrive.fr/image.ashx?id=3000749&use=l&cat=p&typeid=i","cat":325365},{"id":91603,"n":"Gel pur So Bio Etic Aloe Vera bio - 125ml","p":7.65,"u":"61,20 €/L","img":"https://fd14-photos.leclercdrive.fr/image.ashx?id=2802497&use=l&cat=p&typeid=i","cat":325345},{"id":91605,"n":"Soin nutritif So Bio Etic Aloe Vera bio - 50ml","p":8.3,"u":"166,00 €/L","img":"https://fd14-photos.leclercdrive.fr/image.ashx?id=2992128&use=l&cat=p&typeid=i","cat":325345},{"id":91768,"n":"Roquefort AOP Société Fromage de brebis - 100g","p":2.4,"u":"24,00 €/KG","img":"https://fd14-photos.leclercdrive.fr/image.ashx?id=2729701&use=l&cat=p&typeid=i","cat":314032},{"id":91776,"n":"Crème UHT Elle&Vire Semi-Ep. Entière - 30% MG - 3x20cl","p":3.95,"u":"6,58 €/L","img":"https://fd14-photos.leclercdrive.fr/image.ashx?id=2979866&use=l&cat=p&typeid=i","cat":284381},{"id":91806,"n":"petit suisse aux fruits danonino - 24x50g","p":4.25,"u":"3,54 €/KG","img":"https://fd14-photos.leclercdrive.fr/image.ashx?id=2865602&use=l&cat=p&typeid=i","cat":284414},{"id":91807,"n":"petit suisse aux fruits danonino - 12x50g","p":2.3,"u":"3,83 €/KG","img":"https://fd14-photos.leclercdrive.fr/image.ashx?id=3003140&use=l&cat=p&typeid=i","cat":284414},{"id":91809,"n":"Yaourts bio - Les 300&Bio Mûre Myrtille - 4x125g","p":1.85,"u":"3,70 €/KG","img":"https://fd14-photos.leclercdrive.fr/image.ashx?id=2845452&use=l&cat=p&typeid=i","cat":284410},{"id":91810,"n":"Fromage blanc nature Les 300 Laitiers Bio - 4x100g","p":1.85,"u":"4,63 €/KG","img":"https://fd14-photos.leclercdrive.fr/image.ashx?id=2502323&use=l&cat=p&typeid=i","cat":284409},{"id":91814,"n":"Pommes bicolores bio Bio Village Barquette x4","p":1.99,"u":"0,50 €/P","img":"https://fd14-photos.leclercdrive.fr/image.ashx?id=2556538&use=l&cat=p&typeid=i","cat":284356},{"id":91939,"n":"Thon blanc Mouettes d'Arvor Au naturel - 160g","p":4.15,"u":"25,94 €/KG","img":"https://fd14-photos.leclercdrive.fr/image.ashx?id=1901740&use=l&cat=p&typeid=i","cat":303867},{"id":92027,"n":"Tablette chocolat au lait Lindt Caramel Pointe de sel - 100g","p":2.33,"u":"23,30 €/KG","img":"https://fd14-photos.leclercdrive.fr/image.ashx?id=2750384&use=l&cat=p&typeid=i","cat":284497},{"id":92225,"n":"Filet de poulet  Les Éleveurs de l'Ouest - 240g","p":3.7,"u":"15,42 €/KG","img":"https://fd14-photos.leclercdrive.fr/image.ashx?id=2606677&use=l&cat=p&typeid=i","cat":284336},{"id":92227,"n":"Filet de poulet  Les Éleveurs de l'Ouest - 720g","p":9.99,"u":"13,88 €/KG","img":"https://fd14-photos.leclercdrive.fr/image.ashx?id=2701794&use=l&cat=p&typeid=i","cat":284336},{"id":92228,"n":"Aiguilette poulet  Les Éleveurs de l'Ouest - 240g","p":3.79,"u":"15,79 €/KG","img":"https://fd14-photos.leclercdrive.fr/image.ashx?id=1745555&use=l&cat=p&typeid=i","cat":284336},{"id":92229,"n":"Cuisse de poulet Les Éleveurs de l'Ouest - 1kg","p":6.65,"u":"6,65 €/KG","img":"https://fd14-photos.leclercdrive.fr/image.ashx?id=1745537&use=l&cat=p&typeid=i","cat":284336},{"id":92230,"n":"Haut cuisse poulet Les Éleveurs de l'Ouest - 1kg","p":7.29,"u":"7,29 €/KG","img":"https://fd14-photos.leclercdrive.fr/image.ashx?id=1745558&use=l&cat=p&typeid=i","cat":284336},{"id":92231,"n":"Pilon de poulet  Les Éleveurs de l'Ouest - 1kg","p":7.29,"u":"7,29 €/KG","img":"https://fd14-photos.leclercdrive.fr/image.ashx?id=1745561&use=l&cat=p&typeid=i","cat":284336},{"id":92304,"n":"Soupe Saveurs d'Antan Knorr Poule vermicelles - 30cl","p":1.1,"u":"3,67 €/L","img":"https://fd14-photos.leclercdrive.fr/image.ashx?id=2738275&use=l&cat=p&typeid=i","cat":284462},{"id":92351,"n":"Crème mains Inell Réparatrice - 100ml","p":1.4,"u":"14,00 €/L","img":"https://fd14-photos.leclercdrive.fr/image.ashx?id=2822135&use=l&cat=p&typeid=i","cat":325354},{"id":92356,"n":"Serviettes Hygieniques Vania  Maxi confort super - x16","p":1.75,"u":"0,11 €/P","img":"https://fd14-photos.leclercdrive.fr/image.ashx?id=2908168&use=l&cat=p&typeid=i","cat":284624},{"id":92454,"n":"Mini bûche Eskiss Fruits rouge x6 - 328g","p":2.29,"u":"6,98 €/KG","img":"https://fd14-photos.leclercdrive.fr/image.ashx?id=2790994&use=l&cat=p&typeid=i","cat":284266},{"id":92516,"n":"Poélée Légume Wok Notre Jardin Inde - 1kg","p":3.99,"u":"3,99 €/KG","img":"https://fd14-photos.leclercdrive.fr/image.ashx?id=2803957&use=l&cat=p&typeid=i","cat":319823},{"id":92529,"n":"Échalotes traditionnelles bio  Bio Village - 250g","p":1.48,"u":"5,92 €/KG","img":"https://fd14-photos.leclercdrive.fr/image.ashx?id=2922454&use=l&cat=p&typeid=i","cat":284352},{"id":92533,"n":"Céréales Quaker Cruesli Chocolat au lait - 450g","p":2.7,"u":"6,00 €/KG","img":"https://fd14-photos.leclercdrive.fr/image.ashx?id=2212156&use=l&cat=p&typeid=i","cat":309512},{"id":92693,"n":"Gel douche Mixa Bébé  Très Doux Corps Cheveux - 750ml","p":6.6,"u":"8,80 €/L","img":"https://fd14-photos.leclercdrive.fr/image.ashx?id=2316210&use=l&cat=p&typeid=i","cat":284740},{"id":92782,"n":"Thé glacé Fuze Tea Saveur pêche - 1.25L","p":1.55,"u":"1,24 €/L","img":"https://fd14-photos.leclercdrive.fr/image.ashx?id=2940390&use=l&cat=p&typeid=i","cat":295019},{"id":92842,"n":"Mélange 4 huiles Rustica Végétales - 50cl","p":1.79,"u":"3,58 €/L","img":"https://fd14-photos.leclercdrive.fr/image.ashx?id=2508885&use=l&cat=p&typeid=i","cat":284453},{"id":92861,"n":"Crème Visage Jour FPS 15 Nivea Hydratante - 50ml","p":3.95,"u":"79,00 €/L","img":"https://fd14-photos.leclercdrive.fr/image.ashx?id=3015335&use=l&cat=p&typeid=i","cat":325345},{"id":92910,"n":"Tranches pour raclette Sans croûte nature - 700g","p":8.8,"u":"12,57 €/KG","img":"https://fd14-photos.leclercdrive.fr/image.ashx?id=2951743&use=l&cat=p&typeid=i","cat":314037},{"id":93022,"n":"Bière blonde Heineken 20x25cl","p":12.4,"u":"2,48 €/L","img":"https://fd14-photos.leclercdrive.fr/image.ashx?id=3011074&use=l&cat=p&typeid=i","cat":334873},{"id":93023,"n":"Bière blonde Heineken 12x25cl","p":7.5,"u":"2,50 €/L","img":"https://fd14-photos.leclercdrive.fr/image.ashx?id=3011080&use=l&cat=p&typeid=i","cat":334873},{"id":93030,"n":"Concombre Bio Bio Village x1","p":2.07,"img":"https://fd14-photos.leclercdrive.fr/image.ashx?id=2334257&use=l&cat=p&typeid=i","cat":284352},{"id":93038,"n":"Jambon cru 4 tranches Aoste sans conservateur - 100g","p":3.95,"u":"39,50 €/KG","img":"https://fd14-photos.leclercdrive.fr/image.ashx?id=2937187&use=l&cat=p&typeid=i","cat":316007},{"id":93041,"n":"Fromage Caprice Des Dieux 300g","p":3.6,"u":"12,00 €/KG","img":"https://fd14-photos.leclercdrive.fr/image.ashx?id=2763178&use=l&cat=p&typeid=i","cat":314033},{"id":93043,"n":"Crème dessert Bio village Bio - 4x95g  - Vanille","p":1.32,"u":"3,47 €/KG","img":"https://fd14-photos.leclercdrive.fr/image.ashx?id=2992648&use=l&cat=p&typeid=i","cat":285041},{"id":93050,"n":"Poivron Bicolore bio Bio Village x2","p":1.99,"u":"1,00 €/P","img":"https://fd14-photos.leclercdrive.fr/image.ashx?id=2960541&use=l&cat=p&typeid=i","cat":284352},{"id":93070,"n":"Crème dessert Bio Bio village Chocolat - 4x95g","p":1.25,"u":"3,29 €/KG","img":"https://fd14-photos.leclercdrive.fr/image.ashx?id=2992645&use=l&cat=p&typeid=i","cat":285041},{"id":93076,"n":"Bûche glacée L'Angelys  Caramel beurre salé Poire 500g","p":8.9,"u":"17,80 €/KG","img":"https://fd14-photos.leclercdrive.fr/image.ashx?id=2963661&use=l&cat=p&typeid=i","cat":284266},{"id":93079,"n":"Bûche glacée L'Angelys Fruits rouges et exotiques - 500g","p":8.9,"u":"17,80 €/KG","img":"https://fd14-photos.leclercdrive.fr/image.ashx?id=2963664&use=l&cat=p&typeid=i","cat":284266},{"id":93091,"n":"Bûche glacée Eskiss Vanille Caramel Pécan - 534g","p":3.89,"u":"7,28 €/KG","img":"https://fd14-photos.leclercdrive.fr/image.ashx?id=2974816&use=l&cat=p&typeid=i","cat":284266},{"id":93108,"n":"Bière Desperados Pack de 12x33cl","p":14.45,"u":"3,65 €/L","img":"https://fd14-photos.leclercdrive.fr/image.ashx?id=2983123&use=l&cat=p&typeid=i","cat":334878},{"id":93109,"n":"Bière Desperados Pack de 6x33cl","p":7.2,"u":"3,64 €/L","img":"https://fd14-photos.leclercdrive.fr/image.ashx?id=2999865&use=l&cat=p&typeid=i","cat":334878},{"id":93112,"n":"Coulommiers Cœur de Lion  350g","p":2.6,"u":"7,43 €/KG","img":"https://fd14-photos.leclercdrive.fr/image.ashx?id=2766286&use=l&cat=p&typeid=i","cat":314033},{"id":93121,"n":"Escalope Cordon Bleu Père Dodu  Dinde x4 - 400g - Familial","p":4.85,"u":"12,13 €/KG","img":"https://fd14-photos.leclercdrive.fr/image.ashx?id=2957206&use=l&cat=p&typeid=i","cat":333683},{"id":93289,"n":"Mayonnaise fraîche Delouis 110g","p":1.4,"u":"12,73 €/KG","img":"https://fd14-photos.leclercdrive.fr/image.ashx?id=1748711&use=l&cat=p&typeid=i","cat":284382},{"id":93290,"n":"Mayonnaise fraîche  Delouis - 350g","p":2.7,"u":"7,71 €/KG","img":"https://fd14-photos.leclercdrive.fr/image.ashx?id=2054067&use=l&cat=p&typeid=i","cat":284382},{"id":93310,"n":"Yaourt bifidus Activia vanille - 12x125g","p":4.1,"u":"2,73 €/KG","img":"https://fd14-photos.leclercdrive.fr/image.ashx?id=2999835&use=l&cat=p&typeid=i","cat":315000},{"id":93398,"n":"Plat bébé Blédina 12 mois  Butternut dinde - 2x200g","p":2.48,"u":"6,20 €/KG","img":"https://fd14-photos.leclercdrive.fr/image.ashx?id=2975086&use=l&cat=p&typeid=i","cat":312237},{"id":93401,"n":"Bière blonde pression Heineken Fût de 5L","p":17.5,"u":"3,50 €/L","img":"https://fd14-photos.leclercdrive.fr/image.ashx?id=2646194&use=l&cat=p&typeid=i","cat":334879},{"id":93405,"n":"IGP Pays d'Oc Grenache vin rosé Vieux Carion 12% vol - BIB 3L","p":7.99,"u":"2,66 €/L","img":"https://fd14-photos.leclercdrive.fr/image.ashx?id=2353375&use=l&cat=p&typeid=i","cat":289560},{"id":93466,"n":"Crème UHT Elle&Vire Fluide Entière - 30% MG - 2x25cl","p":3.3,"u":"6,60 €/L","img":"https://fd14-photos.leclercdrive.fr/image.ashx?id=3008548&use=l&cat=p&typeid=i","cat":284381},{"id":93514,"n":"Frites de poulet Maître Coq 1 kg","p":5.55,"u":"5,55 €/KG","img":"https://fd14-photos.leclercdrive.fr/image.ashx?id=2939478&use=l&cat=p&typeid=i","cat":319780},{"id":93520,"n":"Signature Crispers McCain Pommes de terre - 650g","p":2.65,"u":"4,08 €/KG","img":"https://fd14-photos.leclercdrive.fr/image.ashx?id=2752224&use=l&cat=p&typeid=i","cat":319791},{"id":93543,"n":"Emincés de jambon Saint-Azay 100g","p":1.93,"u":"19,30 €/KG","img":"https://fd14-photos.leclercdrive.fr/image.ashx?id=2381438&use=l&cat=p&typeid=i","cat":316011},{"id":93547,"n":"Long Nuggets Père Dodu  Poulet x8 - 200g","p":2.5,"u":"12,50 €/KG","img":"https://fd14-photos.leclercdrive.fr/image.ashx?id=2957188&use=l&cat=p&typeid=i","cat":333684},{"id":93574,"n":"Kit pour Burritos 510g","p":2.81,"u":"5,51 €/KG","img":"https://fd14-photos.leclercdrive.fr/image.ashx?id=2679774&use=l&cat=p&typeid=i","cat":288993},{"id":93596,"n":"Cidre bouché Envies De Doux - 75cl","p":2.57,"pp":1.7,"u":"2,27 €/L","img":"https://fd14-photos.leclercdrive.fr/image.ashx?id=2908978&use=l&cat=p&typeid=i","cat":334880},{"id":93600,"n":"Dessert végétal soja Alpro Nature à la coco - 500g","p":1.65,"u":"3,30 €/KG","img":"https://fd14-photos.leclercdrive.fr/image.ashx?id=2976080&use=l&cat=p&typeid=i","cat":316071},{"id":93624,"n":"Papier toilette Mimosa Blanc 3 plis - x12","p":4.61,"u":"0,38 €/P","img":"https://fd14-photos.leclercdrive.fr/image.ashx?id=2811869&use=l&cat=p&typeid=i","cat":284634},{"id":93625,"n":"Papier toilette Mimosa Rose 3 plis - x12","p":4.69,"u":"0,39 €/P","img":"https://fd14-photos.leclercdrive.fr/image.ashx?id=2837250&use=l&cat=p&typeid=i","cat":284634},{"id":93636,"n":"Fromage RichesMonts Raclette  Caractère 18 Tranches - 420g","p":6.1,"u":"14,52 €/KG","img":"https://fd14-photos.leclercdrive.fr/image.ashx?id=2953812&use=l&cat=p&typeid=i","cat":314037},{"id":93685,"n":"Noix St Jacques Ronde des mers Sans Corail - MSC - 300g","p":12.1,"u":"40,33 €/KG","img":"https://fd14-photos.leclercdrive.fr/image.ashx?id=2545930&use=l&cat=p&typeid=i","cat":319787},{"id":93689,"n":"Noix St Jacques Ronde des mers Sans Corail - MSC - 300g","p":12.1,"u":"40,33 €/KG","img":"https://fd14-photos.leclercdrive.fr/image.ashx?id=2632885&use=l&cat=p&typeid=i","cat":319787},{"id":93690,"n":"Nems à la Crevette et Crabe Tables du Monde x4 - 280g","p":2.04,"u":"7,29 €/KG","img":"https://fd14-photos.leclercdrive.fr/image.ashx?id=2853898&use=l&cat=p&typeid=i","cat":333673},{"id":93750,"n":"Ratatouille Cuisinée Cassegrain à la Provençale 380g","p":2.83,"u":"7,45 €/KG","img":"https://fd14-photos.leclercdrive.fr/image.ashx?id=2970831&use=l&cat=p&typeid=i","cat":312612},{"id":93776,"n":"Sauce tomate bio Jardin Bio Provençale - 510g","p":3.25,"u":"6,37 €/KG","img":"https://fd14-photos.leclercdrive.fr/image.ashx?id=2977435&use=l&cat=p&typeid=i","cat":287599},{"id":93788,"n":"Escalope Cordon Bleu Père Dodu  Poulet x2 - 200g","p":2.1,"u":"10,50 €/KG","img":"https://fd14-photos.leclercdrive.fr/image.ashx?id=2957170&use=l&cat=p&typeid=i","cat":333683},{"id":93790,"n":"Sauce tomate bio Jardin Bio Basilic - 510g","p":3.15,"u":"6,18 €/KG","img":"https://fd14-photos.leclercdrive.fr/image.ashx?id=2918832&use=l&cat=p&typeid=i","cat":287599},{"id":93819,"n":"Poêlée de légume Notre Jardin Wok cuisiné Asie - 1kg","p":3.59,"u":"3,59 €/KG","img":"https://fd14-photos.leclercdrive.fr/image.ashx?id=2878600&use=l&cat=p&typeid=i","cat":319823},{"id":93851,"n":"Petit Pois Tendres et Fondants Cassegrain 280g","p":1.8,"u":"6,43 €/KG","img":"https://fd14-photos.leclercdrive.fr/image.ashx?id=2955318&use=l&cat=p&typeid=i","cat":312607},{"id":93854,"n":"Aubergines Cuisinées Cassegrain à la Provençale 375g","p":2.9,"u":"7,73 €/KG","img":"https://fd14-photos.leclercdrive.fr/image.ashx?id=2962086&use=l&cat=p&typeid=i","cat":312612},{"id":93857,"n":"Répare crevaison TECH9 500ml","p":6.9,"u":"13,80 €/L","img":"https://fd14-photos.leclercdrive.fr/image.ashx?id=2162489&use=l&cat=p&typeid=i","cat":298252},{"id":93951,"n":"Huile fine TECH9 Multi-usage - 125ml","p":1.95,"u":"15,60 €/L","img":"https://fd14-photos.leclercdrive.fr/image.ashx?id=1543706&use=l&cat=p&typeid=i","cat":298253},{"id":94052,"n":"Haricot Vert Cassegrain Extra Fin Ceuillis main 220g","p":2.05,"u":"9,32 €/KG","img":"https://fd14-photos.leclercdrive.fr/image.ashx?id=2955321&use=l&cat=p&typeid=i","cat":312606},{"id":94073,"n":"Savon noir Le Briochin Liquide - 1L+33% offert","p":2.48,"u":"1,86 €/L","img":"https://fd14-photos.leclercdrive.fr/image.ashx?id=2613495&use=l&cat=p&typeid=i","cat":325365},{"id":94115,"n":"Compotes Pommes Andros 5x740g+740g offert - 4.4kg","p":10.45,"u":"2,35 €/KG","img":"https://fd14-photos.leclercdrive.fr/image.ashx?id=2735407&use=l&cat=p&typeid=i","cat":284508},{"id":94163,"n":"Comté AOP Entremont Tranché - 120g","p":2.7,"u":"22,50 €/KG","img":"https://fd14-photos.leclercdrive.fr/image.ashx?id=2983141&use=l&cat=p&typeid=i","cat":314028},{"id":94210,"n":"Raclette piment Ermitage 200g","p":2.7,"u":"13,50 €/KG","img":"https://fd14-photos.leclercdrive.fr/image.ashx?id=2416697&use=l&cat=p&typeid=i","cat":314037},{"id":94215,"n":"Raclette aux cèpes  Ermitage - 200g","p":2.7,"u":"13,50 €/KG","img":"https://fd14-photos.leclercdrive.fr/image.ashx?id=2544206&use=l&cat=p&typeid=i","cat":314037},{"id":94324,"n":"Rôti de porc Fleury Michon -25% de sel sans nitrite x6 - 210g","p":3.8,"u":"18,10 €/KG","img":"https://fd14-photos.leclercdrive.fr/image.ashx?id=2335505&use=l&cat=p&typeid=i","cat":316009},{"id":94489,"n":"Lames Wilkinson Quattro Titanium Sensitive - x4","p":8.6,"u":"2,15 €/P","img":"https://fd14-photos.leclercdrive.fr/image.ashx?id=2451405&use=l&cat=p&typeid=i","cat":284616},{"id":94643,"n":"Brassé végétal Andros Framboise - 400g","p":2.35,"u":"5,88 €/KG","img":"https://fd14-photos.leclercdrive.fr/image.ashx?id=2879089&use=l&cat=p&typeid=i","cat":316071},{"id":94644,"n":"Brassé végétal Andros Ananas - 4x100g","p":2.35,"u":"5,88 €/KG","img":"https://fd14-photos.leclercdrive.fr/image.ashx?id=2283249&use=l&cat=p&typeid=i","cat":316071},{"id":94801,"n":"Oeufs frais De Nos Régions Élevées au Sol - x12","p":2.71,"u":"0,23 €/P","img":"https://fd14-photos.leclercdrive.fr/image.ashx?id=2969842&use=l&cat=p&typeid=i","cat":284378},{"id":94859,"n":"Yaourt à la grecque YAOS  Stracciatella - 4x125g","p":2.45,"u":"4,90 €/KG","img":"https://fd14-photos.leclercdrive.fr/image.ashx?id=2679506&use=l&cat=p&typeid=i","cat":314999},{"id":94860,"n":"Oeufs frais De Nos Régions Élevées au sol - x6","p":1.49,"u":"0,25 €/P","img":"https://fd14-photos.leclercdrive.fr/image.ashx?id=2969815&use=l&cat=p&typeid=i","cat":284378},{"id":94919,"n":"Matière grasse St Hubert Omega 3 - 51% MG - 250g","p":2.5,"u":"10,00 €/P","img":"https://fd14-photos.leclercdrive.fr/image.ashx?id=2734111&use=l&cat=p&typeid=i","cat":315229},{"id":95077,"n":"Gel anti-calcaire Calgon  Hygiène Plus - 750ml","p":4.95,"u":"6,60 €/L","img":"https://fd14-photos.leclercdrive.fr/image.ashx?id=2953767&use=l&cat=p&typeid=i","cat":284653},{"id":95524,"n":"Essuie-tout bobine Mimosa 500 feuilles","p":3.69,"img":"https://fd14-photos.leclercdrive.fr/image.ashx?id=1523297&use=l&cat=p&typeid=i","cat":284635},{"id":95534,"n":"Saumon fumé Ronde des Mers Ecosse x4T - 140g","p":4.99,"u":"35,64 €/KG","img":"https://fd14-photos.leclercdrive.fr/image.ashx?id=2450056&use=l&cat=p&typeid=i","cat":285188},{"id":95563,"n":"Crème Fleurette entière Yoplait 30%mg - 38cl","p":1.95,"img":"https://fd14-photos.leclercdrive.fr/image.ashx?id=2733658&use=l&cat=p&typeid=i","cat":284381},{"id":95564,"n":"Crème fraîche légère Yoplait Fleurette 15% mg - 38cl","p":1.7,"u":"4,47 €/L","img":"https://fd14-photos.leclercdrive.fr/image.ashx?id=2733664&use=l&cat=p&typeid=i","cat":284381},{"id":95582,"n":"Papier toilette Mimosa Blanc 2 plis - x6","p":2.95,"u":"0,49 €/P","img":"https://fd14-photos.leclercdrive.fr/image.ashx?id=2796538&use=l&cat=p&typeid=i","cat":284634},{"id":95584,"n":"Dentifrice dentavie Bio Gencives sensibles - 75ml","p":3.35,"u":"44,67 €/L","img":"https://fd14-photos.leclercdrive.fr/image.ashx?id=2494764&use=l&cat=p&typeid=i","cat":284612},{"id":95585,"n":"Déodorant bille bio SoBio Etic Peaux sensibles et épilées-50ml","p":4.85,"u":"97,00 €/L","img":"https://fd14-photos.leclercdrive.fr/image.ashx?id=2740124&use=l&cat=p&typeid=i","cat":284595},{"id":95610,"n":"Pizza Del Gusto Mix Chèvre lardons - 380g","p":5.3,"u":"13,95 €/KG","img":"https://fd14-photos.leclercdrive.fr/image.ashx?id=2579050&use=l&cat=p&typeid=i","cat":333679},{"id":95811,"n":"Mascara Waterproof L'OréalParis Lash Paradise Noir","p":13.47,"img":"https://fd14-photos.leclercdrive.fr/image.ashx?id=2559589&use=l&cat=p&typeid=i","cat":287029},{"id":95817,"n":"Dessert végétal soja alpro Nature à l'amande - 500g","p":1.65,"u":"3,30 €/KG","img":"https://fd14-photos.leclercdrive.fr/image.ashx?id=2977684&use=l&cat=p&typeid=i","cat":316071},{"id":95840,"n":"Orange à déguster bio Bio Village Sachet x4","p":2.49,"u":"0,62 €/P","img":"https://fd14-photos.leclercdrive.fr/image.ashx?id=2801061&use=l&cat=p&typeid=i","cat":284356},{"id":95945,"n":"Pommes bicolores Panier du Primeur Barquette x6","p":1.49,"u":"0,25 €/P","img":"https://fd14-photos.leclercdrive.fr/image.ashx?id=2553920&use=l&cat=p&typeid=i","cat":284356},{"id":95946,"n":"Pommes vertes Panier du Primeur Barquette x6","p":1.49,"u":"0,25 €/P","img":"https://fd14-photos.leclercdrive.fr/image.ashx?id=2338703&use=l&cat=p&typeid=i","cat":284356},{"id":95947,"n":"Pommes jaunes Panier du Primeur x6","p":1.49,"u":"0,25 €/P","img":"https://fd14-photos.leclercdrive.fr/image.ashx?id=2338700&use=l&cat=p&typeid=i","cat":284356},{"id":95975,"n":"Liquide vaisselle Visior Pomme poire - 750ml","p":1.19,"u":"1,59 €/L","img":"https://fd14-photos.leclercdrive.fr/image.ashx?id=2872718&use=l&cat=p&typeid=i","cat":284655},{"id":95976,"n":"Liquide vaisselle Visior Fruit rouge & Fleur - 750ml","p":1.19,"u":"1,59 €/L","img":"https://fd14-photos.leclercdrive.fr/image.ashx?id=2724586&use=l&cat=p&typeid=i","cat":284655},{"id":95977,"n":"Liquide vaisselle Visior Amande Calendula - 750ml","p":1.26,"u":"1,68 €/L","img":"https://fd14-photos.leclercdrive.fr/image.ashx?id=2872721&use=l&cat=p&typeid=i","cat":284655},{"id":95978,"n":"Liquide vaisselle Visior Pamplemousse vinaigre - 750ml","p":1.3,"u":"1,73 €/L","img":"https://fd14-photos.leclercdrive.fr/image.ashx?id=2898859&use=l&cat=p&typeid=i","cat":284655},{"id":95979,"n":"Gel douche Manava Orchidée Camélia - 250ml","p":1.15,"u":"4,60 €/L","img":"https://fd14-photos.leclercdrive.fr/image.ashx?id=2805033&use=l&cat=p&typeid=i","cat":284594},{"id":96035,"n":"Yaourts brassés Bio Les 300&Bio Pêche / Abricot  4x125g","p":1.85,"u":"3,70 €/KG","img":"https://fd14-photos.leclercdrive.fr/image.ashx?id=2502320&use=l&cat=p&typeid=i","cat":284410},{"id":96089,"n":"Gel douche Manava Citron basilic - 250ml","p":1.15,"u":"4,60 €/L","img":"https://fd14-photos.leclercdrive.fr/image.ashx?id=2626823&use=l&cat=p&typeid=i","cat":284594},{"id":96091,"n":"Gel douche Manava Concombre aloe vera - 250ml","p":1.2,"u":"4,80 €/L","img":"https://fd14-photos.leclercdrive.fr/image.ashx?id=2626826&use=l&cat=p&typeid=i","cat":284594},{"id":96094,"n":"Gel douche Manava Mangue Acai - 250ml","p":0.95,"u":"3,80 €/L","img":"https://fd14-photos.leclercdrive.fr/image.ashx?id=2805036&use=l&cat=p&typeid=i","cat":284594},{"id":96095,"n":"Gel douche Manava Envolée de pétales - 250ml","p":1.15,"u":"4,60 €/L","img":"https://fd14-photos.leclercdrive.fr/image.ashx?id=1980232&use=l&cat=p&typeid=i","cat":284594},{"id":96096,"n":"Gel douche Manava Crumble fruits rouges - 250ml","p":1.29,"u":"5,16 €/L","img":"https://fd14-photos.leclercdrive.fr/image.ashx?id=2486464&use=l&cat=p&typeid=i","cat":284594},{"id":96097,"n":"Gel douche Manava Noisettes caramel - 250ml","p":1.29,"u":"5,16 €/L","img":"https://fd14-photos.leclercdrive.fr/image.ashx?id=2805039&use=l&cat=p&typeid=i","cat":284594},{"id":96131,"n":"Soda Eco+ Gout orange - 1.5L","p":0.37,"u":"0,25 €/L","img":"https://fd14-photos.leclercdrive.fr/image.ashx?id=2034512&use=l&cat=p&typeid=i","cat":284532},{"id":96284,"n":"Pois chiches - 3x130g","p":1.65,"u":"4,23 €/KG","img":"https://fd14-photos.leclercdrive.fr/image.ashx?id=3002626&use=l&cat=p&typeid=i","cat":312609},{"id":96289,"n":"Biscuit apéritif ancel Sticks Bretzels Original - 300g","p":1.7,"u":"5,67 €/KG","img":"https://fd14-photos.leclercdrive.fr/image.ashx?id=2841196&use=l&cat=p&typeid=i","cat":297000},{"id":96291,"n":"Mini Brioche Burger x10 - 200g","p":1.8,"u":"9,00 €/KG","img":"https://fd14-photos.leclercdrive.fr/image.ashx?id=2735284&use=l&cat=p&typeid=i","cat":325067},{"id":96416,"n":"Sauce soja Kikkoman 250ml","p":4.35,"u":"17,40 €/L","img":"https://fd14-photos.leclercdrive.fr/image.ashx?id=2544952&use=l&cat=p&typeid=i","cat":288992},{"id":96419,"n":"Sauce soja Kikkoman Réduite en sel - 250ml","p":3.9,"u":"15,60 €/L","img":"https://fd14-photos.leclercdrive.fr/image.ashx?id=2843547&use=l&cat=p&typeid=i","cat":288992},{"id":96423,"n":"Sauce Teriyaki Kikkoman Grillade et marinade - 250ml","p":3.95,"u":"15,80 €/L","img":"https://fd14-photos.leclercdrive.fr/image.ashx?id=2857917&use=l&cat=p&typeid=i","cat":288992},{"id":96742,"n":"Marrons entier Roger Descours Bocal - 420g","p":5.1,"u":"12,14 €/KG","img":"https://fd14-photos.leclercdrive.fr/image.ashx?id=1748996&use=l&cat=p&typeid=i","cat":312612},{"id":96770,"n":"Eau minérale gazeuse Quézac  6x50cl","p":2.3,"u":"0,77 €/L","img":"https://fd14-photos.leclercdrive.fr/image.ashx?id=2884618&use=l&cat=p&typeid=i","cat":284536},{"id":96787,"n":"IGP Foie gras de canard entier Sud-Ouest Mi-cuit - 180g","p":15.9,"u":"88,33 €/KG","img":"https://fd14-photos.leclercdrive.fr/image.ashx?id=2634055&use=l&cat=p&typeid=i","cat":316008},{"id":96802,"n":"Foie gras canard IGP Quercy Nos Régions ont du Talent 200g","p":19.9,"u":"99,50 €/KG","img":"https://fd14-photos.leclercdrive.fr/image.ashx?id=2993594&use=l&cat=p&typeid=i","cat":316008},{"id":96920,"n":"Câbles de démarrage TECH9 25mm2","p":18.95,"img":"https://fd14-photos.leclercdrive.fr/image.ashx?id=2162561&use=l&cat=p&typeid=i","cat":298252},{"id":96923,"n":"Câbles de démarrage TECH9 35mm2","p":29.95,"img":"https://fd14-photos.leclercdrive.fr/image.ashx?id=2162564&use=l&cat=p&typeid=i","cat":298252},{"id":96935,"n":"Saumon fumé Ronde des Mers Ecosse x2T - 75g","p":3.99,"u":"53,20 €/KG","img":"https://fd14-photos.leclercdrive.fr/image.ashx?id=2823093&use=l&cat=p&typeid=i","cat":285188},{"id":96936,"n":"Saumon fumé Ronde des Mers Ecosse x6T - 200g","p":8.2,"u":"41,00 €/KG","img":"https://fd14-photos.leclercdrive.fr/image.ashx?id=2450059&use=l&cat=p&typeid=i","cat":285188},{"id":96938,"n":"Saumon fumé Ronde des Mers ASC Norvège x6T - 210g","p":8.5,"u":"40,48 €/KG","img":"https://fd14-photos.leclercdrive.fr/image.ashx?id=2833129&use=l&cat=p&typeid=i","cat":285188},{"id":96959,"n":"Pains au chocolat Epi d'Or x6 - 450g","p":2.95,"u":"6,56 €/KG","img":"https://fd14-photos.leclercdrive.fr/image.ashx?id=1983598&use=l&cat=p&typeid=i","cat":284267},{"id":97033,"n":"Gel Bain douche Manava Fleur de cerisier - 500ml","p":2.19,"u":"4,38 €/L","img":"https://fd14-photos.leclercdrive.fr/image.ashx?id=2618356&use=l&cat=p&typeid=i","cat":284594},{"id":97045,"n":"Thon entier Petit Navire Au naturel - 2x93g","p":3.15,"u":"16,94 €/KG","img":"https://fd14-photos.leclercdrive.fr/image.ashx?id=2961837&use=l&cat=p&typeid=i","cat":303867},{"id":97060,"n":"Tagada Haribo Sachet bonbons - 400g","p":1.7,"u":"4,25 €/KG","img":"https://fd14-photos.leclercdrive.fr/image.ashx?id=2801854&use=l&cat=p&typeid=i","cat":304250},{"id":97124,"n":"Manchons de poulet Eco+ 250g","p":2.17,"u":"8,68 €/KG","img":"https://fd14-photos.leclercdrive.fr/image.ashx?id=2742676&use=l&cat=p&typeid=i","cat":333685},{"id":97130,"n":"Manchons de poulet Eco+ Mexicains - 250g","p":2.03,"u":"8,12 €/KG","img":"https://fd14-photos.leclercdrive.fr/image.ashx?id=2903929&use=l&cat=p&typeid=i","cat":333685},{"id":97360,"n":"Gyoza Ajinomoto Poulet & légumes - 212g","p":4.15,"u":"19,58 €/KG","img":"https://fd14-photos.leclercdrive.fr/image.ashx?id=2590327&use=l&cat=p&typeid=i","cat":319774},{"id":97671,"n":"Thé russian Earl Grey Twinings 150g","p":6.35,"u":"42,33 €/KG","img":"https://fd14-photos.leclercdrive.fr/image.ashx?id=2950729&use=l&cat=p&typeid=i","cat":293233},{"id":97675,"n":"Coffret Tea Twinings Breakfast - 200g","p":5.55,"u":"27,75 €/KG","img":"https://fd14-photos.leclercdrive.fr/image.ashx?id=2961206&use=l&cat=p&typeid=i","cat":293233},{"id":97677,"n":"Thé Twinings English breakfast x25 - 40g","p":2.75,"u":"68,75 €/KG","img":"https://fd14-photos.leclercdrive.fr/image.ashx?id=2893027&use=l&cat=p&typeid=i","cat":293233},{"id":97679,"n":"Country crisp Jordans Fruit & Noix - 500g","p":3.15,"u":"6,30 €/KG","img":"https://fd14-photos.leclercdrive.fr/image.ashx?id=2958881&use=l&cat=p&typeid=i","cat":309512},{"id":98098,"n":"Liquide vaisselle Visior Antiodeur - 500ml","p":0.64,"u":"1,28 €/L","img":"https://fd14-photos.leclercdrive.fr/image.ashx?id=2951122&use=l&cat=p&typeid=i","cat":284655},{"id":98103,"n":"Chèvres chauds Soignon x8 - 200g","p":3.85,"u":"19,25 €/KG","img":"https://fd14-photos.leclercdrive.fr/image.ashx?id=2680710&use=l&cat=p&typeid=i","cat":314027},{"id":98251,"n":"Liquide Vaisselle Brillance  VISIOR - 500ml","p":0.64,"u":"1,28 €/L","img":"https://fd14-photos.leclercdrive.fr/image.ashx?id=2951125&use=l&cat=p&typeid=i","cat":284655},{"id":98252,"n":"Liquide vaisselle Visior Antibactérien - 500ml","p":0.64,"u":"1,28 €/L","img":"https://fd14-photos.leclercdrive.fr/image.ashx?id=2951131&use=l&cat=p&typeid=i","cat":284655},{"id":98253,"n":"Liquide vaisselle Visior Désincrustant sel - 500ml","p":0.64,"u":"1,28 €/L","img":"https://fd14-photos.leclercdrive.fr/image.ashx?id=2951128&use=l&cat=p&typeid=i","cat":284655},{"id":98370,"n":"Huîtres 12 pièces pour 1kg minimum","p":9.9,"u":"9,90 €/KG","img":"https://fd14-photos.leclercdrive.fr/image.ashx?id=591188&use=l&cat=p&typeid=i","cat":284343},{"id":98417,"n":"Liquide vaisselle floral Visior 500ml","p":0.64,"u":"1,28 €/L","img":"https://fd14-photos.leclercdrive.fr/image.ashx?id=2951134&use=l&cat=p&typeid=i","cat":284655},{"id":98437,"n":"Chorizo fort Eco+ 250g","p":1.63,"u":"6,52 €/KG","img":"https://fd14-photos.leclercdrive.fr/image.ashx?id=2694079&use=l&cat=p&typeid=i","cat":316006},{"id":98438,"n":"Kiwis Bio Bio Village x6","p":3.99,"u":"0,67 €/P","img":"https://fd14-photos.leclercdrive.fr/image.ashx?id=2556443&use=l&cat=p&typeid=i","cat":284356},{"id":98440,"n":"Rôti de porc Fleury Michon -25% sel sans nitrite x4 - 160g","p":3.2,"u":"20,00 €/KG","img":"https://fd14-photos.leclercdrive.fr/image.ashx?id=2334569&use=l&cat=p&typeid=i","cat":316009},{"id":98443,"n":"Soda Coca-Cola Original Bouteille - Pack 6x1L","p":10.2,"u":"1,70 €/L","img":"https://fd14-photos.leclercdrive.fr/image.ashx?id=2830897&use=l&cat=p&typeid=i","cat":284530},{"id":98468,"n":"Yaourt à la grecque Délisse Vanille - 8x125g","p":3.58,"u":"3,58 €/KG","img":"https://fd14-photos.leclercdrive.fr/image.ashx?id=2699738&use=l&cat=p&typeid=i","cat":314999},{"id":98476,"n":"Escalope Éleveurs de l'Ouest Dinde certifiée x2 - 120g","p":3.99,"u":"16,63 €/KG","img":"https://fd14-photos.leclercdrive.fr/image.ashx?id=1749131&use=l&cat=p&typeid=i","cat":284337},{"id":98477,"n":"Escalope Éleveurs de l'Ouest Dinde extra fine x2 - 120g","p":4.15,"u":"17,29 €/KG","img":"https://fd14-photos.leclercdrive.fr/image.ashx?id=1749134&use=l&cat=p&typeid=i","cat":284337},{"id":98479,"n":"Escalope Éleveurs de l'Ouest Dinde extra fine x6 - 120g","p":10.45,"u":"14,51 €/KG","img":"https://fd14-photos.leclercdrive.fr/image.ashx?id=1749137&use=l&cat=p&typeid=i","cat":284337},{"id":98499,"n":"Saumon fumé Petit Navire Ecosse - 4 tranches - 120g","p":6.5,"u":"54,17 €/KG","img":"https://fd14-photos.leclercdrive.fr/image.ashx?id=2950474&use=l&cat=p&typeid=i","cat":285188},{"id":98620,"n":"Roulé Ail/fines herbes Rians 28% mg - 200g","p":2.8,"u":"14,00 €/KG","img":"https://fd14-photos.leclercdrive.fr/image.ashx?id=2477259&use=l&cat=p&typeid=i","cat":314029},{"id":98681,"n":"Porc au caramel Agis Avec riz thaï - 330g","p":3.95,"u":"11,97 €/KG","img":"https://fd14-photos.leclercdrive.fr/image.ashx?id=3008452&use=l&cat=p&typeid=i","cat":333665},{"id":98693,"n":"Masque Pieds Très Hydratant Huile de noix de coco - 1 paire","p":2.99,"img":"https://fd14-photos.leclercdrive.fr/image.ashx?id=3011011&use=l&cat=p&typeid=i","cat":325354},{"id":98746,"n":"Mousse Maronsui's La Laitière Crème de marrons - 4x68,8g","p":1.75,"u":"6,36 €/KG","img":"https://fd14-photos.leclercdrive.fr/image.ashx?id=2729755&use=l&cat=p&typeid=i","cat":284417},{"id":98807,"n":"Purée fruit bébé Blédina 6 mois Pomme cerise vanille - 4x100g","p":1.6,"u":"4,00 €/KG","img":"https://fd14-photos.leclercdrive.fr/image.ashx?id=2983024&use=l&cat=p&typeid=i","cat":312388},{"id":98809,"n":"Cornichons Maille Pasteurisés fin - 300g","p":3.1,"u":"10,33 €/KG","img":"https://fd14-photos.leclercdrive.fr/image.ashx?id=2082579&use=l&cat=p&typeid=i","cat":284458},{"id":98811,"n":"Comprimé antibactérien Polident x36","p":2.3,"u":"0,06 €/P","img":"https://fd14-photos.leclercdrive.fr/image.ashx?id=2303843&use=l&cat=p&typeid=i","cat":285158},{"id":98813,"n":"Dentifrice Parodontax Soin blancheur - 75ml","p":3.62,"u":"48,27 €/L","img":"https://fd14-photos.leclercdrive.fr/image.ashx?id=2606391&use=l&cat=p&typeid=i","cat":284612},{"id":98814,"n":"Dentifrice Parodontax Soin quotidien - 75ml","p":3.64,"u":"48,53 €/L","img":"https://fd14-photos.leclercdrive.fr/image.ashx?id=2606394&use=l&cat=p&typeid=i","cat":284612},{"id":98822,"n":"Purée fruit bébé Blédina 6 mois Pomme kiwi ananas - 4x100g","p":1.6,"u":"4,00 €/KG","img":"https://fd14-photos.leclercdrive.fr/image.ashx?id=2983030&use=l&cat=p&typeid=i","cat":312388},{"id":98828,"n":"Purée fruit bébé Blédina 6 mois Pomme poire mandarine - 4x100g","p":1.64,"u":"4,10 €/KG","img":"https://fd14-photos.leclercdrive.fr/image.ashx?id=2983033&use=l&cat=p&typeid=i","cat":312388},{"id":98831,"n":"Purée fruit bébé Blédina 6 mois Harmonie de fruits - 4x100g","p":1.78,"u":"4,45 €/KG","img":"https://fd14-photos.leclercdrive.fr/image.ashx?id=2983036&use=l&cat=p&typeid=i","cat":312388},{"id":98836,"n":"Purée fruit bébé Blédina 6 mois Pomme poire vanille - 12x100g","p":5.01,"u":"4,18 €/KG","img":"https://fd14-photos.leclercdrive.fr/image.ashx?id=2983045&use=l&cat=p&typeid=i","cat":312388},{"id":98837,"n":"Purée fruit bébé Blédina 6 mois Pomme fraises banane - 4x100g","p":1.78,"u":"4,45 €/KG","img":"https://fd14-photos.leclercdrive.fr/image.ashx?id=2983048&use=l&cat=p&typeid=i","cat":312388},{"id":98872,"n":"Boisson Thé Glacé FuzeTea Mangue Camomille - 1,25L","p":1.55,"u":"1,24 €/L","img":"https://fd14-photos.leclercdrive.fr/image.ashx?id=2997220&use=l&cat=p&typeid=i","cat":295019},{"id":98875,"n":"Thé glacé Fuze Tea  Pêche Hibiscus - 1,25L","p":1.55,"u":"1,24 €/L","img":"https://fd14-photos.leclercdrive.fr/image.ashx?id=2940393&use=l&cat=p&typeid=i","cat":295019},{"id":99202,"n":"Soupe miso déshydratée Wakame Tofu Algues - 58g","p":3.1,"u":"53,45 €/KG","img":"https://fd14-photos.leclercdrive.fr/image.ashx?id=2834695&use=l&cat=p&typeid=i","cat":288992},{"id":99215,"n":"Beurre traditionnel Elle & Vire Demi-sel - 80% MG - 250g","p":2.95,"u":"11,80 €/KG","img":"https://fd14-photos.leclercdrive.fr/image.ashx?id=2833645&use=l&cat=p&typeid=i","cat":284379},{"id":99248,"n":"Bouillon Kub Or Maggi 32 cubes - 128g","p":1.21,"u":"9,45 €/KG","img":"https://fd14-photos.leclercdrive.fr/image.ashx?id=2692737&use=l&cat=p&typeid=i","cat":288379},{"id":99509,"n":"Bonbons La Vosgienne Miel citron - 125g","p":2.0,"u":"16,00 €/KG","img":"https://fd14-photos.leclercdrive.fr/image.ashx?id=2083516&use=l&cat=p&typeid=i","cat":304256},{"id":99545,"n":"Mogettes bio Bio VIllage 215g","p":1.69,"u":"7,86 €/KG","img":"https://fd14-photos.leclercdrive.fr/image.ashx?id=3002680&use=l&cat=p&typeid=i","cat":312606},{"id":99562,"n":"Haricots verts Eco  Très fins - 440g","p":1.02,"u":"2,32 €/KG","img":"https://fd14-photos.leclercdrive.fr/image.ashx?id=3003723&use=l&cat=p&typeid=i","cat":312606},{"id":99564,"n":"Haricots Blancs à la tomate 800g","p":1.07,"u":"2,02 €/KG","img":"https://fd14-photos.leclercdrive.fr/image.ashx?id=3003735&use=l&cat=p&typeid=i","cat":312606},{"id":99574,"n":"Poêlée savoyarde  900g","p":3.99,"u":"4,43 €/KG","img":"https://fd14-photos.leclercdrive.fr/image.ashx?id=2478931&use=l&cat=p&typeid=i","cat":319823},{"id":99703,"n":"Eau micellaire Diadermine Hydratant - 400ml","p":4.25,"u":"10,63 €/L","img":"https://fd14-photos.leclercdrive.fr/image.ashx?id=2549624&use=l&cat=p&typeid=i","cat":284603},{"id":99852,"n":"Mouliné d'Antan aux légumes Verts bio - 2X30cl","p":2.35,"u":"3,92 €/L","img":"https://fd14-photos.leclercdrive.fr/image.ashx?id=2971017&use=l&cat=p&typeid=i","cat":284462},{"id":99880,"n":"Crème Visage Jour FPS 30 Nivea Anti-rides Cellular - 50ml","p":14.99,"u":"299,80 €/L","img":"https://fd14-photos.leclercdrive.fr/image.ashx?id=2298775&use=l&cat=p&typeid=i","cat":325345},{"id":99900,"n":"Soin amincissant Linéance Profiler nuit + - 180ml","p":11.45,"u":"63,61 €/L","img":"https://fd14-photos.leclercdrive.fr/image.ashx?id=1748813&use=l&cat=p&typeid=i","cat":325350},{"id":99921,"n":"Shampooing Nateis Cheveux gris ou blancs - 250ml","p":1.39,"u":"5,56 €/L","img":"https://fd14-photos.leclercdrive.fr/image.ashx?id=2395820&use=l&cat=p&typeid=i","cat":284606},{"id":99922,"n":"Lait de douche Manava Framboise - 250ml","p":0.94,"u":"3,76 €/L","img":"https://fd14-photos.leclercdrive.fr/image.ashx?id=2618353&use=l&cat=p&typeid=i","cat":284594},{"id":99965,"n":"Biscuit speculoos Lotus Biscoff 750g (6x125g)","p":3.8,"u":"5,07 €/KG","img":"https://fd14-photos.leclercdrive.fr/image.ashx?id=2693818&use=l&cat=p&typeid=i","cat":284487},{"id":100017,"n":"Pain de mie Jacquet Maxi sans sucres ajoutés - 550g","p":1.55,"u":"2,82 €/KG","img":"https://fd14-photos.leclercdrive.fr/image.ashx?id=2935705&use=l&cat=p&typeid=i","cat":284477},{"id":100220,"n":"Gnocchi à poêler Lustucru Extra Raclette - 280g","p":2.45,"u":"8,75 €/KG","img":"https://fd14-photos.leclercdrive.fr/image.ashx?id=2786177&use=l&cat=p&typeid=i","cat":333682},{"id":100250,"n":"Yaourt nature sucré Kit-Kat Billes chocolat - 4x115g","p":2.5,"u":"5,43 €/KG","img":"https://fd14-photos.leclercdrive.fr/image.ashx?id=2875954&use=l&cat=p&typeid=i","cat":284414},{"id":100334,"n":"Gel bain douche Manava Coton macadamia - 500ml","p":1.88,"u":"3,76 €/L","img":"https://fd14-photos.leclercdrive.fr/image.ashx?id=1644734&use=l&cat=p&typeid=i","cat":284594},{"id":100349,"n":"Bain de bouche Parodontax Menthe douce - 500ml","p":4.5,"u":"9,00 €/L","img":"https://fd14-photos.leclercdrive.fr/image.ashx?id=2485982&use=l&cat=p&typeid=i","cat":284613},{"id":100352,"n":"Poudre fondante L'Oréal Paris Accord Parfait 2R Vanille rosé","p":13.6,"img":"https://fd14-photos.leclercdrive.fr/image.ashx?id=2395547&use=l&cat=p&typeid=i","cat":287029},{"id":100594,"n":"Petit pois carotte Bio Village Bio - 215g","p":1.66,"u":"7,72 €/KG","img":"https://fd14-photos.leclercdrive.fr/image.ashx?id=3002692&use=l&cat=p&typeid=i","cat":312607},{"id":100595,"n":"Papier toilette Uni Vert Blanc 3 plis recyclés - x6","p":2.34,"u":"0,39 €/P","img":"https://fd14-photos.leclercdrive.fr/image.ashx?id=2571938&use=l&cat=p&typeid=i","cat":284634},{"id":100596,"n":"Petits pois fins Bio Village Bio - 230g","p":1.83,"u":"7,96 €/KG","img":"https://fd14-photos.leclercdrive.fr/image.ashx?id=3002689&use=l&cat=p&typeid=i","cat":312607},{"id":100700,"n":"Eau minérale Mont Blanc 6x50cl","p":1.9,"u":"0,63 €/L","img":"https://fd14-photos.leclercdrive.fr/image.ashx?id=2416239&use=l&cat=p&typeid=i","cat":284535},{"id":100725,"n":"Pain de mie La Boulangère Toastiligne Aux céréales - 500g","p":1.4,"u":"2,80 €/KG","img":"https://fd14-photos.leclercdrive.fr/image.ashx?id=2912401&use=l&cat=p&typeid=i","cat":284477},{"id":100728,"n":"Gache tranchée La Boulangère 400g","p":2.15,"u":"5,38 €/KG","img":"https://fd14-photos.leclercdrive.fr/image.ashx?id=2912179&use=l&cat=p&typeid=i","cat":284478},{"id":100850,"n":"Plateau Aperitiv'O Gusti 140g","p":4.45,"u":"31,79 €/KG","img":"https://fd14-photos.leclercdrive.fr/image.ashx?id=2642678&use=l&cat=p&typeid=i","cat":316007},{"id":100979,"n":"Chocolat au lait Lindt Création Le Rocher lait - 150g","p":2.94,"u":"19,60 €/KG","img":"https://fd14-photos.leclercdrive.fr/image.ashx?id=2685805&use=l&cat=p&typeid=i","cat":284497},{"id":100981,"n":"Courgettes Cuisinées Cassegrain à la Provençale 375g","p":2.89,"u":"7,71 €/KG","img":"https://fd14-photos.leclercdrive.fr/image.ashx?id=2977951&use=l&cat=p&typeid=i","cat":312612},{"id":101010,"n":"Café moulu Carte Noire Classic - 6x250g","p":23.99,"u":"15,99 €/KG","img":"https://fd14-photos.leclercdrive.fr/image.ashx?id=2919027&use=l&cat=p&typeid=i","cat":284750},{"id":101056,"n":"Adoucissant concentré Hyperdou Rosée du matin - 750ml","p":1.99,"u":"2,65 €/L","img":"https://fd14-photos.leclercdrive.fr/image.ashx?id=2602910&use=l&cat=p&typeid=i","cat":284650},{"id":101058,"n":"Adoucissant concentré Hyperdou Passion tropicale - 750ml","p":1.99,"u":"2,65 €/L","img":"https://fd14-photos.leclercdrive.fr/image.ashx?id=2683565&use=l&cat=p&typeid=i","cat":284650},{"id":101076,"n":"Beurre demi-sel Grand Fermage Belleville-sur-Vie 80%MG - 250g","p":2.6,"u":"10,40 €/KG","img":"https://fd14-photos.leclercdrive.fr/image.ashx?id=2475276&use=l&cat=p&typeid=i","cat":284379},{"id":101231,"n":"Le Gourmand Garden Gourmet Soja, Poivre et Persil 160g","p":2.45,"u":"15,31 €/KG","img":"https://fd14-photos.leclercdrive.fr/image.ashx?id=2988683&use=l&cat=p&typeid=i","cat":316036},{"id":101254,"n":"Jambon cru 4 tranches Aoste dégraissées - 100g","p":3.55,"u":"35,50 €/KG","img":"https://fd14-photos.leclercdrive.fr/image.ashx?id=1877219&use=l&cat=p&typeid=i","cat":316007},{"id":101268,"n":"Citronnade Andros - 1l","p":1.9,"u":"1,90 €/L","img":"https://fd14-photos.leclercdrive.fr/image.ashx?id=2882869&use=l&cat=p&typeid=i","cat":285435},{"id":101288,"n":"Mousse végétal Andros Chocolat - 4x55g","p":2.9,"u":"13,18 €/KG","img":"https://fd14-photos.leclercdrive.fr/image.ashx?id=2963433&use=l&cat=p&typeid=i","cat":316071},{"id":101320,"n":"Fromage de Chèvre Saint Loup  Bûche Cendrée - 180g","p":2.85,"u":"15,83 €/KG","img":"https://fd14-photos.leclercdrive.fr/image.ashx?id=2812762&use=l&cat=p&typeid=i","cat":314031},{"id":101348,"n":"Barres Chocolatées KINDER BUENO  Chocolat au Lait x12 - 516g","p":8.2,"u":"15,89 €/KG","img":"https://fd14-photos.leclercdrive.fr/image.ashx?id=2402946&use=l&cat=p&typeid=i","cat":284498},{"id":101349,"n":"Crème dessert Danette Vanille - 6x125g","p":1.97,"u":"2,63 €/KG","img":"https://fd14-photos.leclercdrive.fr/image.ashx?id=2923498&use=l&cat=p&typeid=i","cat":285041},{"id":101350,"n":"liégeois vanille danette - 4x100g","p":1.45,"u":"3,63 €/KG","img":"https://fd14-photos.leclercdrive.fr/image.ashx?id=2907848&use=l&cat=p&typeid=i","cat":285042},{"id":101415,"n":"Couteaux en bois Homeside x20","p":1.98,"u":"0,10 €/P","img":"https://fd14-photos.leclercdrive.fr/image.ashx?id=1663736&use=l&cat=p&typeid=i","cat":334134},{"id":101416,"n":"Fourchettes en bois Homeside x20","p":1.98,"u":"0,10 €/P","img":"https://fd14-photos.leclercdrive.fr/image.ashx?id=1663733&use=l&cat=p&typeid=i","cat":334134},{"id":101418,"n":"Cuillères en bois Homeside x20","p":1.98,"u":"0,10 €/P","img":"https://fd14-photos.leclercdrive.fr/image.ashx?id=1663730&use=l&cat=p&typeid=i","cat":334134},{"id":101430,"n":"Demi baguette tradition 125g","p":0.5,"u":"4,00 €/KG","img":"https://fd14-photos.leclercdrive.fr/image.ashx?id=2062618&use=l&cat=p&typeid=i","cat":284359},{"id":101456,"n":"Barres Chocolatées KINDER Maxi Chocolat au Lait x18 - 378g","p":5.4,"u":"14,29 €/KG","img":"https://fd14-photos.leclercdrive.fr/image.ashx?id=2673854&use=l&cat=p&typeid=i","cat":284498},{"id":101461,"n":"Pâtes Collezione Barilla Fusilli Bucati Corti - 500g","p":1.65,"u":"3,30 €/KG","img":"https://fd14-photos.leclercdrive.fr/image.ashx?id=2991003&use=l&cat=p&typeid=i","cat":284427},{"id":101473,"n":"Petit Pois, Carotte Cassegrain Tendre et Fondant 265g","p":1.8,"u":"6,79 €/KG","img":"https://fd14-photos.leclercdrive.fr/image.ashx?id=2951692&use=l&cat=p&typeid=i","cat":312607},{"id":101478,"n":"Petit Chinois La fournée Dorée Crème patissière - x6 - 300g","p":2.1,"u":"7,00 €/KG","img":"https://fd14-photos.leclercdrive.fr/image.ashx?id=2964492&use=l&cat=p&typeid=i","cat":296366},{"id":101483,"n":"Tablette chocolat Côte d'Or Chocolat noir 70% - 100g","p":2.01,"u":"20,10 €/KG","img":"https://fd14-photos.leclercdrive.fr/image.ashx?id=2985591&use=l&cat=p&typeid=i","cat":284956},{"id":101505,"n":"Jus de pruneaux Bio Village Bio - 1L","p":3.99,"u":"3,99 €/L","img":"https://fd14-photos.leclercdrive.fr/image.ashx?id=2901560&use=l&cat=p&typeid=i","cat":284915},{"id":101580,"n":"Banane Bio Max Havelaar  Bio Village x5","p":1.99,"u":"0,40 €/P","img":"https://fd14-photos.leclercdrive.fr/image.ashx?id=2323988&use=l&cat=p&typeid=i","cat":284356},{"id":101599,"n":"Crayons de couleur  Bic Intensity - x12","p":3.2,"u":"0,27 €/P","img":"https://fd14-photos.leclercdrive.fr/image.ashx?id=2177755&use=l&cat=p&typeid=i","cat":284696},{"id":101602,"n":"Douceur satinée Délisse Vanille - 4x125g","p":1.67,"u":"3,34 €/KG","img":"https://fd14-photos.leclercdrive.fr/image.ashx?id=2964577&use=l&cat=p&typeid=i","cat":314999},{"id":101692,"n":"Crème dessert Danette Vanille caramel - 4x125g","p":1.6,"u":"3,20 €/KG","img":"https://fd14-photos.leclercdrive.fr/image.ashx?id=2928408&use=l&cat=p&typeid=i","cat":285041},{"id":101697,"n":"crème dessert chocolat noisette danette - 4x125g","p":1.6,"u":"3,20 €/KG","img":"https://fd14-photos.leclercdrive.fr/image.ashx?id=2902630&use=l&cat=p&typeid=i","cat":285041},{"id":101699,"n":"crème dessert pistache danette - 4x125g","p":1.6,"u":"3,20 €/KG","img":"https://fd14-photos.leclercdrive.fr/image.ashx?id=1984885&use=l&cat=p&typeid=i","cat":285041},{"id":101701,"n":"crème dessert chocolat caramel vanille danette - 12x115g","p":3.46,"u":"2,51 €/KG","img":"https://fd14-photos.leclercdrive.fr/image.ashx?id=2949844&use=l&cat=p&typeid=i","cat":285041},{"id":101702,"n":"Crème dessert Danette Caramel - 6x125g","p":2.04,"u":"2,72 €/KG","img":"https://fd14-photos.leclercdrive.fr/image.ashx?id=2915398&use=l&cat=p&typeid=i","cat":285041},{"id":101706,"n":"liégeois café danette - 4x100g","p":1.45,"u":"3,63 €/P","img":"https://fd14-photos.leclercdrive.fr/image.ashx?id=2228525&use=l&cat=p&typeid=i","cat":285042},{"id":101708,"n":"liégeois chocolat danette - 8x100g","p":2.9,"u":"3,63 €/KG","img":"https://fd14-photos.leclercdrive.fr/image.ashx?id=1984897&use=l&cat=p&typeid=i","cat":285042},{"id":101709,"n":"liégeois chocolat vanille danette - 8x100g","p":2.85,"u":"3,56 €/KG","img":"https://fd14-photos.leclercdrive.fr/image.ashx?id=2926245&use=l&cat=p&typeid=i","cat":285042},{"id":101710,"n":"crème dessert chocolat noir danette - 4x125g","p":1.6,"u":"3,20 €/KG","img":"https://fd14-photos.leclercdrive.fr/image.ashx?id=2927294&use=l&cat=p&typeid=i","cat":285041},{"id":101712,"n":"crème dessert 3 chocolats danette - 12x115g","p":3.5,"u":"2,54 €/KG","img":"https://fd14-photos.leclercdrive.fr/image.ashx?id=2949847&use=l&cat=p&typeid=i","cat":285041},{"id":101715,"n":"Petit beurre Michel et Augustin Comté poivre noir - 100g","p":2.59,"u":"25,90 €/KG","img":"https://fd14-photos.leclercdrive.fr/image.ashx?id=2108975&use=l&cat=p&typeid=i","cat":297000},{"id":101762,"n":"Noix de St Jacques Eco+ Sans corail - MSC - 300g","p":7.49,"u":"24,97 €/KG","img":"https://fd14-photos.leclercdrive.fr/image.ashx?id=2790868&use=l&cat=p&typeid=i","cat":319787},{"id":101852,"n":"Mergueizh Hénaff x5 - 277g","p":4.8,"u":"17,33 €/KG","img":"https://fd14-photos.leclercdrive.fr/image.ashx?id=2795183&use=l&cat=p&typeid=i","cat":284334},{"id":101892,"n":"Demi-Grenailles Pom Bistro au Piment d'Espelette - 450g","p":3.55,"u":"7,89 €/KG","img":"https://fd14-photos.leclercdrive.fr/image.ashx?id=2866421&use=l&cat=p&typeid=i","cat":319792},{"id":102006,"n":"Gel bain douche Manava Pamplemousse raisin blanc-500ml","p":2.37,"u":"4,74 €/L","img":"https://fd14-photos.leclercdrive.fr/image.ashx?id=2652870&use=l&cat=p&typeid=i","cat":284594},{"id":102007,"n":"Gel douche Manava Gommant - 250ml","p":1.3,"u":"5,20 €/L","img":"https://fd14-photos.leclercdrive.fr/image.ashx?id=2805042&use=l&cat=p&typeid=i","cat":284594},{"id":102008,"n":"Gel douche Manava Sans savon - 500ml","p":1.92,"u":"3,84 €/L","img":"https://fd14-photos.leclercdrive.fr/image.ashx?id=2741303&use=l&cat=p&typeid=i","cat":284594},{"id":102011,"n":"Crème désaltérante jour So Bio  Aloe Vera bio  - 50ml","p":8.6,"u":"172,00 €/L","img":"https://fd14-photos.leclercdrive.fr/image.ashx?id=2644223&use=l&cat=p&typeid=i","cat":325345},{"id":102012,"n":"Déodorant bille bio So Bio Etic Tous types de peau - 50ml","p":4.6,"u":"92,00 €/L","img":"https://fd14-photos.leclercdrive.fr/image.ashx?id=2986606&use=l&cat=p&typeid=i","cat":284595},{"id":102079,"n":"Spaghetti Côté Table Bolognaise - 300g","p":3.2,"u":"10,67 €/KG","img":"https://fd14-photos.leclercdrive.fr/image.ashx?id=2846562&use=l&cat=p&typeid=i","cat":333665},{"id":102081,"n":"Poulet à la tomate Côté Table Purée courgette - 300g","p":2.19,"u":"7,30 €/KG","img":"https://fd14-photos.leclercdrive.fr/image.ashx?id=1656991&use=l&cat=p&typeid=i","cat":333665},{"id":102082,"n":"Poulet et risotto Côté Table Champignons - 280g","p":2.59,"u":"9,25 €/KG","img":"https://fd14-photos.leclercdrive.fr/image.ashx?id=2816145&use=l&cat=p&typeid=i","cat":333665},{"id":102139,"n":"Spray vaporisateur 500ml Plastique - 1 pièce","p":1.75,"img":"https://fd14-photos.leclercdrive.fr/image.ashx?id=2884519&use=l&cat=p&typeid=i","cat":334135},{"id":102254,"n":"Riz à la provençale Bonduelle Au thon et au basilic - 500g","p":2.6,"u":"5,20 €/KG","img":"https://fd14-photos.leclercdrive.fr/image.ashx?id=2894170&use=l&cat=p&typeid=i","cat":333657},{"id":102374,"n":"Bière sans alcool Tourtel Twist Cerise 0,0° - 6x27,5cl","p":4.3,"u":"2,61 €/L","img":"https://fd14-photos.leclercdrive.fr/image.ashx?id=2688803&use=l&cat=p&typeid=i","cat":334877},{"id":102438,"n":"Huile d'olive Ethiquable Tunisie - Bio - 50cl","p":9.65,"u":"19,30 €/L","img":"https://fd14-photos.leclercdrive.fr/image.ashx?id=2875486&use=l&cat=p&typeid=i","cat":284453},{"id":102480,"n":"Petits Suisses Gervais 9,5%MG - 12x60g","p":2.43,"u":"3,38 €/KG","img":"https://fd14-photos.leclercdrive.fr/image.ashx?id=2230381&use=l&cat=p&typeid=i","cat":284409},{"id":102658,"n":"Farine pour pain Francine 2.5kg","p":4.3,"u":"1,72 €/KG","img":"https://fd14-photos.leclercdrive.fr/image.ashx?id=2238687&use=l&cat=p&typeid=i","cat":284503},{"id":102661,"n":"Thé vert bio Jardin Bio Digestion x20 - 30g","p":2.45,"u":"81,67 €/KG","img":"https://fd14-photos.leclercdrive.fr/image.ashx?id=3014527&use=l&cat=p&typeid=i","cat":293233},{"id":102669,"n":"Capsules café L'Or Espresso Or Rose N°7 x10","p":3.55,"u":"68,27 €/KG","img":"https://fd14-photos.leclercdrive.fr/image.ashx?id=2100290&use=l&cat=p&typeid=i","cat":284749},{"id":102678,"n":"Friandises chien Pedigree  Ranchos original poulet - 70g","p":3.46,"u":"49,43 €/KG","img":"https://fd14-photos.leclercdrive.fr/image.ashx?id=2897282&use=l&cat=p&typeid=i","cat":294527},{"id":102695,"n":"Friandises chien Pedigree Ranchos original bœuf - 70g","p":2.55,"u":"36,43 €/KG","img":"https://fd14-photos.leclercdrive.fr/image.ashx?id=2897279&use=l&cat=p&typeid=i","cat":294527},{"id":102819,"n":"Panaché Falsbourg Grenadine <0,5% - 20x25cl","p":6.69,"u":"1,34 €/L","img":"https://fd14-photos.leclercdrive.fr/image.ashx?id=2637964&use=l&cat=p&typeid=i","cat":334877},{"id":102892,"n":"Céréales Jordans Granola Amande Noisette et Graine - 400g","p":3.4,"u":"8,50 €/KG","img":"https://fd14-photos.leclercdrive.fr/image.ashx?id=2475909&use=l&cat=p&typeid=i","cat":309512},{"id":103014,"n":"Sauce fajitas Old El Paso à cuisiner extra doux - 395g","p":2.0,"u":"5,06 €/KG","img":"https://fd14-photos.leclercdrive.fr/image.ashx?id=2737618&use=l&cat=p&typeid=i","cat":288993},{"id":103030,"n":"World Mix Haribo Boîte bonbons - 750g","p":5.4,"u":"7,20 €/KG","img":"https://fd14-photos.leclercdrive.fr/image.ashx?id=2984913&use=l&cat=p&typeid=i","cat":304250},{"id":103040,"n":"Olives vertes dénoyautées à la sicilienne Tropic Apéro 220g","p":3.09,"u":"14,05 €/KG","img":"https://fd14-photos.leclercdrive.fr/image.ashx?id=2648226&use=l&cat=p&typeid=i","cat":316002},{"id":103047,"n":"Nutella Biscuit pâte à tartiner Cacao Noisettes - 304g","p":3.01,"u":"9,90 €/KG","img":"https://fd14-photos.leclercdrive.fr/image.ashx?id=2896432&use=l&cat=p&typeid=i","cat":284488},{"id":103094,"n":"Crème légère semi épaisse  Bridélice 18%mg - 2x25cl","p":2.7,"u":"5,40 €/L","img":"https://fd14-photos.leclercdrive.fr/image.ashx?id=2806156&use=l&cat=p&typeid=i","cat":284381},{"id":103104,"n":"Crème entière 30% Président 2x25cl","p":3.5,"u":"7,00 €/L","img":"https://fd14-photos.leclercdrive.fr/image.ashx?id=2973577&use=l&cat=p&typeid=i","cat":284381},{"id":103150,"n":"Bière Rouge Kasteel 33cl","p":1.8,"u":"5,45 €/L","img":"https://fd14-photos.leclercdrive.fr/image.ashx?id=2433449&use=l&cat=p&typeid=i","cat":334872},{"id":103156,"n":"Frites Pom Bistro à la Graisse de Boeuf - 500g","p":3.55,"u":"7,10 €/KG","img":"https://fd14-photos.leclercdrive.fr/image.ashx?id=2866418&use=l&cat=p&typeid=i","cat":319791},{"id":103157,"n":"Rissolées Pom Bistro à la Graisse de Canard - 500g","p":3.55,"u":"7,10 €/KG","img":"https://fd14-photos.leclercdrive.fr/image.ashx?id=2866430&use=l&cat=p&typeid=i","cat":319792},{"id":103183,"n":"Bières blonde Desperados Lime - 6x33cl","p":8.6,"u":"4,34 €/L","img":"https://fd14-photos.leclercdrive.fr/image.ashx?id=2638163&use=l&cat=p&typeid=i","cat":334878},{"id":103184,"n":"IGP Cidre doux Val de Rance De Dégustation Bretagne - 75cl","p":2.5,"u":"3,33 €/L","img":"https://fd14-photos.leclercdrive.fr/image.ashx?id=2020722&use=l&cat=p&typeid=i","cat":334880},{"id":103189,"n":"IGP Cidre Brut Val de Rance De dégustation Bretagne 75cl","p":2.5,"u":"3,33 €/L","img":"https://fd14-photos.leclercdrive.fr/image.ashx?id=2020719&use=l&cat=p&typeid=i","cat":334880},{"id":103191,"n":"Bière sans alcool Tourtel Twist Pêche 0,0° - 6x27,5cl","p":4.4,"u":"2,67 €/L","img":"https://fd14-photos.leclercdrive.fr/image.ashx?id=2896564&use=l&cat=p&typeid=i","cat":334877},{"id":103197,"n":"Boisson thé infusé Fresh Tea Passion - 1L","p":0.99,"u":"0,99 €/L","img":"https://fd14-photos.leclercdrive.fr/image.ashx?id=3003064&use=l&cat=p&typeid=i","cat":295019},{"id":103285,"n":"Poisson pané Findus Colin  Alaska Fish and Chips x4 - 400g","p":2.85,"u":"7,13 €/KG","img":"https://fd14-photos.leclercdrive.fr/image.ashx?id=2985348&use=l&cat=p&typeid=i","cat":319788},{"id":103300,"n":"Infusion Jardin Bio Digestion bio - 20 sachet - 28g","p":2.22,"u":"79,29 €/KG","img":"https://fd14-photos.leclercdrive.fr/image.ashx?id=2990685&use=l&cat=p&typeid=i","cat":293234},{"id":103315,"n":"AOP Côtes de Provence rosé Château Reillanne - 75cl","p":7.2,"u":"9,60 €/L","img":"https://fd14-photos.leclercdrive.fr/image.ashx?id=2669487&use=l&cat=p&typeid=i","cat":289558},{"id":103317,"n":"Sauce Jardin Biologique Arrabbiata - 200g","p":1.95,"u":"9,75 €/KG","img":"https://fd14-photos.leclercdrive.fr/image.ashx?id=1963170&use=l&cat=p&typeid=i","cat":287599},{"id":103452,"n":"Lingettes freshclean Pampers 4x52","p":5.6,"u":"0,03 €/P","img":"https://fd14-photos.leclercdrive.fr/image.ashx?id=2956667&use=l&cat=p&typeid=i","cat":284738},{"id":103500,"n":"Panaché Falsbourg <0.5% vol. - 20x25cl","p":6.69,"u":"1,34 €/L","img":"https://fd14-photos.leclercdrive.fr/image.ashx?id=2637970&use=l&cat=p&typeid=i","cat":334877},{"id":103503,"n":"Capsules Nescafé Dolce Gusto  Espresso Intenso - x16","p":4.53,"u":"40,45 €/KG","img":"https://fd14-photos.leclercdrive.fr/image.ashx?id=3009110&use=l&cat=p&typeid=i","cat":293239},{"id":103509,"n":"Yaourt à boire Yop Aromatisé Fraise - 825g","p":1.67,"u":"2,02 €/KG","img":"https://fd14-photos.leclercdrive.fr/image.ashx?id=2855564&use=l&cat=p&typeid=i","cat":284415},{"id":103563,"n":"Batonnets de glace Nuii Salted Caramel macadamia - 272g","p":4.3,"u":"15,81 €/KG","img":"https://fd14-photos.leclercdrive.fr/image.ashx?id=2506798&use=l&cat=p&typeid=i","cat":284265},{"id":103566,"n":"Batonnets de glaces Nuii Almond & java vanilla - x4","p":4.3,"u":"16,04 €/KG","img":"https://fd14-photos.leclercdrive.fr/image.ashx?id=2506801&use=l&cat=p&typeid=i","cat":284265},{"id":103697,"n":"Dentifrice Integral 8 Signal Nature Elements Charbon 75ml","p":1.77,"u":"23,60 €/L","img":"https://fd14-photos.leclercdrive.fr/image.ashx?id=2974662&use=l&cat=p&typeid=i","cat":284612},{"id":103719,"n":"Démêlant intensif Elsève Cheveu abîmé Dream Long - 180ml","p":3.55,"u":"19,72 €/L","img":"https://fd14-photos.leclercdrive.fr/image.ashx?id=2439284&use=l&cat=p&typeid=i","cat":284607},{"id":103726,"n":"Masque Violet Démêlant Elsève Color-Vive - 150ml","p":5.23,"u":"34,87 €/L","img":"https://fd14-photos.leclercdrive.fr/image.ashx?id=2439281&use=l&cat=p&typeid=i","cat":284608},{"id":103728,"n":"Shampoing Violet Elsève Color-Vive Déjaunisseur - 200ml","p":2.98,"u":"14,90 €/L","img":"https://fd14-photos.leclercdrive.fr/image.ashx?id=2278121&use=l&cat=p&typeid=i","cat":284606},{"id":103733,"n":"Gel multi-purifiant Men Expert Pur charbon - 100ml","p":5.15,"u":"51,50 €/L","img":"https://fd14-photos.leclercdrive.fr/image.ashx?id=2339030&use=l&cat=p&typeid=i","cat":284622},{"id":103734,"n":"Gel désincrustant Men Expert Anti-pores encrassés - 100ml","p":4.79,"u":"47,90 €/L","img":"https://fd14-photos.leclercdrive.fr/image.ashx?id=2458724&use=l&cat=p&typeid=i","cat":284603},{"id":103800,"n":"Bière blonde Leffe  6,6% - 12x25cl","p":9.25,"u":"3,08 €/L","img":"https://fd14-photos.leclercdrive.fr/image.ashx?id=2995424&use=l&cat=p&typeid=i","cat":334852},{"id":103808,"n":"Yaourt à boire Yop Aromatisé Framboise - 825g","p":1.9,"u":"2,30 €/KG","img":"https://fd14-photos.leclercdrive.fr/image.ashx?id=2855567&use=l&cat=p&typeid=i","cat":284415},{"id":103813,"n":"Yaourt à boire Yop Aromatisé Vanille - 825g","p":1.71,"u":"2,07 €/KG","img":"https://fd14-photos.leclercdrive.fr/image.ashx?id=2855570&use=l&cat=p&typeid=i","cat":284415},{"id":103814,"n":"Yaourt à boire Yop Aromatisé Fraise Banane - 825g","p":1.9,"u":"2,30 €/KG","img":"https://fd14-photos.leclercdrive.fr/image.ashx?id=2855579&use=l&cat=p&typeid=i","cat":284415},{"id":103826,"n":"Cône Extrême Vanille praline - x6 -426g","p":3.4,"u":"7,98 €/KG","img":"https://fd14-photos.leclercdrive.fr/image.ashx?id=2838422&use=l&cat=p&typeid=i","cat":284264},{"id":103918,"n":"Bâtonnets  Maple  Peanut Butter et candian - x4","p":4.3,"u":"1,08 €/P","img":"https://fd14-photos.leclercdrive.fr/image.ashx?id=2506810&use=l&cat=p&typeid=i","cat":284265},{"id":103919,"n":"Bâtonnets  Nuii Idaho Valley  Cookies mint x4 - 244g","p":4.3,"u":"17,62 €/KG","img":"https://fd14-photos.leclercdrive.fr/image.ashx?id=2506807&use=l&cat=p&typeid=i","cat":284265},{"id":103922,"n":"Batonnets Nuii White chocolate&scandinavia x4","p":4.3,"u":"1,08 €/P","img":"https://fd14-photos.leclercdrive.fr/image.ashx?id=2922149&use=l&cat=p&typeid=i","cat":284265},{"id":103949,"n":"Nettoyant universel anti-traces 750ml","p":2.9,"u":"3,87 €/L","img":"https://fd14-photos.leclercdrive.fr/image.ashx?id=3000731&use=l&cat=p&typeid=i","cat":325357},{"id":103951,"n":"Spray décapant Briochin Anti-moisissures - 500ml","p":4.95,"u":"9,90 €/L","img":"https://fd14-photos.leclercdrive.fr/image.ashx?id=2056987&use=l&cat=p&typeid=i","cat":325357},{"id":103954,"n":"Nettoyant carrelage Briochin Ecocert - 1L","p":2.59,"u":"2,59 €/L","img":"https://fd14-photos.leclercdrive.fr/image.ashx?id=2342887&use=l&cat=p&typeid=i","cat":325357},{"id":104008,"n":"Jus innocent tutti frutti 900ml","p":2.7,"u":"3,00 €/L","img":"https://fd14-photos.leclercdrive.fr/image.ashx?id=2861737&use=l&cat=p&typeid=i","cat":285435},{"id":104016,"n":"Mon moment choucroute Stoeffler 410g","p":4.45,"u":"10,85 €/KG","img":"https://fd14-photos.leclercdrive.fr/image.ashx?id=2217437&use=l&cat=p&typeid=i","cat":333665},{"id":104030,"n":"Spray démélant Le Petit Olivier Olive / karité / argan - 150 ml","p":3.89,"u":"25,93 €/L","img":"https://fd14-photos.leclercdrive.fr/image.ashx?id=1670655&use=l&cat=p&typeid=i","cat":284607},{"id":104034,"n":"Jus innocent plus  zest défense 750ml","p":2.7,"u":"3,60 €/L","img":"https://fd14-photos.leclercdrive.fr/image.ashx?id=2736574&use=l&cat=p&typeid=i","cat":285435},{"id":104036,"n":"Jus innocent plus  énergie chérie 750ml","p":2.7,"u":"3,60 €/L","img":"https://fd14-photos.leclercdrive.fr/image.ashx?id=2901082&use=l&cat=p&typeid=i","cat":284354},{"id":104038,"n":"AOC Madiran Vin rouge Carte d'Or - 75cl","p":4.85,"u":"6,47 €/L","img":"https://fd14-photos.leclercdrive.fr/image.ashx?id=2492656&use=l&cat=p&typeid=i","cat":289556},{"id":104092,"n":"Tagada Zip Fraîcheur Haribo Sachet bonbons - 220g","p":1.3,"u":"5,91 €/KG","img":"https://fd14-photos.leclercdrive.fr/image.ashx?id=2802359&use=l&cat=p&typeid=i","cat":304250},{"id":104113,"n":"Brioches Doowap Harrys X12-480g Pépites choco sans additif","p":3.22,"u":"6,71 €/KG","img":"https://fd14-photos.leclercdrive.fr/image.ashx?id=2503001&use=l&cat=p&typeid=i","cat":293505},{"id":104193,"n":"Coton-tiges Inell Recharge Tiges papier - x160","p":0.4,"img":"https://fd14-photos.leclercdrive.fr/image.ashx?id=2440775&use=l&cat=p&typeid=i","cat":284636},{"id":104194,"n":"Coton-tige Lotus Bio - x160 bâtonnets","p":0.79,"img":"https://fd14-photos.leclercdrive.fr/image.ashx?id=2506840&use=l&cat=p&typeid=i","cat":284636},{"id":104245,"n":"Pizzas Crousti Moelleuse Marie 4 fromages 2+1 offerte 1.530kg","p":6.5,"u":"4,25 €/KG","img":"https://fd14-photos.leclercdrive.fr/image.ashx?id=1876709&use=l&cat=p&typeid=i","cat":284256},{"id":104291,"n":"Pignons de pins Sainte-Lucie Parasol - Sachet 50g","p":3.5,"u":"70,00 €/KG","img":"https://fd14-photos.leclercdrive.fr/image.ashx?id=2774334&use=l&cat=p&typeid=i","cat":284504},{"id":104349,"n":"AOP Cabernet d'Anjou rosé Plessis-Duval - 3L","p":15.8,"u":"5,27 €/L","img":"https://fd14-photos.leclercdrive.fr/image.ashx?id=2941038&use=l&cat=p&typeid=i","cat":289558},{"id":104468,"n":"Fromage apéritif Apéricube Long drink 48 cubes","p":4.17,"u":"16,68 €/KG","img":"https://fd14-photos.leclercdrive.fr/image.ashx?id=2882674&use=l&cat=p&typeid=i","cat":314027},{"id":104479,"n":"Ananas Tropical Gold Dole 198g","p":1.95,"u":"9,85 €/KG","img":"https://fd14-photos.leclercdrive.fr/image.ashx?id=2299747&use=l&cat=p&typeid=i","cat":290298},{"id":104481,"n":"Fruits Tropicaux Dole 198g","p":1.95,"u":"9,85 €/KG","img":"https://fd14-photos.leclercdrive.fr/image.ashx?id=2299744&use=l&cat=p&typeid=i","cat":290298},{"id":104557,"n":"Yaourt à boire Yop Yoplait Coco - 850g","p":1.74,"u":"2,05 €/KG","img":"https://fd14-photos.leclercdrive.fr/image.ashx?id=2855543&use=l&cat=p&typeid=i","cat":284415},{"id":104564,"n":"Yaourt à boire Yop de Yoplait Fraise - 850g","p":1.74,"u":"2,05 €/KG","img":"https://fd14-photos.leclercdrive.fr/image.ashx?id=2855546&use=l&cat=p&typeid=i","cat":284415},{"id":104565,"n":"Yaourt à boire Yoplait Fraise/banane - 850g","p":1.74,"u":"2,05 €/KG","img":"https://fd14-photos.leclercdrive.fr/image.ashx?id=2855549&use=l&cat=p&typeid=i","cat":284415},{"id":104566,"n":"Yaourt Yop de Yoplait Framboise - 850g","p":1.74,"u":"2,05 €/KG","img":"https://fd14-photos.leclercdrive.fr/image.ashx?id=2855552&use=l&cat=p&typeid=i","cat":284415},{"id":104567,"n":"Yaourt à boire Yop Yoplait Vanille - 850g","p":1.74,"u":"2,05 €/KG","img":"https://fd14-photos.leclercdrive.fr/image.ashx?id=2855555&use=l&cat=p&typeid=i","cat":284415},{"id":104684,"n":"Yaourt bifidus Activia vanille framboise - 16x125g","p":4.51,"u":"2,26 €/KG","img":"https://fd14-photos.leclercdrive.fr/image.ashx?id=2741802&use=l&cat=p&typeid=i","cat":315000},{"id":104880,"n":"Barres Céréales Extra Kellogg's Chocolat au lait - 4x32g","p":3.15,"u":"24,61 €/KG","img":"https://fd14-photos.leclercdrive.fr/image.ashx?id=2736610&use=l&cat=p&typeid=i","cat":285869},{"id":104888,"n":"Miettes de Thon Eco + Huile - 104g","p":0.83,"u":"7,98 €/KG","img":"https://fd14-photos.leclercdrive.fr/image.ashx?id=2234670&use=l&cat=p&typeid=i","cat":303867},{"id":105033,"n":"Crème entière semi-épaisse UHT 30% MG - Président - 1L","p":5.3,"u":"5,30 €/L","img":"https://fd14-photos.leclercdrive.fr/image.ashx?id=2971580&use=l&cat=p&typeid=i","cat":284381},{"id":105037,"n":"Lardons de volaille fumés Halal - 150g","p":2.25,"u":"15,00 €/KG","img":"https://fd14-photos.leclercdrive.fr/image.ashx?id=2873928&use=l&cat=p&typeid=i","cat":316013},{"id":105040,"n":"Chorizo volaille Halal 170g","p":3.3,"u":"19,41 €/KG","img":"https://fd14-photos.leclercdrive.fr/image.ashx?id=2476539&use=l&cat=p&typeid=i","cat":316013},{"id":105072,"n":"Bonbon Dracula Trolli Le sachet de 200g","p":1.44,"u":"7,20 €/KG","img":"https://fd14-photos.leclercdrive.fr/image.ashx?id=2684719&use=l&cat=p&typeid=i","cat":304250},{"id":105093,"n":"Crème UHT Elle&Vire Fluide Entière - 30% MG - 2x25cl","p":3.1,"u":"6,20 €/L","img":"https://fd14-photos.leclercdrive.fr/image.ashx?id=2763475&use=l&cat=p&typeid=i","cat":284381},{"id":105136,"n":"Jambon supérieur Tradilège S/nitrite Découenne - x6 - 210g","p":3.04,"u":"14,48 €/KG","img":"https://fd14-photos.leclercdrive.fr/image.ashx?id=2991524&use=l&cat=p&typeid=i","cat":316009},{"id":105137,"n":"Jambon supérieur Tradilège Sans nitrite x4 - 140g","p":2.05,"u":"14,64 €/KG","img":"https://fd14-photos.leclercdrive.fr/image.ashx?id=2994381&use=l&cat=p&typeid=i","cat":316009},{"id":105139,"n":"Collant Body Touch Dim Opaque noir - Taille 1","p":8.95,"img":"https://fd14-photos.leclercdrive.fr/image.ashx?id=2876089&use=l&cat=p&typeid=i","cat":334130},{"id":105140,"n":"Jambon supérieur Tradilège Découenne S/nitrite - x2 - 70g","p":1.3,"u":"18,57 €/KG","img":"https://fd14-photos.leclercdrive.fr/image.ashx?id=2994378&use=l&cat=p&typeid=i","cat":316009},{"id":105185,"n":"Compote Charles & Alice Pommes Myrtilles - 4x97g","p":1.6,"u":"4,12 €/KG","img":"https://fd14-photos.leclercdrive.fr/image.ashx?id=2900899&use=l&cat=p&typeid=i","cat":284416},{"id":105196,"n":"Dessert fruitier Fraise Andros En morceaux - 4x100g","p":2.4,"u":"6,00 €/KG","img":"https://fd14-photos.leclercdrive.fr/image.ashx?id=2845467&use=l&cat=p&typeid=i","cat":284416},{"id":105197,"n":"Douceur satinée Délisse Citron - 4x125g","p":1.8,"u":"14,40 €/KG","img":"https://fd14-photos.leclercdrive.fr/image.ashx?id=2955971&use=l&cat=p&typeid=i","cat":314999},{"id":105202,"n":"Collant Body Touch Dim Opaque noir - Taille 2","p":8.95,"img":"https://fd14-photos.leclercdrive.fr/image.ashx?id=2560654&use=l&cat=p&typeid=i","cat":334130},{"id":105206,"n":"Collant Diam's opaque Dim Jambes fuselées Noir - Taille 1","p":7.9,"img":"https://fd14-photos.leclercdrive.fr/image.ashx?id=2639314&use=l&cat=p&typeid=i","cat":334130},{"id":105207,"n":"Collant Diam's opaque Dim Jambes fuselées Noir - Taille 2","p":7.95,"img":"https://fd14-photos.leclercdrive.fr/image.ashx?id=2639317&use=l&cat=p&typeid=i","cat":334130},{"id":105208,"n":"Collant Diam's opaque Dim Jambes fuselées noir - Taille 3","p":7.95,"img":"https://fd14-photos.leclercdrive.fr/image.ashx?id=2639320&use=l&cat=p&typeid=i","cat":334130},{"id":105209,"n":"Collant Diam's opaque Dim Jambes fuselées Noir - Taille 4","p":7.95,"img":"https://fd14-photos.leclercdrive.fr/image.ashx?id=2639323&use=l&cat=p&typeid=i","cat":334130},{"id":105211,"n":"Collant Beauty Resist Dim Opaque noir - Taille 1","p":5.9,"img":"https://fd14-photos.leclercdrive.fr/image.ashx?id=2534953&use=l&cat=p&typeid=i","cat":334130},{"id":105212,"n":"Collant Beauty Resist Dim Opaque noir - Taille 2","p":5.9,"img":"https://fd14-photos.leclercdrive.fr/image.ashx?id=2841006&use=l&cat=p&typeid=i","cat":334130},{"id":105213,"n":"Collant Beauty Resist Dim Opaque noir - Taille 3","p":5.9,"img":"https://fd14-photos.leclercdrive.fr/image.ashx?id=2534959&use=l&cat=p&typeid=i","cat":334130},{"id":105214,"n":"Boulettes Garden Gourmet légumes 200g","p":2.4,"u":"12,00 €/KG","img":"https://fd14-photos.leclercdrive.fr/image.ashx?id=2986903&use=l&cat=p&typeid=i","cat":316036},{"id":105218,"n":"Poêlée de pâtes Coté Table Poulet/Champignon - 900g","p":3.92,"u":"4,36 €/KG","img":"https://fd14-photos.leclercdrive.fr/image.ashx?id=2626979&use=l&cat=p&typeid=i","cat":284254},{"id":105221,"n":"Céleri Menu Fraîcheur  rémoulade - 1kg","p":3.16,"u":"3,16 €/KG","img":"https://fd14-photos.leclercdrive.fr/image.ashx?id=2816591&use=l&cat=p&typeid=i","cat":333657},{"id":105224,"n":"Gnocchi à poêler Lustucru Extra Mozzarella Tomate - 280g","p":2.35,"u":"8,39 €/KG","img":"https://fd14-photos.leclercdrive.fr/image.ashx?id=2999994&use=l&cat=p&typeid=i","cat":333682},{"id":105292,"n":"Salade & Céréales Mix buffet Poulet avocat - 250g","p":4.4,"u":"17,60 €/KG","img":"https://fd14-photos.leclercdrive.fr/image.ashx?id=2741117&use=l&cat=p&typeid=i","cat":333657},{"id":105359,"n":"Saucisson de volaille Réghalal  Nature - 500g","p":2.2,"u":"4,40 €/KG","img":"https://fd14-photos.leclercdrive.fr/image.ashx?id=2603306&use=l&cat=p&typeid=i","cat":316013},{"id":105399,"n":"Lait demi-écrémé GrandLait Ferme sélectionnée - 1L","p":1.25,"u":"1,25 €/L","img":"https://fd14-photos.leclercdrive.fr/image.ashx?id=2916177&use=l&cat=p&typeid=i","cat":285609},{"id":105427,"n":"Beurre gastronomique Président Demi-sel - 80% MG - 225g","p":2.85,"u":"12,67 €/KG","img":"https://fd14-photos.leclercdrive.fr/image.ashx?id=2740553&use=l&cat=p&typeid=i","cat":284379},{"id":105647,"n":"Lait brebis demi-écrémé Lactel UHT Bouteille - 1l","p":3.4,"u":"3,40 €/L","img":"https://fd14-photos.leclercdrive.fr/image.ashx?id=2876626&use=l&cat=p&typeid=i","cat":295251},{"id":105665,"n":"Yaourt Bio citron Malo 4x125g","p":2.1,"u":"4,20 €/KG","img":"https://fd14-photos.leclercdrive.fr/image.ashx?id=2908621&use=l&cat=p&typeid=i","cat":286006},{"id":106006,"n":"Pur jus de pomme Jafaden 2L","p":2.29,"u":"1,15 €/L","img":"https://fd14-photos.leclercdrive.fr/image.ashx?id=2956774&use=l&cat=p&typeid=i","cat":284522},{"id":106026,"n":"Matière grasse Rustica cuisson et patisserie -500G","p":2.79,"u":"5,58 €/KG","img":"https://fd14-photos.leclercdrive.fr/image.ashx?id=2904586&use=l&cat=p&typeid=i","cat":315229},{"id":106043,"n":"Sauce mayonnaise Morin 135g","p":1.65,"u":"12,22 €/KG","img":"https://fd14-photos.leclercdrive.fr/image.ashx?id=2108801&use=l&cat=p&typeid=i","cat":284382},{"id":106146,"n":"Bière sans alcool Tourtel Twist Mangue Passion 0,0° - 6x27,5cl","p":4.4,"u":"2,67 €/L","img":"https://fd14-photos.leclercdrive.fr/image.ashx?id=2730727&use=l&cat=p&typeid=i","cat":334877},{"id":106471,"n":"Plat bébé soir Blédichef 15mois Poireau pomme de terre - 250g","p":1.6,"u":"6,40 €/KG","img":"https://fd14-photos.leclercdrive.fr/image.ashx?id=2143681&use=l&cat=p&typeid=i","cat":312239},{"id":106473,"n":"Repas bébé Blédichef 15 mois Patate légumes poulet - 250g","p":1.7,"u":"6,80 €/KG","img":"https://fd14-photos.leclercdrive.fr/image.ashx?id=2877703&use=l&cat=p&typeid=i","cat":312238},{"id":106474,"n":"Repas bébé Blédichef 15 mois Pdt champignon poulet - 250g","p":1.7,"u":"6,80 €/KG","img":"https://fd14-photos.leclercdrive.fr/image.ashx?id=2479685&use=l&cat=p&typeid=i","cat":312238},{"id":106477,"n":"Repas bébé Blédichef 18 mois  Blanquette de volaille - 250g","p":1.65,"u":"6,60 €/KG","img":"https://fd14-photos.leclercdrive.fr/image.ashx?id=2558861&use=l&cat=p&typeid=i","cat":312238},{"id":106478,"n":"Repas bébé Blédichef 18 mois  Fondue de légumes lieu - 250g","p":1.75,"u":"7,00 €/KG","img":"https://fd14-photos.leclercdrive.fr/image.ashx?id=2877706&use=l&cat=p&typeid=i","cat":312238},{"id":106481,"n":"Repas bébé Blédichef 24 mois  Riz légumes poulet curry - 250g","p":1.8,"u":"7,20 €/KG","img":"https://fd14-photos.leclercdrive.fr/image.ashx?id=2951590&use=l&cat=p&typeid=i","cat":312238},{"id":106605,"n":"Ravioli Lustucru Selection  Jambon fromage 300g","p":2.2,"u":"7,33 €/KG","img":"https://fd14-photos.leclercdrive.fr/image.ashx?id=2962527&use=l&cat=p&typeid=i","cat":333682},{"id":106627,"n":"Repas bébé Blédichef 15 mois Légumes viandes 2x230g - 2x250g","p":6.76,"u":"7,04 €/KG","img":"https://fd14-photos.leclercdrive.fr/image.ashx?id=2643752&use=l&cat=p&typeid=i","cat":312238},{"id":106690,"n":"Gel douche Bionaïa Abricot bio - 250ml","p":1.4,"u":"5,60 €/L","img":"https://fd14-photos.leclercdrive.fr/image.ashx?id=2512478&use=l&cat=p&typeid=i","cat":284594},{"id":106722,"n":"Bière blonde Abbaye Sant Erwann 7%vol. - 12x25cl","p":9.9,"u":"3,30 €/L","img":"https://fd14-photos.leclercdrive.fr/image.ashx?id=2678068&use=l&cat=p&typeid=i","cat":334873},{"id":106750,"n":"Eau micellaire So Bio Etic Aloe purifiante bio - 500ml","p":5.65,"u":"11,30 €/L","img":"https://fd14-photos.leclercdrive.fr/image.ashx?id=2577009&use=l&cat=p&typeid=i","cat":284603},{"id":106751,"n":"Après-shampooing So Bio Etic Karité Argan bio - 200ml","p":4.22,"u":"21,10 €/L","img":"https://fd14-photos.leclercdrive.fr/image.ashx?id=2787059&use=l&cat=p&typeid=i","cat":284607},{"id":106768,"n":"Shampooing bio So Bio Etic Coco & Acide Hyaluronique-250ml","p":3.95,"u":"15,80 €/L","img":"https://fd14-photos.leclercdrive.fr/image.ashx?id=2788727&use=l&cat=p&typeid=i","cat":284606},{"id":106801,"n":"Colle Ni Clou Ni Vis Pattex Extra fort & rapide - 52g","p":4.95,"u":"95,19 €/KG","img":"https://fd14-photos.leclercdrive.fr/image.ashx?id=2664707&use=l&cat=p&typeid=i","cat":300576},{"id":106806,"n":"Colle Ni Clou Ni Vis Pattex Extra fort & Rapide - 380g","p":8.9,"u":"23,42 €/KG","img":"https://fd14-photos.leclercdrive.fr/image.ashx?id=2673631&use=l&cat=p&typeid=i","cat":300576},{"id":106809,"n":"Colle multi-usages Pattex 20g","p":2.15,"u":"107,50 €/KG","img":"https://fd14-photos.leclercdrive.fr/image.ashx?id=1729581&use=l&cat=p&typeid=i","cat":300576},{"id":106886,"n":"Petit suisse nature Gervais 9,5% MG - 6x60g","p":1.7,"u":"4,72 €/KG","img":"https://fd14-photos.leclercdrive.fr/image.ashx?id=2230384&use=l&cat=p&typeid=i","cat":284409},{"id":107211,"n":"Jus innocent myrtille cassis 900ml","p":2.7,"u":"3,00 €/L","img":"https://fd14-photos.leclercdrive.fr/image.ashx?id=2891235&use=l&cat=p&typeid=i","cat":285435},{"id":107280,"n":"Règle plate Twist'n'Flex Maped Vert - 20cm","p":1.05,"img":"https://fd14-photos.leclercdrive.fr/image.ashx?id=1690610&use=l&cat=p&typeid=i","cat":334133},{"id":107384,"n":"Bacon Justin Bridou  16 Tranches - 160g","p":2.7,"u":"16,88 €/KG","img":"https://fd14-photos.leclercdrive.fr/image.ashx?id=2924110&use=l&cat=p&typeid=i","cat":316007},{"id":107701,"n":"Jambon cœur braisé 5 tranches épaisses - 500g","p":6.5,"u":"13,00 €/KG","img":"https://fd14-photos.leclercdrive.fr/image.ashx?id=2603318&use=l&cat=p&typeid=i","cat":316009},{"id":107759,"n":"Blanc de poulet Réghalal 4 tranches - 165g","p":2.1,"u":"12,73 €/KG","img":"https://fd14-photos.leclercdrive.fr/image.ashx?id=2037938&use=l&cat=p&typeid=i","cat":316013},{"id":108146,"n":"Boisson aux fruits Oasis Tropical - 2L","p":2.41,"u":"1,21 €/L","img":"https://fd14-photos.leclercdrive.fr/image.ashx?id=2996569&use=l&cat=p&typeid=i","cat":295018},{"id":108449,"n":"Déodorant spray Monsavon Fleur Lotus-200ml","p":1.9,"u":"9,50 €/L","img":"https://fd14-photos.leclercdrive.fr/image.ashx?id=2643914&use=l&cat=p&typeid=i","cat":284595},{"id":108558,"n":"Beurre 1/2 sel  Le vieux Bourg 80%MG - 250g","p":4.45,"u":"17,80 €/KG","img":"https://fd14-photos.leclercdrive.fr/image.ashx?id=2021664&use=l&cat=p&typeid=i","cat":284379},{"id":108560,"n":"Beurre au sel de Guérande Le Vieux-Bourg - 250g","p":4.65,"u":"18,60 €/KG","img":"https://fd14-photos.leclercdrive.fr/image.ashx?id=2261771&use=l&cat=p&typeid=i","cat":284379},{"id":108645,"n":"Galettes fraîches blé noir Crêperie de Guerlédan - x3 200g","p":2.25,"u":"11,25 €/KG","img":"https://fd14-photos.leclercdrive.fr/image.ashx?id=2044681&use=l&cat=p&typeid=i","cat":333672},{"id":108646,"n":"Crêpes fines x4 Crêperie de Guerledan - 200g","p":2.85,"u":"14,25 €/KG","img":"https://fd14-photos.leclercdrive.fr/image.ashx?id=2108906&use=l&cat=p&typeid=i","cat":333672},{"id":108647,"n":"Galettes Crêperie de Guerledan À l'ancienne - x3 - 260g","p":2.65,"u":"10,19 €/KG","img":"https://fd14-photos.leclercdrive.fr/image.ashx?id=2108903&use=l&cat=p&typeid=i","cat":333672},{"id":108648,"n":"Galettes Crêperie de Guerledan Pomme de terre x6 - 300g","p":3.95,"u":"13,17 €/KG","img":"https://fd14-photos.leclercdrive.fr/image.ashx?id=2190608&use=l&cat=p&typeid=i","cat":333672},{"id":108652,"n":"Crêpes moëlleuses petites Crêperie de Guerledan x6 - 300g","p":3.7,"u":"12,33 €/KG","img":"https://fd14-photos.leclercdrive.fr/image.ashx?id=2144935&use=l&cat=p&typeid=i","cat":333672},{"id":108668,"n":"Bière blonde La Goudale 7.2% vol. - 50cl","p":1.5,"u":"3,00 €/L","img":"https://fd14-photos.leclercdrive.fr/image.ashx?id=2513658&use=l&cat=p&typeid=i","cat":334852},{"id":108699,"n":"Marmelade Bonne Maman Oranges amères - 750g","p":3.15,"u":"4,20 €/KG","img":"https://fd14-photos.leclercdrive.fr/image.ashx?id=2386488&use=l&cat=p&typeid=i","cat":284480},{"id":108707,"n":"Filtres à café Uni vert Bruns n°4 - x80","p":1.24,"u":"0,02 €/P","img":"https://fd14-photos.leclercdrive.fr/image.ashx?id=1695831&use=l&cat=p&typeid=i","cat":284751},{"id":108711,"n":"Gel Douche Fa Crème Cacao coco flacon - 250ml","p":1.48,"u":"5,92 €/L","img":"https://fd14-photos.leclercdrive.fr/image.ashx?id=2995097&use=l&cat=p&typeid=i","cat":284594},{"id":108712,"n":"Gel douche Fa Caribbean Wave flacon - 250ml","p":1.49,"u":"5,96 €/L","img":"https://fd14-photos.leclercdrive.fr/image.ashx?id=2110236&use=l&cat=p&typeid=i","cat":284594},{"id":108717,"n":"Vinaigrette légère Amora Moutarde - 380ml","p":2.07,"u":"5,45 €/L","img":"https://fd14-photos.leclercdrive.fr/image.ashx?id=2654170&use=l&cat=p&typeid=i","cat":284456},{"id":108775,"n":"Irish cream Baileys  17%vol. - 1L","p":18.75,"u":"18,75 €/L","img":"https://fd14-photos.leclercdrive.fr/image.ashx?id=1763799&use=l&cat=p&typeid=i","cat":286032},{"id":108803,"n":"Le flan pâtissier Daunat Les parts gourmandes - 120g","p":1.6,"u":"13,33 €/KG","img":"https://fd14-photos.leclercdrive.fr/image.ashx?id=2952658&use=l&cat=p&typeid=i","cat":284419},{"id":108836,"n":"Matin Léger de Lactel Bouteille Sans lactose 1.2% mg - 6x25cl","p":4.8,"u":"3,20 €/L","img":"https://fd14-photos.leclercdrive.fr/image.ashx?id=2883534&use=l&cat=p&typeid=i","cat":317169},{"id":108844,"n":"Plat bébé soir Blédichef 12mois Spaghetti crème légumes -2x230g","p":3.16,"u":"6,87 €/KG","img":"https://fd14-photos.leclercdrive.fr/image.ashx?id=2643494&use=l&cat=p&typeid=i","cat":312239},{"id":108891,"n":"Croccante alla Mozzarella  Galbani - 150g","p":2.85,"u":"19,00 €/KG","img":"https://fd14-photos.leclercdrive.fr/image.ashx?id=2786000&use=l&cat=p&typeid=i","cat":314027},{"id":108895,"n":"Galettes fraîches du Pays Gallo Crêperie Bertel - 225g - x3","p":1.97,"u":"8,76 €/KG","img":"https://fd14-photos.leclercdrive.fr/image.ashx?id=1871992&use=l&cat=p&typeid=i","cat":333672},{"id":108896,"n":"Galettes fraîches du Pays Gallo Crêperie Bertel - 450g - x6","p":3.5,"u":"7,78 €/KG","img":"https://fd14-photos.leclercdrive.fr/image.ashx?id=1871989&use=l&cat=p&typeid=i","cat":333672},{"id":108935,"n":"Crème entière fluide Bridelice 30% MG - 2x25cl","p":3.35,"u":"6,70 €/L","img":"https://fd14-photos.leclercdrive.fr/image.ashx?id=2911954&use=l&cat=p&typeid=i","cat":284381},{"id":108936,"n":"AOP Comté Entremont Rapé - 130g","p":2.55,"u":"19,62 €/KG","img":"https://fd14-photos.leclercdrive.fr/image.ashx?id=2983165&use=l&cat=p&typeid=i","cat":314035},{"id":108997,"n":"Crème dessert Danette vanille chocolat -16x115g","p":4.55,"u":"2,47 €/KG","img":"https://fd14-photos.leclercdrive.fr/image.ashx?id=2949850&use=l&cat=p&typeid=i","cat":285041},{"id":109092,"n":"Croissants pur beurre  8p","p":4.9,"u":"0,61 €/P","img":"https://fd14-photos.leclercdrive.fr/image.ashx?id=557854&use=l&cat=p&typeid=i","cat":284984},{"id":109271,"n":"Yaourt à boire Yop Aromatisé Coco - 825g","p":1.9,"u":"2,30 €/KG","img":"https://fd14-photos.leclercdrive.fr/image.ashx?id=2855576&use=l&cat=p&typeid=i","cat":284415},{"id":109273,"n":"Yaourt à boire Yop Aromatisé Citron - 825g","p":1.9,"u":"2,30 €/KG","img":"https://fd14-photos.leclercdrive.fr/image.ashx?id=2855573&use=l&cat=p&typeid=i","cat":284415},{"id":109274,"n":"Yaourt Enfant Petits Filous Aromatisé à la Fraise - 6x100g","p":2.7,"u":"4,50 €/KG","img":"https://fd14-photos.leclercdrive.fr/image.ashx?id=2748434&use=l&cat=p&typeid=i","cat":284415},{"id":109300,"n":"Café en grains Coïc Couleur de Bretagne - 250g","p":4.45,"pp":4.05,"u":"16,20 €/KG","img":"https://fd14-photos.leclercdrive.fr/image.ashx?id=2811086&use=l&cat=p&typeid=i","cat":293237},{"id":109323,"n":"Rillettes thon blanc tomséchées Les Mouettes d'Arvor - 125g","p":2.85,"u":"22,80 €/KG","img":"https://fd14-photos.leclercdrive.fr/image.ashx?id=1901269&use=l&cat=p&typeid=i","cat":303867},{"id":109325,"n":"Filets de maquereaux Muscadet Les Mouettes d'Arvor - 176g","p":3.15,"u":"17,90 €/KG","img":"https://fd14-photos.leclercdrive.fr/image.ashx?id=1896298&use=l&cat=p&typeid=i","cat":303868},{"id":109327,"n":"Filets maquereaux à la moutarde Mouettes d'Arvor - 169g","p":3.05,"u":"18,05 €/KG","img":"https://fd14-photos.leclercdrive.fr/image.ashx?id=2015726&use=l&cat=p&typeid=i","cat":303868},{"id":109330,"n":"Saucisson Noix de jambon  AOSTE VPF - 190g","p":3.7,"u":"19,47 €/P","img":"https://fd14-photos.leclercdrive.fr/image.ashx?id=2985276&use=l&cat=p&typeid=i","cat":316006},{"id":109332,"n":"Coulis de caramel beurre salé Carabreizh - 330g","p":6.4,"u":"19,39 €/KG","img":"https://fd14-photos.leclercdrive.fr/image.ashx?id=3000318&use=l&cat=p&typeid=i","cat":284481},{"id":109334,"n":"Crème de caramel beurre salé Carabreizh - 340g","p":5.75,"u":"16,91 €/KG","img":"https://fd14-photos.leclercdrive.fr/image.ashx?id=2960195&use=l&cat=p&typeid=i","cat":284481},{"id":109398,"n":"Filet de poulet  La Nouvelle Agriculture x2 260g","p":4.4,"u":"16,92 €/KG","img":"https://fd14-photos.leclercdrive.fr/image.ashx?id=2629079&use=l&cat=p&typeid=i","cat":284336},{"id":109399,"n":"Fine escalope de dinde noire La Nouvelle Agriculture- 100g","p":2.3,"u":"23,00 €/KG","img":"https://fd14-photos.leclercdrive.fr/image.ashx?id=2364282&use=l&cat=p&typeid=i","cat":284337},{"id":109437,"n":"Repas bébé Blédichef 12 mois  Couscous - 2x230g","p":3.36,"u":"7,30 €/KG","img":"https://fd14-photos.leclercdrive.fr/image.ashx?id=2479706&use=l&cat=p&typeid=i","cat":312237},{"id":109441,"n":"Thon entier MSC Pêche Océan Naturel - 140g","p":2.15,"u":"15,36 €/KG","img":"https://fd14-photos.leclercdrive.fr/image.ashx?id=2942211&use=l&cat=p&typeid=i","cat":303867},{"id":109442,"n":"Vin blanc Domus by UBY Côtes de Gascogne - 3L","p":14.9,"u":"4,97 €/L","img":"https://fd14-photos.leclercdrive.fr/image.ashx?id=2325374&use=l&cat=p&typeid=i","cat":289560},{"id":109451,"n":"Boisson lactée Danao Multivitaminé - 900ml","p":2.65,"u":"2,94 €/L","img":"https://fd14-photos.leclercdrive.fr/image.ashx?id=2637216&use=l&cat=p&typeid=i","cat":285435},{"id":109455,"n":"Boisson lactée Danao Orange Banane Fraise - 900ml","p":2.55,"u":"2,83 €/L","img":"https://fd14-photos.leclercdrive.fr/image.ashx?id=2609908&use=l&cat=p&typeid=i","cat":285435},{"id":109457,"n":"Boisson lactée Danao Pêche Abricot - 900ml","p":2.55,"u":"2,83 €/L","img":"https://fd14-photos.leclercdrive.fr/image.ashx?id=2606367&use=l&cat=p&typeid=i","cat":285435},{"id":109468,"n":"Poulet  La Nouvelle Agriculture Cuisse - x2 - 360g","p":2.75,"u":"7,64 €/KG","img":"https://fd14-photos.leclercdrive.fr/image.ashx?id=2629082&use=l&cat=p&typeid=i","cat":284336},{"id":109474,"n":"Yaourt à boire Yop Dessert Lacté Chocolat - 825g","p":1.9,"u":"2,30 €/KG","img":"https://fd14-photos.leclercdrive.fr/image.ashx?id=2941613&use=l&cat=p&typeid=i","cat":284415},{"id":109484,"n":"Galettes Authentique Crêperie Tirel - 275g","p":2.06,"u":"7,49 €/KG","img":"https://fd14-photos.leclercdrive.fr/image.ashx?id=1905557&use=l&cat=p&typeid=i","cat":333672},{"id":109486,"n":"Galettes Authentique Crêperie Tirel -  x6 - 550g","p":4.12,"u":"7,49 €/KG","img":"https://fd14-photos.leclercdrive.fr/image.ashx?id=1905554&use=l&cat=p&typeid=i","cat":333672},{"id":109495,"n":"Crêpes Authentique Crêperie Tirel - x6 - 350g","p":4.12,"u":"1,96 €/KG","img":"https://fd14-photos.leclercdrive.fr/image.ashx?id=1905560&use=l&cat=p&typeid=i","cat":333672},{"id":109499,"n":"crème dessert caramel beurre salé danette - 4x125g","p":1.6,"u":"3,20 €/KG","img":"https://fd14-photos.leclercdrive.fr/image.ashx?id=1987455&use=l&cat=p&typeid=i","cat":285041},{"id":109507,"n":"IGP Ile de Beauté rosé La Petite Paillotte Corse 75cl","p":5.8,"u":"7,73 €/L","img":"https://fd14-photos.leclercdrive.fr/image.ashx?id=2836508&use=l&cat=p&typeid=i","cat":289558},{"id":109509,"n":"crème dessert café danette - 4x125g","p":1.6,"u":"3,20 €/KG","img":"https://fd14-photos.leclercdrive.fr/image.ashx?id=2961867&use=l&cat=p&typeid=i","cat":285041},{"id":109512,"n":"Petits suisses aux fruits Danonino - 6x100g","p":2.95,"u":"4,92 €/KG","img":"https://fd14-photos.leclercdrive.fr/image.ashx?id=2785244&use=l&cat=p&typeid=i","cat":284414},{"id":109554,"n":"Pulpe de tomates bio Bio Village - 2x400g","p":1.87,"u":"4,68 €/KG","img":"https://fd14-photos.leclercdrive.fr/image.ashx?id=2181840&use=l&cat=p&typeid=i","cat":312608},{"id":109567,"n":"AdBlue Diframa avec flexible 5L","p":4.99,"u":"1,00 €/L","img":"https://fd14-photos.leclercdrive.fr/image.ashx?id=1867723&use=l&cat=p&typeid=i","cat":298253},{"id":109578,"n":"Mouchoirs Ultra Soft Kleenex® Etuis mini x10","p":1.9,"u":"0,19 €/P","img":"https://fd14-photos.leclercdrive.fr/image.ashx?id=2840307&use=l&cat=p&typeid=i","cat":284638},{"id":109589,"n":"Mouchoirs Balsam Kleenex® Etuis regular x10","p":1.99,"u":"0,20 €/P","img":"https://fd14-photos.leclercdrive.fr/image.ashx?id=2840304&use=l&cat=p&typeid=i","cat":284638},{"id":109666,"n":"Café en grains L'OR Sélection 100% Arabica N° 6 1kg","p":18.78,"u":"18,78 €/KG","img":"https://fd14-photos.leclercdrive.fr/image.ashx?id=3000483&use=l&cat=p&typeid=i","cat":293237},{"id":109670,"n":"Compotes Pom'Potes Gourdes  Mix de Pommes - 20x90g","p":6.9,"u":"3,83 €/KG","img":"https://fd14-photos.leclercdrive.fr/image.ashx?id=2563349&use=l&cat=p&typeid=i","cat":284508},{"id":109742,"n":"Jus pour bébé NATURNES BIO Poire Abricot 6M+ - 20cl","p":0.81,"u":"4,05 €/L","img":"https://fd14-photos.leclercdrive.fr/image.ashx?id=2532258&use=l&cat=p&typeid=i","cat":312388},{"id":109749,"n":"Liquide de rinçage Uni Vert Lave-vaisselle Ecologique-750ml","p":1.99,"u":"2,65 €/L","img":"https://fd14-photos.leclercdrive.fr/image.ashx?id=2966403&use=l&cat=p&typeid=i","cat":284657},{"id":109753,"n":"Sauce crudité Amora Nature - 380ml","p":1.85,"u":"4,87 €/KG","img":"https://fd14-photos.leclercdrive.fr/image.ashx?id=2644995&use=l&cat=p&typeid=i","cat":284456},{"id":109763,"n":"Assiette dessert Eco+ Opale 20cm - 1 pièce","p":0.58,"img":"https://fd14-photos.leclercdrive.fr/image.ashx?id=1706760&use=l&cat=p&typeid=i","cat":334134},{"id":109764,"n":"Assiette creuse Eco+ Ronda 20cm - 1 pièce","p":0.58,"img":"https://fd14-photos.leclercdrive.fr/image.ashx?id=1707697&use=l&cat=p&typeid=i","cat":334134},{"id":109892,"n":"Soda Coca-Cola Cherry Bouteille - 1,25L","p":1.75,"u":"1,40 €/L","img":"https://fd14-photos.leclercdrive.fr/image.ashx?id=2678161&use=l&cat=p&typeid=i","cat":284530},{"id":109893,"n":"Soda Coca-Cola Vanille Bouteille - 1,25L","p":1.9,"u":"1,52 €/L","img":"https://fd14-photos.leclercdrive.fr/image.ashx?id=2678164&use=l&cat=p&typeid=i","cat":284530},{"id":110000,"n":"Cornichons fins AMORA Bocal - 540g","p":3.8,"u":"7,04 €/KG","img":"https://fd14-photos.leclercdrive.fr/image.ashx?id=2672710&use=l&cat=p&typeid=i","cat":284458},{"id":110005,"n":"Repas bébé Blédichef 12 mois  Riz légumes poulet - 2x230g","p":3.5,"u":"7,61 €/KG","img":"https://fd14-photos.leclercdrive.fr/image.ashx?id=2361843&use=l&cat=p&typeid=i","cat":312237},{"id":110039,"n":"Boisson amande Nat & Vie Sans sucre - 1L","p":1.66,"u":"1,66 €/L","img":"https://fd14-photos.leclercdrive.fr/image.ashx?id=2882340&use=l&cat=p&typeid=i","cat":316067},{"id":110048,"n":"Tendres effilés Chats Felix Encore plus de sauce 12x85g","p":4.95,"u":"4,85 €/KG","img":"https://fd14-photos.leclercdrive.fr/image.ashx?id=2957662&use=l&cat=p&typeid=i","cat":285286},{"id":110095,"n":"Sauce chinoise 290g","p":1.79,"u":"6,17 €/KG","img":"https://fd14-photos.leclercdrive.fr/image.ashx?id=2458145&use=l&cat=p&typeid=i","cat":318431},{"id":110103,"n":"Huile d'olive vierge extra 25cl","p":2.89,"u":"11,56 €/L","img":"https://fd14-photos.leclercdrive.fr/image.ashx?id=2892349&use=l&cat=p&typeid=i","cat":284453},{"id":110131,"n":"Sandwich polaire Coté Snack Jambon chèvre - 135g","p":1.83,"u":"13,56 €/KG","img":"https://fd14-photos.leclercdrive.fr/image.ashx?id=2619731&use=l&cat=p&typeid=i","cat":333658},{"id":110136,"n":"Dessert lacté bio Bio Village Poire brassé 6-9mois - 4x100g","p":2.06,"u":"5,15 €/KG","img":"https://fd14-photos.leclercdrive.fr/image.ashx?id=1702278&use=l&cat=p&typeid=i","cat":312392},{"id":110139,"n":"Dessert lacté bio Bio Village Brassé nature sucré - 4x100g","p":2.13,"u":"5,33 €/KG","img":"https://fd14-photos.leclercdrive.fr/image.ashx?id=1702275&use=l&cat=p&typeid=i","cat":312392},{"id":110178,"n":"Radis ronds  Panier du Primeur - 250g","p":0.99,"u":"3,96 €/KG","img":"https://fd14-photos.leclercdrive.fr/image.ashx?id=3015114&use=l&cat=p&typeid=i","cat":284352},{"id":110556,"n":"Jus innocent plus  infatigableu 750ml","p":2.7,"u":"3,60 €/L","img":"https://fd14-photos.leclercdrive.fr/image.ashx?id=2862874&use=l&cat=p&typeid=i","cat":285435},{"id":110557,"n":"Jus innocent plus  matière green 750ml","p":2.7,"u":"3,60 €/L","img":"https://fd14-photos.leclercdrive.fr/image.ashx?id=2887200&use=l&cat=p&typeid=i","cat":285435},{"id":110566,"n":"Crème dépilatoire Veet Men Corps Peaux Sensibles 200ml","p":4.35,"u":"21,75 €/L","img":"https://fd14-photos.leclercdrive.fr/image.ashx?id=2965689&use=l&cat=p&typeid=i","cat":284617},{"id":110568,"n":"Gel Lubrifiant Intime Durex Naturel Confort Base Eau 100ml","p":7.3,"u":"73,00 €/L","img":"https://fd14-photos.leclercdrive.fr/image.ashx?id=2960687&use=l&cat=p&typeid=i","cat":285160},{"id":110573,"n":"Culotte absorbante Chorys Plus médium - x14","p":9.98,"u":"0,71 €/P","img":"https://fd14-photos.leclercdrive.fr/image.ashx?id=2458109&use=l&cat=p&typeid=i","cat":284628},{"id":110575,"n":"Dentifrice Bionaïa Coco Aloe Vera bio - 75ml","p":1.99,"u":"26,53 €/L","img":"https://fd14-photos.leclercdrive.fr/image.ashx?id=2529549&use=l&cat=p&typeid=i","cat":284612},{"id":110596,"n":"Poudre Lave Vaisselle Sun Classique 90 Lavages","p":8.75,"u":"3,07 €/KG","img":"https://fd14-photos.leclercdrive.fr/image.ashx?id=2866172&use=l&cat=p&typeid=i","cat":284656},{"id":110598,"n":"Solution 2 en 1 pour Mycose Ongles Pieds - 3,8 ml","p":11.95,"img":"https://fd14-photos.leclercdrive.fr/image.ashx?id=2990955&use=l&cat=p&typeid=i","cat":325354},{"id":110653,"n":"Carafon sans bouchon Luminarc 0,5L - 1 pièce","p":2.24,"img":"https://fd14-photos.leclercdrive.fr/image.ashx?id=2324429&use=l&cat=p&typeid=i","cat":334134},{"id":110656,"n":"Bocal Le Parfait Super 1/2 litre - Pack de 6","p":16.15,"u":"2,69 €/P","img":"https://fd14-photos.leclercdrive.fr/image.ashx?id=2807462&use=l&cat=p&typeid=i","cat":284710},{"id":110657,"n":"Bocal La parfait Super 3/4 litre - Pack de 6","p":15.95,"u":"2,66 €/P","img":"https://fd14-photos.leclercdrive.fr/image.ashx?id=2807465&use=l&cat=p&typeid=i","cat":284710},{"id":110659,"n":"Bocal Le Parfait Super 1 litre - Pack de 6","p":15.5,"u":"2,58 €/P","img":"https://fd14-photos.leclercdrive.fr/image.ashx?id=2807468&use=l&cat=p&typeid=i","cat":284710},{"id":110662,"n":"Confiturier 324ml Le Parfait Couvercle métal décoré - Pack 6","p":6.5,"u":"1,08 €/P","img":"https://fd14-photos.leclercdrive.fr/image.ashx?id=2504470&use=l&cat=p&typeid=i","cat":284710},{"id":110664,"n":"Bol parisien Eco+ Transparent 51cl - 1 pièce","p":1.08,"img":"https://fd14-photos.leclercdrive.fr/image.ashx?id=1704284&use=l&cat=p&typeid=i","cat":334134},{"id":110665,"n":"Assiette plate Opale Eco+ 24cm - 1 pièce","p":0.7,"img":"https://fd14-photos.leclercdrive.fr/image.ashx?id=1704287&use=l&cat=p&typeid=i","cat":334134},{"id":110676,"n":"Riz cuisine Bio Village Fluide bio - 3x20cl","p":2.82,"u":"4,70 €/KG","img":"https://fd14-photos.leclercdrive.fr/image.ashx?id=2717260&use=l&cat=p&typeid=i","cat":288381},{"id":110696,"n":"Yaourt à boire Yop Aromatisé Tropical - 825g","p":1.9,"u":"2,30 €/KG","img":"https://fd14-photos.leclercdrive.fr/image.ashx?id=2855582&use=l&cat=p&typeid=i","cat":284415},{"id":110712,"n":"Boisson lacté Délisse Vanille - 6x20cl","p":2.22,"u":"1,85 €/L","img":"https://fd14-photos.leclercdrive.fr/image.ashx?id=2171916&use=l&cat=p&typeid=i","cat":295246},{"id":110827,"n":"Jus pour bébé Naturnes Bio Pomme mangue 6M+ 20cl","p":0.81,"u":"4,05 €/L","img":"https://fd14-photos.leclercdrive.fr/image.ashx?id=2406235&use=l&cat=p&typeid=i","cat":312388},{"id":110845,"n":"Huile végétale So'Bio Etic Amande douce bio - 50ml","p":4.69,"u":"93,80 €/L","img":"https://fd14-photos.leclercdrive.fr/image.ashx?id=2827956&use=l&cat=p&typeid=i","cat":325349},{"id":110847,"n":"Huile végétale So'Bio Etic Coco bio - 50ml","p":5.2,"u":"104,00 €/L","img":"https://fd14-photos.leclercdrive.fr/image.ashx?id=2827959&use=l&cat=p&typeid=i","cat":325349},{"id":110849,"n":"Dentifrice Bionaïa Charbon bio - 75ml","p":1.99,"u":"26,53 €/L","img":"https://fd14-photos.leclercdrive.fr/image.ashx?id=2529546&use=l&cat=p&typeid=i","cat":284612},{"id":110856,"n":"Pack bières blondes 8.6 8.6%vol - 4x50cl","p":5.3,"u":"2,65 €/L","img":"https://fd14-photos.leclercdrive.fr/image.ashx?id=2841601&use=l&cat=p&typeid=i","cat":334853},{"id":110858,"n":"Jus pour bébé Naturnes 6 mois Poire Banane Bio - 200ml","p":0.84,"u":"4,20 €/L","img":"https://fd14-photos.leclercdrive.fr/image.ashx?id=2406238&use=l&cat=p&typeid=i","cat":312388},{"id":110860,"n":"Petit pot légumes  Babybio Bio  4 mois 2x130g","p":1.6,"u":"6,15 €/KG","img":"https://fd14-photos.leclercdrive.fr/image.ashx?id=2857341&use=l&cat=p&typeid=i","cat":312234},{"id":111211,"n":"Pain de mie La Boulangère Seigle graines - 500g","p":1.95,"u":"3,90 €/KG","img":"https://fd14-photos.leclercdrive.fr/image.ashx?id=2912425&use=l&cat=p&typeid=i","cat":284477},{"id":111363,"n":"Allumettes Eco+ Nature - 2x100g","p":1.35,"u":"6,75 €/KG","img":"https://fd14-photos.leclercdrive.fr/image.ashx?id=2688255&use=l&cat=p&typeid=i","cat":316011},{"id":111369,"n":"Allumettes Eco+ Fumées - 2x100g","p":1.35,"u":"6,75 €/KG","img":"https://fd14-photos.leclercdrive.fr/image.ashx?id=2688258&use=l&cat=p&typeid=i","cat":316011},{"id":111415,"n":"Repas bébé Blédichef 12 mois Purée épinards saumon - 230g","p":1.6,"u":"6,40 €/KG","img":"https://fd14-photos.leclercdrive.fr/image.ashx?id=1710731&use=l&cat=p&typeid=i","cat":312237},{"id":111418,"n":"Repas bébé Blédichef 15 mois Risotto courgette saumon - 250g","p":1.8,"u":"7,20 €/KG","img":"https://fd14-photos.leclercdrive.fr/image.ashx?id=2643488&use=l&cat=p&typeid=i","cat":312238},{"id":111419,"n":"Repas bébé Blédichef 24 mois  Macaroni carotte boeuf - 250g","p":1.8,"u":"7,20 €/KG","img":"https://fd14-photos.leclercdrive.fr/image.ashx?id=2951593&use=l&cat=p&typeid=i","cat":312238},{"id":111432,"n":"Plat bébé soir Blédichef 15mois Pomme de terre chou fleur -250g","p":1.8,"u":"7,20 €/KG","img":"https://fd14-photos.leclercdrive.fr/image.ashx?id=2479018&use=l&cat=p&typeid=i","cat":312239},{"id":111435,"n":"Repas bébé Blédichef 18 mois  Ratatouille poulet - 250g","p":1.75,"u":"7,00 €/KG","img":"https://fd14-photos.leclercdrive.fr/image.ashx?id=2951596&use=l&cat=p&typeid=i","cat":312238},{"id":111525,"n":"Colle Super Glue 3 Loctite Précision - 5g","p":4.5,"u":"900,00 €/KG","img":"https://fd14-photos.leclercdrive.fr/image.ashx?id=2020281&use=l&cat=p&typeid=i","cat":300576},{"id":111683,"n":"Thé vert bio Jardin Bio Menthe Nanah - 30g","p":2.52,"u":"84,00 €/KG","img":"https://fd14-photos.leclercdrive.fr/image.ashx?id=3014530&use=l&cat=p&typeid=i","cat":293233},{"id":111789,"n":"Ficelles ambly Romarin - 100g","p":2.1,"u":"21,00 €/KG","img":"https://fd14-photos.leclercdrive.fr/image.ashx?id=2818076&use=l&cat=p&typeid=i","cat":297000},{"id":111828,"n":"Compote Charles & Alice Pommes Framboises - 4x100g","p":1.6,"u":"4,00 €/KG","img":"https://fd14-photos.leclercdrive.fr/image.ashx?id=2757341&use=l&cat=p&typeid=i","cat":284416},{"id":111829,"n":"Compote Charles & Alice Pommes Fraises - 4x100g","p":1.6,"u":"4,00 €/KG","img":"https://fd14-photos.leclercdrive.fr/image.ashx?id=2757338&use=l&cat=p&typeid=i","cat":284416},{"id":111894,"n":"Coloration Perfect Mousse  Schwarzkopf - 668 noisette","p":6.65,"img":"https://fd14-photos.leclercdrive.fr/image.ashx?id=2856709&use=l&cat=p&typeid=i","cat":288899},{"id":111895,"n":"Coloration Perfect Mousse Schwarzkopf - 500 châtain","p":6.65,"img":"https://fd14-photos.leclercdrive.fr/image.ashx?id=2970882&use=l&cat=p&typeid=i","cat":288899},{"id":111896,"n":"Coloration Perfect Mousse Schwarzkopf - 200 noir","p":6.89,"img":"https://fd14-photos.leclercdrive.fr/image.ashx?id=2970885&use=l&cat=p&typeid=i","cat":288899},{"id":111897,"n":"Coloration Casting crème gloss Prune exquise N°316","p":8.3,"img":"https://fd14-photos.leclercdrive.fr/image.ashx?id=2869074&use=l&cat=p&typeid=i","cat":288899},{"id":111898,"n":"Coloration permanente Garnier Châtain foncé pur 3.0 Olia","p":8.65,"u":"72,08 €/L","img":"https://fd14-photos.leclercdrive.fr/image.ashx?id=2323619&use=l&cat=p&typeid=i","cat":288899},{"id":111899,"n":"Coloration Perfect Mousse Schwarzkopf - 465 châtain choco","p":6.65,"img":"https://fd14-photos.leclercdrive.fr/image.ashx?id=2921555&use=l&cat=p&typeid=i","cat":288899},{"id":111900,"n":"Coloration Permanente Olia 4.0 Chatain Pur sans ammoniaque","p":8.3,"img":"https://fd14-photos.leclercdrive.fr/image.ashx?id=2471319&use=l&cat=p&typeid=i","cat":288899},{"id":111901,"n":"Coloration Permanente Olia 4.15 Marron Glacé","p":8.15,"img":"https://fd14-photos.leclercdrive.fr/image.ashx?id=2471322&use=l&cat=p&typeid=i","cat":288899},{"id":111902,"n":"Coloration Permanente Olia 5.0 Chatain Clair","p":8.5,"img":"https://fd14-photos.leclercdrive.fr/image.ashx?id=2471325&use=l&cat=p&typeid=i","cat":288899},{"id":111903,"n":"Coloration Permanente Olia 5.3 Chatain Clair Doré","p":8.9,"img":"https://fd14-photos.leclercdrive.fr/image.ashx?id=2520494&use=l&cat=p&typeid=i","cat":288899},{"id":111906,"n":"Déodorant compressé Ushuaïa Grenade - 100ml","p":3.44,"u":"34,40 €/L","img":"https://fd14-photos.leclercdrive.fr/image.ashx?id=2474608&use=l&cat=p&typeid=i","cat":284595},{"id":111907,"n":"Déodorant compressé Ushuaïa Fleur d'Oranger - 100ml","p":3.19,"u":"31,90 €/L","img":"https://fd14-photos.leclercdrive.fr/image.ashx?id=2474614&use=l&cat=p&typeid=i","cat":284595},{"id":111908,"n":"Huile d'amande douce Primoplast 100ml","p":3.25,"u":"32,50 €/L","img":"https://fd14-photos.leclercdrive.fr/image.ashx?id=2856576&use=l&cat=p&typeid=i","cat":284630},{"id":111910,"n":"Gommage tube Manava 150ml","p":1.99,"u":"13,27 €/L","img":"https://fd14-photos.leclercdrive.fr/image.ashx?id=2515691&use=l&cat=p&typeid=i","cat":284594},{"id":111911,"n":"Crème anti-rides Bionaïa Bio - 50ml","p":5.59,"u":"111,80 €/L","img":"https://fd14-photos.leclercdrive.fr/image.ashx?id=1732847&use=l&cat=p&typeid=i","cat":325345},{"id":111914,"n":"Bière ambrée Grimbergen 6,5° - 12x25cl","p":10.05,"u":"3,35 €/L","img":"https://fd14-photos.leclercdrive.fr/image.ashx?id=2294378&use=l&cat=p&typeid=i","cat":334852},{"id":111972,"n":"Serviettes Discreet Tena Lady Extra Plus - x16","p":6.5,"u":"0,41 €/P","img":"https://fd14-photos.leclercdrive.fr/image.ashx?id=2597250&use=l&cat=p&typeid=i","cat":284628},{"id":111987,"n":"Repas bébé Blédichef 18 mois  Pâtes boeuf bourguignon - 250g","p":1.7,"u":"6,80 €/KG","img":"https://fd14-photos.leclercdrive.fr/image.ashx?id=2643746&use=l&cat=p&typeid=i","cat":312238},{"id":111988,"n":"Plat bébé soir Blédichef 18mois Pâtes carotte - 250g","p":1.65,"u":"6,60 €/KG","img":"https://fd14-photos.leclercdrive.fr/image.ashx?id=2479024&use=l&cat=p&typeid=i","cat":312239},{"id":111989,"n":"Plat bébé soir Blédichef 12mois Semoule carotte - 230g","p":1.65,"u":"7,17 €/KG","img":"https://fd14-photos.leclercdrive.fr/image.ashx?id=2852363&use=l&cat=p&typeid=i","cat":312239},{"id":111990,"n":"Plat bébé soir Blédichef 18mois Pâtes épinards carotte - 250g","p":1.75,"u":"7,00 €/KG","img":"https://fd14-photos.leclercdrive.fr/image.ashx?id=2479027&use=l&cat=p&typeid=i","cat":312239},{"id":111991,"n":"Repas bébé Blédichef 18 mois  Légumes volaille basquaise-250g","p":1.85,"u":"7,40 €/KG","img":"https://fd14-photos.leclercdrive.fr/image.ashx?id=2852369&use=l&cat=p&typeid=i","cat":312238},{"id":112000,"n":"Languette de fixation enlevable Tableau blanc grand modèle","p":3.9,"img":"https://fd14-photos.leclercdrive.fr/image.ashx?id=2751630&use=l&cat=p&typeid=i","cat":300576},{"id":112001,"n":"Recharge Power Tabs Rubson Aero Neutre - Lot de 6","p":24.9,"img":"https://fd14-photos.leclercdrive.fr/image.ashx?id=1971368&use=l&cat=p&typeid=i","cat":300576},{"id":112026,"n":"Fromage Saint Félicien Dauphine NRT - 180g","p":2.65,"u":"14,72 €/KG","img":"https://fd14-photos.leclercdrive.fr/image.ashx?id=2600617&use=l&cat=p&typeid=i","cat":329558},{"id":112036,"n":"Languette de fixation enlevable Tableau blanc moyen modèle","p":4.5,"img":"https://fd14-photos.leclercdrive.fr/image.ashx?id=2872084&use=l&cat=p&typeid=i","cat":300576},{"id":112040,"n":"Mastic Perfect Home Rubson Acrylique murs-fenêtres - 280ml","p":5.95,"u":"21,25 €/L","img":"https://fd14-photos.leclercdrive.fr/image.ashx?id=2563964&use=l&cat=p&typeid=i","cat":300576},{"id":112125,"n":"Crème nutritive nuit So'bio Précieux Argan bio  - 50ml","p":11.45,"u":"229,00 €/L","img":"https://fd14-photos.leclercdrive.fr/image.ashx?id=2990715&use=l&cat=p&typeid=i","cat":325345},{"id":112126,"n":"Crème rose jour So'Bio Etic Précieux Argan bio - 50ml","p":10.85,"u":"217,00 €/L","img":"https://fd14-photos.leclercdrive.fr/image.ashx?id=2792687&use=l&cat=p&typeid=i","cat":325345},{"id":112153,"n":"Planta Fin Cuisson 79%MG - 500ml","p":2.4,"u":"4,80 €/L","img":"https://fd14-photos.leclercdrive.fr/image.ashx?id=2793083&use=l&cat=p&typeid=i","cat":315229},{"id":112210,"n":"Bière blonde Affligem 6x25cl","p":5.2,"u":"3,47 €/L","img":"https://fd14-photos.leclercdrive.fr/image.ashx?id=2530323&use=l&cat=p&typeid=i","cat":334852},{"id":112291,"n":"Yaourt protéiné Hipro Myrtille 0%mg - 2x160g","p":2.15,"u":"6,72 €/KG","img":"https://fd14-photos.leclercdrive.fr/image.ashx?id=2800285&use=l&cat=p&typeid=i","cat":315000},{"id":112292,"n":"Yaourt protéiné Hipro Citron 0%mg - 2x160g","p":2.1,"u":"6,56 €/KG","img":"https://fd14-photos.leclercdrive.fr/image.ashx?id=2945415&use=l&cat=p&typeid=i","cat":315000},{"id":112293,"n":"Yaourt à boire protéiné Hipro Vanille cookie 0%mg - 300g","p":1.95,"u":"6,50 €/KG","img":"https://fd14-photos.leclercdrive.fr/image.ashx?id=2329753&use=l&cat=p&typeid=i","cat":315000},{"id":112294,"n":"Yaourt à boire protéiné Hipro Fraise framboise 0%mg - 300g","p":1.95,"u":"6,50 €/KG","img":"https://fd14-photos.leclercdrive.fr/image.ashx?id=2806060&use=l&cat=p&typeid=i","cat":315000},{"id":112330,"n":"Sauce soja sucre Kikkoman Carafe - 150ml","p":3.85,"u":"25,67 €/L","img":"https://fd14-photos.leclercdrive.fr/image.ashx?id=2536293&use=l&cat=p&typeid=i","cat":288992},{"id":112335,"n":"Sauce soja carafe Kikkoman 150ml","p":3.7,"u":"24,67 €/L","img":"https://fd14-photos.leclercdrive.fr/image.ashx?id=2536290&use=l&cat=p&typeid=i","cat":288992},{"id":112367,"n":"Protège matelas Tissaia Imperméable 90x190cm coton","p":15.95,"img":"https://fd14-photos.leclercdrive.fr/image.ashx?id=2380244&use=l&cat=p&typeid=i","cat":288835},{"id":112368,"n":"Protège matelas Tissaia Imperméable 140x190cm coton","p":19.85,"img":"https://fd14-photos.leclercdrive.fr/image.ashx?id=2380247&use=l&cat=p&typeid=i","cat":288835},{"id":112369,"n":"Protège matelas Tissaia Imperméable 160x200cm coton","p":23.85,"img":"https://fd14-photos.leclercdrive.fr/image.ashx?id=2380250&use=l&cat=p&typeid=i","cat":288835},{"id":112396,"n":"Yaourts gourmand Mamie Nova Fraise - 2x150g","p":1.25,"u":"4,17 €/KG","img":"https://fd14-photos.leclercdrive.fr/image.ashx?id=2986242&use=l&cat=p&typeid=i","cat":284410},{"id":112550,"n":"Feuille de chêne 125g","p":1.46,"u":"11,68 €/KG","img":"https://fd14-photos.leclercdrive.fr/image.ashx?id=2657966&use=l&cat=p&typeid=i","cat":284353},{"id":112556,"n":"Oignon rouge Bio  Bio Village - 500g","p":2.49,"u":"4,98 €/KG","img":"https://fd14-photos.leclercdrive.fr/image.ashx?id=2922460&use=l&cat=p&typeid=i","cat":284352},{"id":112621,"n":"Riz au lait La Laitière Vanille - 4x115g","p":1.6,"u":"3,48 €/KG","img":"https://fd14-photos.leclercdrive.fr/image.ashx?id=2661151&use=l&cat=p&typeid=i","cat":284418},{"id":112623,"n":"Riz au lait La Laitière Vanille - 8x115g","p":3.05,"u":"3,32 €/KG","img":"https://fd14-photos.leclercdrive.fr/image.ashx?id=2610783&use=l&cat=p&typeid=i","cat":284418},{"id":112624,"n":"Semoule au lait La Laitière Vanille - 4x115g","p":1.65,"u":"3,59 €/KG","img":"https://fd14-photos.leclercdrive.fr/image.ashx?id=2654578&use=l&cat=p&typeid=i","cat":284418},{"id":112690,"n":"Gianduiotti noir Novi 150g","p":4.2,"u":"28,00 €/KG","img":"https://fd14-photos.leclercdrive.fr/image.ashx?id=2615158&use=l&cat=p&typeid=i","cat":327595},{"id":112694,"n":"Foie gras canard IGP Sud-Ouest Label Rouge Lobe NRT - 200g","p":16.95,"u":"84,75 €/KG","img":"https://fd14-photos.leclercdrive.fr/image.ashx?id=2743906&use=l&cat=p&typeid=i","cat":316008},{"id":112695,"n":"Gianduiotti chocolat Novi 160g","p":4.5,"u":"28,13 €/KG","img":"https://fd14-photos.leclercdrive.fr/image.ashx?id=2615155&use=l&cat=p&typeid=i","cat":327595},{"id":112698,"n":"yaourt bifidus activia muesli quinoa amande chia -170g","p":1.8,"u":"10,59 €/KG","img":"https://fd14-photos.leclercdrive.fr/image.ashx?id=2965885&use=l&cat=p&typeid=i","cat":315000},{"id":112699,"n":"yaourt bifidus activia muesli framboise chia - 170g","p":1.8,"u":"10,59 €/KG","img":"https://fd14-photos.leclercdrive.fr/image.ashx?id=2965888&use=l&cat=p&typeid=i","cat":315000},{"id":112764,"n":"Potatoes aux herbes McCain Country Potatoes - 780g","p":2.5,"u":"3,21 €/KG","img":"https://fd14-photos.leclercdrive.fr/image.ashx?id=2973342&use=l&cat=p&typeid=i","cat":319791},{"id":113110,"n":"Tartine Grilletine de Pasquier Blé complet - x18 - 242g","p":1.55,"u":"6,40 €/KG","img":"https://fd14-photos.leclercdrive.fr/image.ashx?id=2333063&use=l&cat=p&typeid=i","cat":284479},{"id":113118,"n":"Dès de meule Les Croisés Fruitée - 150g","p":2.75,"u":"18,33 €/KG","img":"https://fd14-photos.leclercdrive.fr/image.ashx?id=1864494&use=l&cat=p&typeid=i","cat":314027},{"id":113128,"n":"Mûre Panier du Primeur 125g","p":3.49,"u":"27,92 €/KG","img":"https://fd14-photos.leclercdrive.fr/image.ashx?id=2414576&use=l&cat=p&typeid=i","cat":284356},{"id":113163,"n":"Framboises Panier du Primeur 125g","p":2.49,"u":"19,92 €/KG","img":"https://fd14-photos.leclercdrive.fr/image.ashx?id=2843800&use=l&cat=p&typeid=i","cat":284356},{"id":113202,"n":"Neufchâtel AOP Coeur de Bray 200g","p":3.4,"u":"17,00 €/KG","img":"https://fd14-photos.leclercdrive.fr/image.ashx?id=1734202&use=l&cat=p&typeid=i","cat":329558},{"id":113282,"n":"Olives la berbere Croc frais 250 g","p":2.59,"u":"10,36 €/KG","img":"https://fd14-photos.leclercdrive.fr/image.ashx?id=2589374&use=l&cat=p&typeid=i","cat":316002},{"id":113292,"n":"Boisson énergisante Monster Energy Punch Pipeline - 50CL","p":1.5,"u":"3,00 €/L","img":"https://fd14-photos.leclercdrive.fr/image.ashx?id=2207436&use=l&cat=p&typeid=i","cat":284533},{"id":113358,"n":"Bière ambrée Leffe 6,6% - 12x25cl","p":10.2,"u":"3,40 €/L","img":"https://fd14-photos.leclercdrive.fr/image.ashx?id=2533985&use=l&cat=p&typeid=i","cat":334852},{"id":113628,"n":"Cabillaud à l'oseille Marie 400g","p":4.95,"u":"12,38 €/KG","img":"https://fd14-photos.leclercdrive.fr/image.ashx?id=2996743&use=l&cat=p&typeid=i","cat":319786},{"id":113654,"n":"Xtrem Box Sodebo Radiatori Bœuf Poivre - 400g","p":3.4,"u":"8,50 €/KG","img":"https://fd14-photos.leclercdrive.fr/image.ashx?id=2643998&use=l&cat=p&typeid=i","cat":334983},{"id":113674,"n":"Bûche glacée L'Angelys Framboise Passion - 500g","p":8.9,"u":"17,80 €/KG","img":"https://fd14-photos.leclercdrive.fr/image.ashx?id=2963652&use=l&cat=p&typeid=i","cat":284266},{"id":113685,"n":"Bûche glacée L'Angelys Vanille  Caramel beurre salé - 500g","p":8.9,"u":"17,80 €/KG","img":"https://fd14-photos.leclercdrive.fr/image.ashx?id=2950435&use=l&cat=p&typeid=i","cat":284266},{"id":113701,"n":"Ovale Président L'Extra Fondant - 200g","p":2.8,"u":"14,00 €/KG","img":"https://fd14-photos.leclercdrive.fr/image.ashx?id=3008248&use=l&cat=p&typeid=i","cat":314033},{"id":113709,"n":"Crème dessert La Laitière Pot de crème caramel - 4x100g","p":2.2,"u":"5,50 €/KG","img":"https://fd14-photos.leclercdrive.fr/image.ashx?id=2849683&use=l&cat=p&typeid=i","cat":285041},{"id":113743,"n":"Tenders Maître Coq Filet de poulet crusty - 380g","p":5.4,"u":"14,21 €/KG","img":"https://fd14-photos.leclercdrive.fr/image.ashx?id=2773412&use=l&cat=p&typeid=i","cat":333684},{"id":113754,"n":"Crème fraîche Yoplait Légère -12% matière grasse 450g","p":1.45,"u":"3,22 €/KG","img":"https://fd14-photos.leclercdrive.fr/image.ashx?id=2811032&use=l&cat=p&typeid=i","cat":284381},{"id":113806,"n":"Omelette norvégienne L'Angelys Vanille - 360g","p":11.99,"u":"33,31 €/KG","img":"https://fd14-photos.leclercdrive.fr/image.ashx?id=2921987&use=l&cat=p&typeid=i","cat":284266},{"id":113808,"n":"Crème dessert La Laitière Pot de crème vanille - 4x100g","p":2.2,"u":"5,50 €/KG","img":"https://fd14-photos.leclercdrive.fr/image.ashx?id=2875969&use=l&cat=p&typeid=i","cat":285041},{"id":113811,"n":"Crème dessert La Laitière Pot de crème chocolat - 4x100g","p":2.2,"u":"5,50 €/KG","img":"https://fd14-photos.leclercdrive.fr/image.ashx?id=2875966&use=l&cat=p&typeid=i","cat":285041},{"id":113813,"n":"Crème dessert La Laitière Pot de crème café - 4x100g","p":2.2,"u":"5,50 €/KG","img":"https://fd14-photos.leclercdrive.fr/image.ashx?id=2875963&use=l&cat=p&typeid=i","cat":285041},{"id":113842,"n":"Allumettes cuisine Silex 3x240","p":1.2,"img":"https://fd14-photos.leclercdrive.fr/image.ashx?id=1733406&use=l&cat=p&typeid=i","cat":300578},{"id":113996,"n":"Jambon cru Le plateau Aoste 10 Tranches - 220g","p":5.55,"u":"25,23 €/KG","img":"https://fd14-photos.leclercdrive.fr/image.ashx?id=1877231&use=l&cat=p&typeid=i","cat":316007},{"id":113998,"n":"Girasoli Lustucru Selection  Ricotta Epinard - 250g","p":2.5,"u":"10,00 €/KG","img":"https://fd14-photos.leclercdrive.fr/image.ashx?id=2974351&use=l&cat=p&typeid=i","cat":333682},{"id":114017,"n":"Bière blonde Heineken 5%vol - 12x33cl","p":9.1,"u":"2,30 €/L","img":"https://fd14-photos.leclercdrive.fr/image.ashx?id=3008125&use=l&cat=p&typeid=i","cat":334853},{"id":114018,"n":"Bière blonde Heineken 5%vol - Boite 4x50cl","p":4.55,"u":"2,28 €/L","img":"https://fd14-photos.leclercdrive.fr/image.ashx?id=3008122&use=l&cat=p&typeid=i","cat":334853},{"id":114020,"n":"Bière aromatisée  Desperados 5.9%vol - Boite 50cl","p":1.75,"u":"3,50 €/L","img":"https://fd14-photos.leclercdrive.fr/image.ashx?id=2977303&use=l&cat=p&typeid=i","cat":334853},{"id":114023,"n":"Thon au naturel Petit Navire Démarche Responsable - 280g","p":4.5,"u":"16,07 €/KG","img":"https://fd14-photos.leclercdrive.fr/image.ashx?id=2909974&use=l&cat=p&typeid=i","cat":303867},{"id":114040,"n":"Bûchettes crunch Nestlé x4 - 326g","p":5.4,"u":"16,56 €/KG","img":"https://fd14-photos.leclercdrive.fr/image.ashx?id=2584533&use=l&cat=p&typeid=i","cat":284266},{"id":114047,"n":"Plat bébé soir Blédichef 12mois Macaroni courgette - 2x230g","p":3.11,"u":"6,76 €/KG","img":"https://fd14-photos.leclercdrive.fr/image.ashx?id=2560690&use=l&cat=p&typeid=i","cat":312239},{"id":114091,"n":"Lait corps satinant Inell 250ml","p":2.5,"u":"10,00 €/L","img":"https://fd14-photos.leclercdrive.fr/image.ashx?id=2691697&use=l&cat=p&typeid=i","cat":325349},{"id":114092,"n":"Brosse à dents bambou Dentamyl Médium - 1 pièce","p":1.95,"img":"https://fd14-photos.leclercdrive.fr/image.ashx?id=2783495&use=l&cat=p&typeid=i","cat":284614},{"id":114093,"n":"Brosse à dents bambou Dentamyl Souple - 1 pièce","p":1.95,"img":"https://fd14-photos.leclercdrive.fr/image.ashx?id=2790997&use=l&cat=p&typeid=i","cat":284614},{"id":114094,"n":"Shampooing douche Petit Manava Pêche abricot - 500ml","p":2.21,"u":"4,42 €/L","img":"https://fd14-photos.leclercdrive.fr/image.ashx?id=2410636&use=l&cat=p&typeid=i","cat":284606},{"id":114095,"n":"Mouchoirs blancs 3 plis Caresse Boîte - x150","p":1.65,"u":"0,01 €/P","img":"https://fd14-photos.leclercdrive.fr/image.ashx?id=2779298&use=l&cat=p&typeid=i","cat":284638},{"id":114096,"n":"Culotte Chorys Taille XL - x10","p":10.31,"u":"1,03 €/P","img":"https://fd14-photos.leclercdrive.fr/image.ashx?id=2623016&use=l&cat=p&typeid=i","cat":284628},{"id":114101,"n":"Culottes Mots d'enfants T4 : 8/15kg - x42","p":10.17,"u":"0,24 €/P","img":"https://fd14-photos.leclercdrive.fr/image.ashx?id=2907234&use=l&cat=p&typeid=i","cat":290633},{"id":114102,"n":"Change culottes Mots d'enfants T5 : 12/18kg - x40","p":9.75,"u":"0,24 €/P","img":"https://fd14-photos.leclercdrive.fr/image.ashx?id=2907237&use=l&cat=p&typeid=i","cat":290633},{"id":114103,"n":"Change culottes Mots d'enfants T6 : +16kg - x36","p":9.75,"u":"0,27 €/P","img":"https://fd14-photos.leclercdrive.fr/image.ashx?id=2907240&use=l&cat=p&typeid=i","cat":290633},{"id":114152,"n":"Pâtes bio Jardin Bio Bon tuyaux semi-complets - 500g","p":1.79,"u":"3,58 €/KG","img":"https://fd14-photos.leclercdrive.fr/image.ashx?id=2963190&use=l&cat=p&typeid=i","cat":284427},{"id":114175,"n":"Bonbons de Noël Milka Oréo - 86g","p":2.5,"u":"29,07 €/KG","img":"https://fd14-photos.leclercdrive.fr/image.ashx?id=2834005&use=l&cat=p&typeid=i","cat":327592},{"id":114190,"n":"Chocolat Mon Chéri cerise Etui Noël - 262g","p":9.05,"u":"34,54 €/KG","img":"https://fd14-photos.leclercdrive.fr/image.ashx?id=2940501&use=l&cat=p&typeid=i","cat":327601},{"id":114245,"n":"Fromage Beaufort NRT AOP  200g","p":4.99,"u":"24,95 €/KG","img":"https://fd14-photos.leclercdrive.fr/image.ashx?id=2271969&use=l&cat=p&typeid=i","cat":329184},{"id":114273,"n":"Cassolette Gourmande  Aux St-Jacques - 300g","p":6.84,"pp":4.79,"u":"15,97 €/KG","img":"https://fd14-photos.leclercdrive.fr/image.ashx?id=1752220&use=l&cat=p&typeid=i","cat":319775},{"id":114397,"n":"AOP Bordeaux rouge Château Pey la Tour - 75cl","p":6.5,"u":"8,67 €/L","img":"https://fd14-photos.leclercdrive.fr/image.ashx?id=2926377&use=l&cat=p&typeid=i","cat":289556},{"id":114410,"n":"Galette Coté Table Lardons champignons - 195g","p":1.75,"u":"8,97 €/KG","img":"https://fd14-photos.leclercdrive.fr/image.ashx?id=2638536&use=l&cat=p&typeid=i","cat":333672},{"id":114411,"n":"Dès de cheddar  Les Croisés 150g","p":2.19,"u":"14,60 €/KG","img":"https://fd14-photos.leclercdrive.fr/image.ashx?id=2965822&use=l&cat=p&typeid=i","cat":314027},{"id":114449,"n":"Beurre demi sel Le Marin Cristaux de sel - 500g","p":5.7,"u":"11,40 €/KG","img":"https://fd14-photos.leclercdrive.fr/image.ashx?id=2896952&use=l&cat=p&typeid=i","cat":284379},{"id":114570,"n":"Traîneau chocolat oeuf Kinder Bleu - 75g","p":3.45,"u":"46,00 €/KG","img":"https://fd14-photos.leclercdrive.fr/image.ashx?id=2417549&use=l&cat=p&typeid=i","cat":327592},{"id":114652,"n":"Mouchoirs blanc 2 plis Caresse Boîte mouchoirs papier - x180","p":1.69,"u":"0,01 €/P","img":"https://fd14-photos.leclercdrive.fr/image.ashx?id=2752640&use=l&cat=p&typeid=i","cat":284638},{"id":114784,"n":"Comté fromage bloc Les Croisés 350g","p":4.75,"u":"13,57 €/KG","img":"https://fd14-photos.leclercdrive.fr/image.ashx?id=2856636&use=l&cat=p&typeid=i","cat":314034},{"id":114805,"n":"Coeur Coulant Bonne Maman Chocolat - 2x80g","p":2.5,"u":"15,63 €/KG","img":"https://fd14-photos.leclercdrive.fr/image.ashx?id=2912326&use=l&cat=p&typeid=i","cat":284419},{"id":114807,"n":"Dessert Fruitier Andros Poire Williams morceaux 4x100g","p":2.7,"u":"6,75 €/KG","img":"https://fd14-photos.leclercdrive.fr/image.ashx?id=2908198&use=l&cat=p&typeid=i","cat":284416},{"id":114825,"n":"Mini Fondentenero Novi 160g","p":3.95,"u":"24,69 €/KG","img":"https://fd14-photos.leclercdrive.fr/image.ashx?id=2615149&use=l&cat=p&typeid=i","cat":327595},{"id":114890,"n":"Fromage Comté NRT AOP 15 mois 200g","p":4.45,"u":"22,25 €/KG","img":"https://fd14-photos.leclercdrive.fr/image.ashx?id=2272030&use=l&cat=p&typeid=i","cat":314034},{"id":114901,"n":"Plat bébé Blédina 12 mois  Artichaut dinde - 2x200g","p":2.85,"u":"7,13 €/KG","img":"https://fd14-photos.leclercdrive.fr/image.ashx?id=2975089&use=l&cat=p&typeid=i","cat":312237},{"id":114934,"n":"Pizza del gusto chorizo Mix - 380g","p":5.4,"u":"14,21 €/KG","img":"https://fd14-photos.leclercdrive.fr/image.ashx?id=2579056&use=l&cat=p&typeid=i","cat":333679},{"id":114939,"n":"Pizza del gusto chèvre miel Mix 380g","p":5.6,"u":"14,74 €/KG","img":"https://fd14-photos.leclercdrive.fr/image.ashx?id=2579062&use=l&cat=p&typeid=i","cat":333679},{"id":115011,"n":"Lingettes bébé Mots d'enfants à l'eau - x60","p":1.66,"u":"0,03 €/P","img":"https://fd14-photos.leclercdrive.fr/image.ashx?id=3014293&use=l&cat=p&typeid=i","cat":284738},{"id":115049,"n":"Blanc de dinde Reghalal 4 tranches - 160g","p":2.1,"u":"13,13 €/KG","img":"https://fd14-photos.leclercdrive.fr/image.ashx?id=2601527&use=l&cat=p&typeid=i","cat":316013},{"id":115070,"n":"Tarte tatin pommes Bonne Maman 2x120g","p":2.25,"u":"9,38 €/KG","img":"https://fd14-photos.leclercdrive.fr/image.ashx?id=2879092&use=l&cat=p&typeid=i","cat":284419},{"id":115072,"n":"Girasoli Lustucru Selection  Cèpes Ricotta - 250g","p":2.5,"u":"10,00 €/KG","img":"https://fd14-photos.leclercdrive.fr/image.ashx?id=2974599&use=l&cat=p&typeid=i","cat":333682},{"id":115080,"n":"Nuggets de Poulet Père Dodu  Sans antibio x10 - 200g","p":2.65,"u":"13,25 €/KG","img":"https://fd14-photos.leclercdrive.fr/image.ashx?id=2957212&use=l&cat=p&typeid=i","cat":333684},{"id":115095,"n":"AOP Comté Entremont Les Terroirs du Comté - 200g","p":3.9,"u":"19,50 €/KG","img":"https://fd14-photos.leclercdrive.fr/image.ashx?id=2504047&use=l&cat=p&typeid=i","cat":314034},{"id":115113,"n":"Tirlibibi Haribo Boîte bonbons - 750g","p":4.15,"u":"5,53 €/KG","img":"https://fd14-photos.leclercdrive.fr/image.ashx?id=2806922&use=l&cat=p&typeid=i","cat":304250},{"id":115114,"n":"Polka Haribo Sachet bonbons - 300g","p":1.35,"u":"4,50 €/KG","img":"https://fd14-photos.leclercdrive.fr/image.ashx?id=2982414&use=l&cat=p&typeid=i","cat":304250},{"id":115115,"n":"Les Schtroumpfs Haribo Sachet bonbons - 300g","p":1.41,"u":"4,70 €/KG","img":"https://fd14-photos.leclercdrive.fr/image.ashx?id=2788475&use=l&cat=p&typeid=i","cat":304250},{"id":115116,"n":"Chamallows Haribo Guimauves   - 300g","p":1.42,"u":"4,73 €/KG","img":"https://fd14-photos.leclercdrive.fr/image.ashx?id=2984937&use=l&cat=p&typeid=i","cat":304250},{"id":115152,"n":"Eau florale Bio Naïa Rose bio - 200ml","p":3.95,"u":"19,75 €/L","img":"https://fd14-photos.leclercdrive.fr/image.ashx?id=2610253&use=l&cat=p&typeid=i","cat":325345},{"id":115155,"n":"Gommage visage Bio Naïa Bio - 75ml","p":2.49,"u":"33,20 €/L","img":"https://fd14-photos.leclercdrive.fr/image.ashx?id=2436690&use=l&cat=p&typeid=i","cat":325346},{"id":115156,"n":"Stick lèvres Bio Naïa Bio - 1 pièce","p":1.85,"img":"https://fd14-photos.leclercdrive.fr/image.ashx?id=2518837&use=l&cat=p&typeid=i","cat":285485},{"id":115163,"n":"Infusion Twinings Ayurveda gingembre miel et citron x20","p":2.7,"u":"84,38 €/KG","img":"https://fd14-photos.leclercdrive.fr/image.ashx?id=2893036&use=l&cat=p&typeid=i","cat":293234},{"id":115187,"n":"Toasts ronds Persil citron Jacquet - 250g","p":1.4,"u":"5,60 €/KG","img":"https://fd14-photos.leclercdrive.fr/image.ashx?id=2729821&use=l&cat=p&typeid=i","cat":285454},{"id":115188,"n":"Toasts ronds Seigle Jacquet - 250g","p":1.4,"u":"5,60 €/KG","img":"https://fd14-photos.leclercdrive.fr/image.ashx?id=2741340&use=l&cat=p&typeid=i","cat":285454},{"id":115189,"n":"Toasts ronds Figues Jacquet - 250g","p":1.48,"u":"5,92 €/KG","img":"https://fd14-photos.leclercdrive.fr/image.ashx?id=2741337&use=l&cat=p&typeid=i","cat":285454},{"id":115251,"n":"Déodorant compressé Ushuaïa Vanille - 100ml","p":3.05,"u":"30,50 €/L","img":"https://fd14-photos.leclercdrive.fr/image.ashx?id=2555715&use=l&cat=p&typeid=i","cat":284595},{"id":115252,"n":"Soin yeux La Provençale Bio  Anti-Âge Hydratant - 15ml","p":9.77,"u":"651,33 €/L","img":"https://fd14-photos.leclercdrive.fr/image.ashx?id=3014560&use=l&cat=p&typeid=i","cat":325345},{"id":115269,"n":"Sandwich Mega Club Sodebo  Pain Vien. Thon Œuf Mayo - 230g","p":1.95,"u":"8,48 €/KG","img":"https://fd14-photos.leclercdrive.fr/image.ashx?id=2960294&use=l&cat=p&typeid=i","cat":333658},{"id":115320,"n":"Capsules café Plantation Equilibré n°6 - x10 - 52g","p":2.19,"u":"42,12 €/KG","img":"https://fd14-photos.leclercdrive.fr/image.ashx?id=2441700&use=l&cat=p&typeid=i","cat":284749},{"id":115327,"n":"Café Soluble NESCAFÉ Spécial Filtre Décaféiné, 100g","p":5.3,"u":"53,00 €/KG","img":"https://fd14-photos.leclercdrive.fr/image.ashx?id=2864068&use=l&cat=p&typeid=i","cat":284843},{"id":115348,"n":"Capsules café Plantation Noisette n°7 - x10 - 52g","p":2.39,"u":"45,96 €/KG","img":"https://fd14-photos.leclercdrive.fr/image.ashx?id=2418134&use=l&cat=p&typeid=i","cat":284749},{"id":115349,"n":"Capsules café Plantation Intense n°10 - x30 - 156g","p":5.19,"u":"33,27 €/KG","img":"https://fd14-photos.leclercdrive.fr/image.ashx?id=2441715&use=l&cat=p&typeid=i","cat":284749},{"id":115350,"n":"Capsules café Plantation Equilibré N°6 - x30 - 156g","p":5.19,"u":"33,27 €/KG","img":"https://fd14-photos.leclercdrive.fr/image.ashx?id=2418140&use=l&cat=p&typeid=i","cat":284749},{"id":115352,"n":"Patch purifiant Nivea Visage x6","p":5.3,"u":"0,88 €/P","img":"https://fd14-photos.leclercdrive.fr/image.ashx?id=2167416&use=l&cat=p&typeid=i","cat":325346},{"id":115359,"n":"Pancakes Nature Epi d'Or x18 - 360g","p":1.69,"u":"4,69 €/KG","img":"https://fd14-photos.leclercdrive.fr/image.ashx?id=2860763&use=l&cat=p&typeid=i","cat":284495},{"id":115363,"n":"Lait bébé en poudre Blédilait 1er âge 0-6 mois 900g","p":14.64,"u":"16,27 €/KG","img":"https://fd14-photos.leclercdrive.fr/image.ashx?id=2855052&use=l&cat=p&typeid=i","cat":284726},{"id":115364,"n":"Lait bébé en poudre Blédilait 2e âge 6-12 mois 900g","p":13.37,"u":"14,86 €/KG","img":"https://fd14-photos.leclercdrive.fr/image.ashx?id=2616853&use=l&cat=p&typeid=i","cat":284727},{"id":115376,"n":"Coffret Tokapi Sauce - 115g","p":1.97,"u":"17,13 €/KG","img":"https://fd14-photos.leclercdrive.fr/image.ashx?id=2347531&use=l&cat=p&typeid=i","cat":284449},{"id":115377,"n":"Cornichons Rustica Verre décoré - 100g","p":1.86,"u":"18,60 €/KG","img":"https://fd14-photos.leclercdrive.fr/image.ashx?id=1869859&use=l&cat=p&typeid=i","cat":284458},{"id":115409,"n":"Confit de canard Monfort Cuisses - 400g","p":6.9,"u":"17,25 €/KG","img":"https://fd14-photos.leclercdrive.fr/image.ashx?id=2324585&use=l&cat=p&typeid=i","cat":284339},{"id":115463,"n":"Litière chats Tranquille Carbonite - 7.1kg","p":10.82,"u":"1,52 €/KG","img":"https://fd14-photos.leclercdrive.fr/image.ashx?id=2421871&use=l&cat=p&typeid=i","cat":284683},{"id":115492,"n":"Bière blonde 1664 5,5° - 6x25cl","p":4.05,"u":"2,70 €/L","img":"https://fd14-photos.leclercdrive.fr/image.ashx?id=2215572&use=l&cat=p&typeid=i","cat":334873},{"id":115505,"n":"Fromage Fourme d'Ambert NRT  AOP - 250g","p":3.23,"u":"12,92 €/KG","img":"https://fd14-photos.leclercdrive.fr/image.ashx?id=2459397&use=l&cat=p&typeid=i","cat":314032},{"id":115526,"n":"Serviette incontinence Chorys Maxi nuit - x12","p":3.99,"u":"0,33 €/P","img":"https://fd14-photos.leclercdrive.fr/image.ashx?id=2586028&use=l&cat=p&typeid=i","cat":284628},{"id":115528,"n":"Alcool 90° Primoplast 100ml","p":2.24,"u":"22,40 €/L","img":"https://fd14-photos.leclercdrive.fr/image.ashx?id=2856570&use=l&cat=p&typeid=i","cat":284630},{"id":115661,"n":"Boudin noir Bahier  Aux pommes 2x125g","p":2.55,"u":"10,20 €/KG","img":"https://fd14-photos.leclercdrive.fr/image.ashx?id=2972439&use=l&cat=p&typeid=i","cat":316012},{"id":115771,"n":"Lait bébé en poudre Gallia Calisma 2e âge 6-12mois 2x600g","p":19.49,"u":"16,24 €/KG","img":"https://fd14-photos.leclercdrive.fr/image.ashx?id=2935750&use=l&cat=p&typeid=i","cat":284727},{"id":115773,"n":"Lait bébé en poudre Gallia Calisma 1er âge 0-6 mois 2x600g","p":23.42,"u":"19,52 €/KG","img":"https://fd14-photos.leclercdrive.fr/image.ashx?id=2953755&use=l&cat=p&typeid=i","cat":284726},{"id":115821,"n":"Confiture mirabelle Bonne Maman Intense - 335g","p":2.2,"u":"6,57 €/KG","img":"https://fd14-photos.leclercdrive.fr/image.ashx?id=2341026&use=l&cat=p&typeid=i","cat":284480},{"id":115872,"n":"Yaourt aux fruits bifidus Activia myrtille - 4x125g","p":1.8,"u":"3,60 €/KG","img":"https://fd14-photos.leclercdrive.fr/image.ashx?id=2886645&use=l&cat=p&typeid=i","cat":315000},{"id":115890,"n":"Sandwich Gourmand Club Sodebo  Pain Pavot Jambon Comté - 180g","p":2.45,"u":"13,61 €/KG","img":"https://fd14-photos.leclercdrive.fr/image.ashx?id=2682234&use=l&cat=p&typeid=i","cat":333658},{"id":115907,"n":"Yaourt aromatisé Perle de Lait sur Lit de Caramel - 4x125g","p":2.2,"u":"4,40 €/KG","img":"https://fd14-photos.leclercdrive.fr/image.ashx?id=2989216&use=l&cat=p&typeid=i","cat":314999},{"id":115910,"n":"Yaourt brassé Perle de Lait Vanille - 8x125g","p":3.3,"u":"3,30 €/KG","img":"https://fd14-photos.leclercdrive.fr/image.ashx?id=2990568&use=l&cat=p&typeid=i","cat":314999},{"id":115963,"n":"Foie gras Delpeyrat Canard entier Sud ouest - 270g","p":30.99,"u":"114,78 €/KG","img":"https://fd14-photos.leclercdrive.fr/image.ashx?id=2906088&use=l&cat=p&typeid=i","cat":316008},{"id":115986,"n":"Pain surprise de campagne Côté Table x32 - 460g","p":8.5,"u":"18,48 €/KG","img":"https://fd14-photos.leclercdrive.fr/image.ashx?id=2776466&use=l&cat=p&typeid=i","cat":319774},{"id":115989,"n":"Pain Surprise Suédois  x32 - 360g","p":8.5,"u":"23,61 €/KG","img":"https://fd14-photos.leclercdrive.fr/image.ashx?id=2598710&use=l&cat=p&typeid=i","cat":319774},{"id":116010,"n":"Biscotte Pasquier Blé sans sucre ajoutés - 300g","p":1.75,"u":"5,83 €/KG","img":"https://fd14-photos.leclercdrive.fr/image.ashx?id=2507952&use=l&cat=p&typeid=i","cat":284479},{"id":116096,"n":"Shampooing douche Petit Manava Fraise cerise - 250ml","p":1.35,"u":"5,40 €/L","img":"https://fd14-photos.leclercdrive.fr/image.ashx?id=1763207&use=l&cat=p&typeid=i","cat":284606},{"id":116114,"n":"Shampooing douche Petit Manava Pêche banane - 250ml","p":1.35,"u":"5,40 €/L","img":"https://fd14-photos.leclercdrive.fr/image.ashx?id=2440458&use=l&cat=p&typeid=i","cat":284606},{"id":116172,"n":"Lingettes bio Bionaïa Démaquillantes - x25","p":0.99,"u":"0,04 €/P","img":"https://fd14-photos.leclercdrive.fr/image.ashx?id=2952397&use=l&cat=p&typeid=i","cat":284603},{"id":116199,"n":"Vin blanc pétillant Roche Mazet Brut Chardonnay - 75cl","p":4.95,"pp":3.27,"u":"4,36 €/L","img":"https://fd14-photos.leclercdrive.fr/image.ashx?id=2475615&use=l&cat=p&typeid=i","cat":284544},{"id":116221,"n":"Crème de jour L'Oréal Paris  Revitalift Anti-âge - 50ml","p":13.88,"u":"277,60 €/L","img":"https://fd14-photos.leclercdrive.fr/image.ashx?id=2926581&use=l&cat=p&typeid=i","cat":325345},{"id":116224,"n":"Porto Tawny Cruz 18%vol - 75cl","p":7.45,"u":"9,93 €/L","img":"https://fd14-photos.leclercdrive.fr/image.ashx?id=2536373&use=l&cat=p&typeid=i","cat":284913},{"id":116228,"n":"Crème Visage Jour Nivea Hydratante  - 50ml","p":6.6,"u":"132,00 €/L","img":"https://fd14-photos.leclercdrive.fr/image.ashx?id=2945736&use=l&cat=p&typeid=i","cat":325345},{"id":116240,"n":"Lait bébé liquide Blédilait croissance 1-3 ans 6x1L","p":12.59,"u":"2,10 €/L","img":"https://fd14-photos.leclercdrive.fr/image.ashx?id=2685799&use=l&cat=p&typeid=i","cat":284728},{"id":116310,"n":"Pomme de terre de consommation Princesse Amandine - 2.5kg","p":3.99,"u":"1,60 €/KG","img":"https://fd14-photos.leclercdrive.fr/image.ashx?id=2094850&use=l&cat=p&typeid=i","cat":284352},{"id":116325,"n":"Velouté Bio Liebig 6 légumes - 75cl","p":3.06,"u":"4,08 €/L","img":"https://fd14-photos.leclercdrive.fr/image.ashx?id=2842561&use=l&cat=p&typeid=i","cat":284462},{"id":116326,"n":"Soupe liquide Bio Liebig  Velouté Potiron Carottes - 75cl","p":3.11,"u":"4,15 €/L","img":"https://fd14-photos.leclercdrive.fr/image.ashx?id=2842567&use=l&cat=p&typeid=i","cat":284462},{"id":116387,"n":"Pâte à tartiner Poulain  Cacao noisette - 400g","p":3.35,"u":"8,38 €/KG","img":"https://fd14-photos.leclercdrive.fr/image.ashx?id=2806354&use=l&cat=p&typeid=i","cat":284481},{"id":116430,"n":"Tagliatelles Fleury Michon à l'Italienne et poulet - 300g","p":3.9,"u":"13,00 €/KG","img":"https://fd14-photos.leclercdrive.fr/image.ashx?id=2260767&use=l&cat=p&typeid=i","cat":333665},{"id":116431,"n":"Parmentier de boeuf Charolais Fleury Michon - 300g","p":2.95,"u":"9,83 €/KG","img":"https://fd14-photos.leclercdrive.fr/image.ashx?id=2662346&use=l&cat=p&typeid=i","cat":333665},{"id":116432,"n":"Parmentier de saumon Fleury Michon - 300g","p":3.1,"u":"10,33 €/KG","img":"https://fd14-photos.leclercdrive.fr/image.ashx?id=2662349&use=l&cat=p&typeid=i","cat":333665},{"id":116434,"n":"Tartiflette Fleury Michon au reblochon AOP - 300g","p":3.8,"u":"12,67 €/KG","img":"https://fd14-photos.leclercdrive.fr/image.ashx?id=2277221&use=l&cat=p&typeid=i","cat":333665},{"id":116436,"n":"Rougail saucisses Fleury Michon riz créole - 300g","p":3.3,"u":"11,00 €/KG","img":"https://fd14-photos.leclercdrive.fr/image.ashx?id=2680152&use=l&cat=p&typeid=i","cat":333665},{"id":116557,"n":"Mouche bébé Prohinel  x2 embouts jetables","p":5.96,"img":"https://fd14-photos.leclercdrive.fr/image.ashx?id=2918817&use=l&cat=p&typeid=i","cat":289435},{"id":116751,"n":"Sojasun mandarine citron vert 4x100g","p":1.54,"u":"3,85 €/KG","img":"https://fd14-photos.leclercdrive.fr/image.ashx?id=2355683&use=l&cat=p&typeid=i","cat":316071},{"id":116925,"n":"Compote Andros pomme poire x12+4 offerts - 1.6kg","p":3.75,"u":"2,34 €/KG","img":"https://fd14-photos.leclercdrive.fr/image.ashx?id=2769068&use=l&cat=p&typeid=i","cat":284416},{"id":116967,"n":"Carottes filière  Panier du Primeur - 1kg","p":1.49,"u":"1,49 €/KG","img":"https://fd14-photos.leclercdrive.fr/image.ashx?id=2920229&use=l&cat=p&typeid=i","cat":284352},{"id":117070,"n":"Enzo Turbo Dès 2 ans","p":16.9,"u":"Dont 0,22 € d'éco-part.","img":"https://fd14-photos.leclercdrive.fr/image.ashx?id=1848805&use=l&cat=p&typeid=i","cat":334382},{"id":117131,"n":"Bouillon Cube Maggi Bouquet garni - 100g","p":1.61,"u":"16,10 €/KG","img":"https://fd14-photos.leclercdrive.fr/image.ashx?id=2697306&use=l&cat=p&typeid=i","cat":288379},{"id":117132,"n":"Bouillon kub légumes Maggi -25% sel - 120g","p":1.47,"u":"12,25 €/KG","img":"https://fd14-photos.leclercdrive.fr/image.ashx?id=2758443&use=l&cat=p&typeid=i","cat":288379},{"id":117156,"n":"Yaourt à boire Actimel nature sans sucres - 6x100g","p":2.75,"u":"4,58 €/KG","img":"https://fd14-photos.leclercdrive.fr/image.ashx?id=2103484&use=l&cat=p&typeid=i","cat":284415},{"id":117225,"n":"Sirop Moulin de Valdonne Grenadine - 70cl","p":2.75,"u":"3,93 €/L","img":"https://fd14-photos.leclercdrive.fr/image.ashx?id=2170610&use=l&cat=p&typeid=i","cat":295020},{"id":117238,"n":"Shampooing bio Bio naïa Cheveux secs abimés - 250ml","p":1.75,"u":"7,00 €/L","img":"https://fd14-photos.leclercdrive.fr/image.ashx?id=2512481&use=l&cat=p&typeid=i","cat":284606},{"id":117242,"n":"Biscuit coco pavot GERBLE BIO  Bio - 4x3, 132g","p":1.94,"u":"14,70 €/KG","img":"https://fd14-photos.leclercdrive.fr/image.ashx?id=2664052&use=l&cat=p&typeid=i","cat":284487},{"id":117244,"n":"Biscuit 3 graines Gerblé Bio  - 132g","p":1.84,"u":"13,94 €/KG","img":"https://fd14-photos.leclercdrive.fr/image.ashx?id=2664055&use=l&cat=p&typeid=i","cat":318651},{"id":117246,"n":"Biscuits Gerblé Bio Citron gingembre - 132g","p":1.95,"u":"14,77 €/KG","img":"https://fd14-photos.leclercdrive.fr/image.ashx?id=2662871&use=l&cat=p&typeid=i","cat":318651},{"id":117248,"n":"Biscuits Gerblé Bio Amande cranberry - 132g","p":2.0,"u":"15,15 €/KG","img":"https://fd14-photos.leclercdrive.fr/image.ashx?id=2662868&use=l&cat=p&typeid=i","cat":318651},{"id":117252,"n":"Mouliné Régal Soupe Légumes d'autrefois - 1L","p":1.65,"u":"1,65 €/L","img":"https://fd14-photos.leclercdrive.fr/image.ashx?id=2607590&use=l&cat=p&typeid=i","cat":284462},{"id":117297,"n":"Haricots verts Notre Jardin Sans sel ajouté - 225g","p":0.88,"u":"3,91 €/KG","img":"https://fd14-photos.leclercdrive.fr/image.ashx?id=3002644&use=l&cat=p&typeid=i","cat":312606},{"id":117330,"n":"Champignon Notre Jardin Emincé Sans sel ajouté - 230g","p":1.18,"u":"5,13 €/KG","img":"https://fd14-photos.leclercdrive.fr/image.ashx?id=1792507&use=l&cat=p&typeid=i","cat":312610},{"id":117400,"n":"Yaourt Grec Delta 10% MG Nature - 1kg","p":5.6,"u":"5,60 €/KG","img":"https://fd14-photos.leclercdrive.fr/image.ashx?id=2532189&use=l&cat=p&typeid=i","cat":314999},{"id":117649,"n":"Foie gras canard Labeyrie Entier - 320g","p":34.9,"u":"109,06 €/KG","img":"https://fd14-photos.leclercdrive.fr/image.ashx?id=2773283&use=l&cat=p&typeid=i","cat":316008},{"id":117657,"n":"IGP Foie gras Maison Montfort Canard Entier Sélection - 320g","p":26.95,"u":"84,22 €/KG","img":"https://fd14-photos.leclercdrive.fr/image.ashx?id=2730982&use=l&cat=p&typeid=i","cat":316008},{"id":117668,"n":"Pizza Dolce Sodebo Margherita Tomate Marinées 400g","p":4.65,"u":"11,63 €/KG","img":"https://fd14-photos.leclercdrive.fr/image.ashx?id=2921642&use=l&cat=p&typeid=i","cat":333679},{"id":117745,"n":"Bloc foie gras Maison Montfort 30% grande selection - 450g","p":26.95,"u":"59,89 €/KG","img":"https://fd14-photos.leclercdrive.fr/image.ashx?id=2731003&use=l&cat=p&typeid=i","cat":316008},{"id":118027,"n":"Filet de porc cuit Bigard Jus aux fines herbes - 400g","p":6.3,"u":"15,75 €/KG","img":"https://fd14-photos.leclercdrive.fr/image.ashx?id=2208351&use=l&cat=p&typeid=i","cat":284331},{"id":118058,"n":"Paleron de boeuf  Bigard Jus à la vigneronne - 400g","p":7.45,"u":"18,63 €/KG","img":"https://fd14-photos.leclercdrive.fr/image.ashx?id=2386665&use=l&cat=p&typeid=i","cat":284328},{"id":118077,"n":"Joue de boeuf fondante Bigard  - 400g","p":7.5,"u":"18,75 €/KG","img":"https://fd14-photos.leclercdrive.fr/image.ashx?id=2208357&use=l&cat=p&typeid=i","cat":284328},{"id":118113,"n":"Sauce soja Bio Village Bio - 150ml","p":2.09,"u":"13,93 €/L","img":"https://fd14-photos.leclercdrive.fr/image.ashx?id=2913772&use=l&cat=p&typeid=i","cat":288992},{"id":118116,"n":"Sauce soja sucrée Bio Village Bio - 150ml","p":1.99,"u":"13,27 €/L","img":"https://fd14-photos.leclercdrive.fr/image.ashx?id=2913775&use=l&cat=p&typeid=i","cat":288992},{"id":118193,"n":"Beurre Bocage Doux - 60%MG - 250g","p":2.1,"u":"8,40 €/KG","img":"https://fd14-photos.leclercdrive.fr/image.ashx?id=2752891&use=l&cat=p&typeid=i","cat":284379},{"id":118194,"n":"Beurre Bocage  Demi-sel - 60%MG - 250g","p":2.1,"u":"8,40 €/KG","img":"https://fd14-photos.leclercdrive.fr/image.ashx?id=2578070&use=l&cat=p&typeid=i","cat":284379},{"id":118200,"n":"Gel fibre Got2B Coup de tête - 100ml","p":5.5,"u":"55,00 €/L","img":"https://fd14-photos.leclercdrive.fr/image.ashx?id=2443853&use=l&cat=p&typeid=i","cat":284620},{"id":118202,"n":"Coloration Perfect Mousse n°400 Expresso givré - X1","p":7.22,"img":"https://fd14-photos.leclercdrive.fr/image.ashx?id=1919738&use=l&cat=p&typeid=i","cat":288899},{"id":118205,"n":"Coloration Perfect Mousse n°586 Acajou - 1pièce","p":6.58,"img":"https://fd14-photos.leclercdrive.fr/image.ashx?id=3000665&use=l&cat=p&typeid=i","cat":288899},{"id":118214,"n":"Gel coiffant Got2B Pâte en pot - 100ml","p":5.15,"u":"51,50 €/L","img":"https://fd14-photos.leclercdrive.fr/image.ashx?id=2986257&use=l&cat=p&typeid=i","cat":284620},{"id":118222,"n":"Cire Got2B Pot de colle en tube - 75ml","p":4.69,"u":"62,53 €/L","img":"https://fd14-photos.leclercdrive.fr/image.ashx?id=2886750&use=l&cat=p&typeid=i","cat":284620},{"id":118224,"n":"Gel Got2B Pâte Chic et Mat - 100ml","p":4.69,"u":"46,90 €/L","img":"https://fd14-photos.leclercdrive.fr/image.ashx?id=2301040&use=l&cat=p&typeid=i","cat":284620},{"id":118230,"n":"Bouchée à la reine Bigard x2 - 260g","p":4.5,"u":"17,31 €/KG","img":"https://fd14-photos.leclercdrive.fr/image.ashx?id=2732905&use=l&cat=p&typeid=i","cat":333671},{"id":118408,"n":"Lait bébé en poudre Galliagest 1er âge 0-6 mois 820g","p":19.15,"u":"23,35 €/KG","img":"https://fd14-photos.leclercdrive.fr/image.ashx?id=2983054&use=l&cat=p&typeid=i","cat":284726},{"id":118412,"n":"Lait bébé en poudre Galliagest 2 âge 6-12 mois 820g","p":18.5,"u":"22,56 €/KG","img":"https://fd14-photos.leclercdrive.fr/image.ashx?id=2771666&use=l&cat=p&typeid=i","cat":284727},{"id":118414,"n":"Lait bébé en poudre Blédilait 1er âge 0-6 mois 820g","p":15.25,"u":"18,60 €/KG","img":"https://fd14-photos.leclercdrive.fr/image.ashx?id=2500051&use=l&cat=p&typeid=i","cat":284726},{"id":118442,"n":"Bonbons Tic Tac Menthe extra fraîche x100 - 49g","p":1.61,"u":"32,86 €/KG","img":"https://fd14-photos.leclercdrive.fr/image.ashx?id=2737243&use=l&cat=p&typeid=i","cat":304256},{"id":118492,"n":"Gel lubrifiant Manix Pure - 80ml","p":3.69,"u":"46,13 €/L","img":"https://fd14-photos.leclercdrive.fr/image.ashx?id=2886160&use=l&cat=p&typeid=i","cat":285160},{"id":118820,"n":"Chocolats Ferrero Collection Assortiments x48 - 518g","p":15.95,"u":"30,79 €/KG","img":"https://fd14-photos.leclercdrive.fr/image.ashx?id=2940510&use=l&cat=p&typeid=i","cat":327595},{"id":119123,"n":"Barre de céréales Nature Valley Crunchy multi variétés X5-210g","p":2.45,"u":"11,67 €/KG","img":"https://fd14-photos.leclercdrive.fr/image.ashx?id=2616270&use=l&cat=p&typeid=i","cat":285869},{"id":119262,"n":"Sauce bolognaise Panzani 100% Pur Bœuf - 400G","p":2.2,"u":"5,50 €/KG","img":"https://fd14-photos.leclercdrive.fr/image.ashx?id=2984754&use=l&cat=p&typeid=i","cat":287599},{"id":119271,"n":"Haricots rouge Notre Jardin 3x125g","p":1.91,"u":"5,09 €/KG","img":"https://fd14-photos.leclercdrive.fr/image.ashx?id=2988111&use=l&cat=p&typeid=i","cat":312606},{"id":119337,"n":"Crème légère jour So Bio Etic Anti-âge argan bio - 50ml","p":8.42,"u":"168,40 €/L","img":"https://fd14-photos.leclercdrive.fr/image.ashx?id=2788730&use=l&cat=p&typeid=i","cat":325345},{"id":119510,"n":"Blancs de poireaux filière Panier du Primeur - 500g","p":2.49,"u":"4,98 €/KG","img":"https://fd14-photos.leclercdrive.fr/image.ashx?id=2930894&use=l&cat=p&typeid=i","cat":284352},{"id":119609,"n":"Corbeille Atlas Sun  510g","p":12.99,"u":"25,47 €/KG","img":"https://fd14-photos.leclercdrive.fr/image.ashx?id=1862510&use=l&cat=p&typeid=i","cat":284357},{"id":119709,"n":"Fromage Persillée Saint Agur  125g","p":2.34,"u":"18,72 €/KG","img":"https://fd14-photos.leclercdrive.fr/image.ashx?id=2981515&use=l&cat=p&typeid=i","cat":314032},{"id":119712,"n":"Préfou ail persil Mix buffet - 275g","p":3.95,"u":"14,36 €/KG","img":"https://fd14-photos.leclercdrive.fr/image.ashx?id=2108549&use=l&cat=p&typeid=i","cat":316003},{"id":119728,"n":"Blanc poulet fumé 6 Tranches - 180g","p":2.24,"u":"12,44 €/KG","img":"https://fd14-photos.leclercdrive.fr/image.ashx?id=2663380&use=l&cat=p&typeid=i","cat":316010},{"id":119767,"n":"Eau micellaire bio Bionaïa 400ml","p":3.7,"u":"9,25 €/L","img":"https://fd14-photos.leclercdrive.fr/image.ashx?id=2376055&use=l&cat=p&typeid=i","cat":284603},{"id":119797,"n":"Comté fromage bloc Les Croisés 200g","p":2.85,"u":"14,25 €/KG","img":"https://fd14-photos.leclercdrive.fr/image.ashx?id=2856585&use=l&cat=p&typeid=i","cat":314034},{"id":119886,"n":"Yaourt grec nature Délisse 1kg","p":4.75,"u":"4,75 €/KG","img":"https://fd14-photos.leclercdrive.fr/image.ashx?id=2885137&use=l&cat=p&typeid=i","cat":314999},{"id":119913,"n":"Yaourt à boire Yop Yoplait Chocolat - 850g","p":1.74,"u":"2,05 €/KG","img":"https://fd14-photos.leclercdrive.fr/image.ashx?id=2855534&use=l&cat=p&typeid=i","cat":295246},{"id":119941,"n":"Fromage à Tartiner Tartare Ail et Fines Herbes 10P - 160g","p":2.0,"u":"12,50 €/KG","img":"https://fd14-photos.leclercdrive.fr/image.ashx?id=2867410&use=l&cat=p&typeid=i","cat":314029},{"id":119943,"n":"Soupe 10 légumes Liebig A la crème - x2 - 60cl","p":1.98,"u":"3,30 €/L","img":"https://fd14-photos.leclercdrive.fr/image.ashx?id=2892139&use=l&cat=p&typeid=i","cat":284462},{"id":119962,"n":"Tielles gourmandes de Sète Pêcheries Sétoises x2 - 150g","p":3.4,"u":"22,67 €/KG","img":"https://fd14-photos.leclercdrive.fr/image.ashx?id=2944813&use=l&cat=p&typeid=i","cat":285094},{"id":120140,"n":"Kinder Surprise Père Noël - 36g","p":2.16,"u":"60,00 €/KG","img":"https://fd14-photos.leclercdrive.fr/image.ashx?id=1984789&use=l&cat=p&typeid=i","cat":327592},{"id":120210,"n":"Nouilles soba Cup Nissin Sukiyaki Boeuf - 89g","p":2.65,"u":"29,78 €/KG","img":"https://fd14-photos.leclercdrive.fr/image.ashx?id=2647624&use=l&cat=p&typeid=i","cat":288992},{"id":120211,"n":"Nissin soba Cup Yakitori Poulet 89g","p":2.0,"u":"22,47 €/KG","img":"https://fd14-photos.leclercdrive.fr/image.ashx?id=2433509&use=l&cat=p&typeid=i","cat":288992},{"id":120212,"n":"Nouilles soba Cup Nissin Classique - 90g","p":1.9,"u":"21,11 €/KG","img":"https://fd14-photos.leclercdrive.fr/image.ashx?id=2433512&use=l&cat=p&typeid=i","cat":288992},{"id":120214,"n":"Nissin Soba Cup Teriyaki  90g","p":2.19,"u":"24,33 €/KG","img":"https://fd14-photos.leclercdrive.fr/image.ashx?id=2160111&use=l&cat=p&typeid=i","cat":288992},{"id":120224,"n":"Cristaux de soude Clair 500g","p":1.93,"u":"3,86 €/KG","img":"https://fd14-photos.leclercdrive.fr/image.ashx?id=2822144&use=l&cat=p&typeid=i","cat":325365},{"id":120225,"n":"Percarbonate de sodium Clair 500g","p":2.99,"u":"5,98 €/KG","img":"https://fd14-photos.leclercdrive.fr/image.ashx?id=2822141&use=l&cat=p&typeid=i","cat":325365},{"id":120228,"n":"Poulet rôti fermier  1P","p":9.9,"img":"https://fd14-photos.leclercdrive.fr/image.ashx?id=1648992&use=l&cat=p&typeid=i","cat":284336},{"id":120254,"n":"Thé vert nature Yunnan 40g","p":3.85,"u":"96,25 €/KG","img":"https://fd14-photos.leclercdrive.fr/image.ashx?id=1871275&use=l&cat=p&typeid=i","cat":293233},{"id":120266,"n":"Galettes de riz Tanoshi Vietnam x10 - 100g","p":2.85,"u":"2,85 €/KG","img":"https://fd14-photos.leclercdrive.fr/image.ashx?id=2999982&use=l&cat=p&typeid=i","cat":288992},{"id":120268,"n":"Sauce soja Tanoshi Sel reduit - 200ml","p":2.75,"u":"13,75 €/L","img":"https://fd14-photos.leclercdrive.fr/image.ashx?id=2907985&use=l&cat=p&typeid=i","cat":288992},{"id":120283,"n":"Pata Pate de curry Patak's Tandoori - 170g","p":3.39,"u":"19,94 €/KG","img":"https://fd14-photos.leclercdrive.fr/image.ashx?id=2650759&use=l&cat=p&typeid=i","cat":289012},{"id":120295,"n":"Mascara Waterproof Maybelline  Cils Sensational Extra-noir","p":9.7,"img":"https://fd14-photos.leclercdrive.fr/image.ashx?id=2377781&use=l&cat=p&typeid=i","cat":287029},{"id":120331,"n":"Eau gazeuse minérale Salvetat Pauvre en sodium - 6x1,15L","p":3.05,"u":"0,44 €/L","img":"https://fd14-photos.leclercdrive.fr/image.ashx?id=2578693&use=l&cat=p&typeid=i","cat":284536},{"id":120335,"n":"Eau gazeuse aromatisée Salvetat citron - 1,15L","p":0.8,"u":"0,70 €/L","img":"https://fd14-photos.leclercdrive.fr/image.ashx?id=2279753&use=l&cat=p&typeid=i","cat":284536},{"id":120348,"n":"Purée 4 mois Bio Village Pomme pruneaux bio - 4x100g","p":1.69,"u":"4,23 €/KG","img":"https://fd14-photos.leclercdrive.fr/image.ashx?id=2704837&use=l&cat=p&typeid=i","cat":312387},{"id":120350,"n":"Purée 4 mois Bio Village Pomme coing bio - 4x100g","p":1.69,"u":"4,23 €/KG","img":"https://fd14-photos.leclercdrive.fr/image.ashx?id=2704840&use=l&cat=p&typeid=i","cat":312387},{"id":120401,"n":"Boisson aux fruits Oasis Tropical - 4x2L","p":9.63,"u":"1,20 €/L","img":"https://fd14-photos.leclercdrive.fr/image.ashx?id=3011089&use=l&cat=p&typeid=i","cat":295018},{"id":120421,"n":"Crème de coco Real Thai 200ml","p":1.99,"u":"9,95 €/L","img":"https://fd14-photos.leclercdrive.fr/image.ashx?id=2857944&use=l&cat=p&typeid=i","cat":288992},{"id":120422,"n":"Lait de coco uht Real Thai 200ml","p":1.5,"u":"7,50 €/L","img":"https://fd14-photos.leclercdrive.fr/image.ashx?id=2872249&use=l&cat=p&typeid=i","cat":288992},{"id":120482,"n":"Planta fin cuisine facile 750ml - Format familial","p":3.25,"u":"4,33 €/L","img":"https://fd14-photos.leclercdrive.fr/image.ashx?id=2440091&use=l&cat=p&typeid=i","cat":284453},{"id":120505,"n":"Mascara Waterproof L'OréalParis Millions de Cils Noir","p":13.47,"u":"498,89 €/KG","img":"https://fd14-photos.leclercdrive.fr/image.ashx?id=2278076&use=l&cat=p&typeid=i","cat":287029},{"id":120520,"n":"Mascara Maybelline  Cils Sensational Extra-noir","p":7.45,"img":"https://fd14-photos.leclercdrive.fr/image.ashx?id=2377784&use=l&cat=p&typeid=i","cat":287029},{"id":120586,"n":"Wraps Poco Loco  Blé maïs - 380g","p":2.25,"u":"5,92 €/KG","img":"https://fd14-photos.leclercdrive.fr/image.ashx?id=1874447&use=l&cat=p&typeid=i","cat":288993},{"id":120660,"n":"Purée 4 mois Bio Village Fruits verger bio - 4x100g","p":1.99,"u":"4,98 €/KG","img":"https://fd14-photos.leclercdrive.fr/image.ashx?id=2704846&use=l&cat=p&typeid=i","cat":312387},{"id":120661,"n":"Purée 4 mois Bio Village Pomme Fraise Banane bio -4x100g","p":1.69,"u":"4,23 €/KG","img":"https://fd14-photos.leclercdrive.fr/image.ashx?id=2704849&use=l&cat=p&typeid=i","cat":312387},{"id":120676,"n":"Shampooing Arbre Vert Peaux sensibles - 250ml","p":2.25,"u":"9,00 €/L","img":"https://fd14-photos.leclercdrive.fr/image.ashx?id=2175909&use=l&cat=p&typeid=i","cat":284606},{"id":120679,"n":"Petits pots bébé P'TIT SOUPER Petits pois pâtes 12M+ - 2x200g","p":2.01,"u":"5,03 €/KG","img":"https://fd14-photos.leclercdrive.fr/image.ashx?id=2526517&use=l&cat=p&typeid=i","cat":312239},{"id":120683,"n":"Petits pots bébé P'TITE RECETTE Bœuf bourguignon 12M+ - 2x200g","p":2.15,"u":"5,38 €/KG","img":"https://fd14-photos.leclercdrive.fr/image.ashx?id=2525714&use=l&cat=p&typeid=i","cat":312237},{"id":120686,"n":"Biphase micellaire So Bio Etic Bamboo bio - 500ml","p":6.8,"u":"13,60 €/L","img":"https://fd14-photos.leclercdrive.fr/image.ashx?id=2680221&use=l&cat=p&typeid=i","cat":284603},{"id":120688,"n":"Gel douche argan So Bio Etic Nutrition bio - 650ml","p":5.85,"u":"9,00 €/L","img":"https://fd14-photos.leclercdrive.fr/image.ashx?id=2891583&use=l&cat=p&typeid=i","cat":284594},{"id":120690,"n":"Shampoing Nateïs Cheveux fragiles - 250ml","p":1.26,"u":"5,04 €/L","img":"https://fd14-photos.leclercdrive.fr/image.ashx?id=2626838&use=l&cat=p&typeid=i","cat":284606},{"id":120743,"n":"Biscuit orange chia Gerblé Bio Bio - 132g","p":2.15,"u":"16,29 €/KG","img":"https://fd14-photos.leclercdrive.fr/image.ashx?id=2664049&use=l&cat=p&typeid=i","cat":284487},{"id":120828,"n":"Poêle 24cm Easy Cook'n Clean Tous feux sauf induction","p":15.9,"img":"https://fd14-photos.leclercdrive.fr/image.ashx?id=2531856&use=l&cat=p&typeid=i","cat":298490},{"id":120832,"n":"Casserole Easy Cook'n Clean 20cm Tous feux sauf induction","p":16.9,"img":"https://fd14-photos.leclercdrive.fr/image.ashx?id=2606921&use=l&cat=p&typeid=i","cat":298490},{"id":120841,"n":"Bonbons Lutti Max 2 Fizz Assortiment Piquant - 500g","p":4.4,"u":"8,80 €/KG","img":"https://fd14-photos.leclercdrive.fr/image.ashx?id=2964685&use=l&cat=p&typeid=i","cat":304250},{"id":120858,"n":"Carambar Atomic 220g","p":1.9,"u":"8,64 €/KG","img":"https://fd14-photos.leclercdrive.fr/image.ashx?id=2757434&use=l&cat=p&typeid=i","cat":304250},{"id":120864,"n":"Bonbons Lutti Flexifizz Piquants Fraise - 225g","p":1.45,"u":"6,44 €/KG","img":"https://fd14-photos.leclercdrive.fr/image.ashx?id=2806396&use=l&cat=p&typeid=i","cat":304250},{"id":120865,"n":"Poudre chocolatée NESQUIK Sticks  - 12x13.5g","p":2.4,"u":"14,81 €/KG","img":"https://fd14-photos.leclercdrive.fr/image.ashx?id=3005302&use=l&cat=p&typeid=i","cat":293235},{"id":120889,"n":"Chiffonnade de saucisson Autentico - 80g","p":3.25,"u":"40,63 €/KG","img":"https://fd14-photos.leclercdrive.fr/image.ashx?id=2917909&use=l&cat=p&typeid=i","cat":316007},{"id":121028,"n":"Crème mains réparatrice Mixa Zones Fragilisées - 50ml","p":4.85,"u":"97,00 €/L","img":"https://fd14-photos.leclercdrive.fr/image.ashx?id=2335919&use=l&cat=p&typeid=i","cat":325350},{"id":121096,"n":"Chocolat Peluche mix Kinder Ours - 133g","p":13.45,"u":"101,13 €/KG","img":"https://fd14-photos.leclercdrive.fr/image.ashx?id=1895392&use=l&cat=p&typeid=i","cat":327789},{"id":121241,"n":"Pizza 5 formaggi Turini 380g","p":3.19,"u":"8,39 €/KG","img":"https://fd14-photos.leclercdrive.fr/image.ashx?id=2888950&use=l&cat=p&typeid=i","cat":333679},{"id":121242,"n":"Pizza Turini Prosciutto - 400g","p":2.89,"u":"7,23 €/KG","img":"https://fd14-photos.leclercdrive.fr/image.ashx?id=2888953&use=l&cat=p&typeid=i","cat":333679},{"id":121243,"n":"Pizza Speck Turini 380g","p":2.99,"u":"7,87 €/KG","img":"https://fd14-photos.leclercdrive.fr/image.ashx?id=2888956&use=l&cat=p&typeid=i","cat":333679},{"id":121244,"n":"Pizza regina Turini 400g","p":3.34,"u":"8,35 €/KG","img":"https://fd14-photos.leclercdrive.fr/image.ashx?id=2900175&use=l&cat=p&typeid=i","cat":333679},{"id":121278,"n":"Chorizo extra fort César Moroni 200g","p":2.65,"u":"13,25 €/KG","img":"https://fd14-photos.leclercdrive.fr/image.ashx?id=2518091&use=l&cat=p&typeid=i","cat":316006},{"id":121315,"n":"Haché Happy Family Charal 20x80g - 1,6kg","p":17.89,"u":"11,18 €/KG","img":"https://fd14-photos.leclercdrive.fr/image.ashx?id=2739776&use=l&cat=p&typeid=i","cat":319778},{"id":121356,"n":"Dentifrice Original Parodontax Complete protect - 75ml","p":4.95,"u":"66,00 €/L","img":"https://fd14-photos.leclercdrive.fr/image.ashx?id=2546749&use=l&cat=p&typeid=i","cat":284612},{"id":121358,"n":"Dentifrice Blancheur Parodontax Complete protect - 75ml","p":4.95,"u":"66,00 €/L","img":"https://fd14-photos.leclercdrive.fr/image.ashx?id=2896393&use=l&cat=p&typeid=i","cat":284612},{"id":121412,"n":"Sérum Anti-rides L'Oréal Paris Revitalift Peau Neuve - 30ml","p":14.47,"u":"482,33 €/L","img":"https://fd14-photos.leclercdrive.fr/image.ashx?id=2879730&use=l&cat=p&typeid=i","cat":325345},{"id":121417,"n":"Couches écologiques Biolane Jumbo T3 - x52","p":16.8,"u":"0,32 €/P","img":"https://fd14-photos.leclercdrive.fr/image.ashx?id=2876521&use=l&cat=p&typeid=i","cat":284737},{"id":121418,"n":"Couches écologiques Biolane Jumbo T4 - x44","p":16.8,"u":"0,38 €/P","img":"https://fd14-photos.leclercdrive.fr/image.ashx?id=2876524&use=l&cat=p&typeid=i","cat":284737},{"id":121419,"n":"Couches écologiques Biolane Single T2 - x28","p":8.9,"u":"0,32 €/P","img":"https://fd14-photos.leclercdrive.fr/image.ashx?id=2876530&use=l&cat=p&typeid=i","cat":284737},{"id":121436,"n":"Crème anti-âge L'Oréal Paris Revitalift SPF 25 - 50ml","p":13.88,"u":"277,60 €/L","img":"https://fd14-photos.leclercdrive.fr/image.ashx?id=2853230&use=l&cat=p&typeid=i","cat":325345},{"id":121438,"n":"Sérum repulpant L'Oréal Paris Revitalift Anti-rides - 30ml","p":13.88,"u":"462,67 €/L","img":"https://fd14-photos.leclercdrive.fr/image.ashx?id=2926584&use=l&cat=p&typeid=i","cat":325345},{"id":121446,"n":"Peaches Haribo  Sachet bonbons - 250g","p":1.85,"u":"7,40 €/KG","img":"https://fd14-photos.leclercdrive.fr/image.ashx?id=2984925&use=l&cat=p&typeid=i","cat":304250},{"id":121482,"n":"Bière Blanche Hermine 6x25cl","p":5.5,"u":"3,67 €/L","img":"https://fd14-photos.leclercdrive.fr/image.ashx?id=2107850&use=l&cat=p&typeid=i","cat":334878},{"id":121491,"n":"Bière Lancelot IPA bio 6x25cl","p":5.95,"u":"3,97 €/L","img":"https://fd14-photos.leclercdrive.fr/image.ashx?id=1878437&use=l&cat=p&typeid=i","cat":334872},{"id":121690,"n":"Cidre Brut Mam Goudig - 75cl","p":2.5,"u":"3,33 €/L","img":"https://fd14-photos.leclercdrive.fr/image.ashx?id=1879633&use=l&cat=p&typeid=i","cat":334880},{"id":121691,"n":"Cidre doux Mam Goudig - 75cl","p":2.5,"u":"3,33 €/L","img":"https://fd14-photos.leclercdrive.fr/image.ashx?id=1879636&use=l&cat=p&typeid=i","cat":334880},{"id":121707,"n":"Sauce bolognaise pur boeuf Panzani - 200g","p":1.6,"u":"8,00 €/KG","img":"https://fd14-photos.leclercdrive.fr/image.ashx?id=2880682&use=l&cat=p&typeid=i","cat":287599},{"id":121708,"n":"Céréales fourrées P'tit Déli Chocolat noisette - 650g","p":3.08,"u":"4,74 €/KG","img":"https://fd14-photos.leclercdrive.fr/image.ashx?id=2529680&use=l&cat=p&typeid=i","cat":309513},{"id":121755,"n":"Dinosaure goût Ketchup 125g","p":1.41,"u":"11,28 €/KG","img":"https://fd14-photos.leclercdrive.fr/image.ashx?id=1879194&use=l&cat=p&typeid=i","cat":284449},{"id":121805,"n":"Bière blé noir Dremmwel bio 6x25cl","p":5.5,"u":"3,67 €/L","img":"https://fd14-photos.leclercdrive.fr/image.ashx?id=2870764&use=l&cat=p&typeid=i","cat":334852},{"id":122035,"n":"Vinaigre de ménage 14° Briochin Ecocert - 1L","p":3.25,"u":"3,25 €/L","img":"https://fd14-photos.leclercdrive.fr/image.ashx?id=3000734&use=l&cat=p&typeid=i","cat":325365},{"id":122040,"n":"Douche crème Le Petit Olivier Lait de karité - 750ml","p":4.07,"u":"5,43 €/L","img":"https://fd14-photos.leclercdrive.fr/image.ashx?id=2144851&use=l&cat=p&typeid=i","cat":284594},{"id":122055,"n":"Poulet Fermier Jaune La Nouvelle Agriculture - 1,4kg","p":13.85,"u":"9,89 €/KG","img":"https://fd14-photos.leclercdrive.fr/image.ashx?id=2095932&use=l&cat=p&typeid=i","cat":284336},{"id":122221,"n":"Concentré Sodastream Pepsi - 440ml","p":5.5,"pp":4.5,"u":"10,23 €/L","img":"https://fd14-photos.leclercdrive.fr/image.ashx?id=2665532&use=l&cat=p&typeid=i","cat":295020},{"id":122223,"n":"Concentré Sodastream 7UP - 440ml","p":5.5,"pp":4.5,"u":"10,23 €/L","img":"https://fd14-photos.leclercdrive.fr/image.ashx?id=2814211&use=l&cat=p&typeid=i","cat":295020},{"id":122224,"n":"Concentré Sodastream 7UP Free - 440ml","p":5.5,"pp":4.5,"u":"10,23 €/L","img":"https://fd14-photos.leclercdrive.fr/image.ashx?id=2665822&use=l&cat=p&typeid=i","cat":295020},{"id":122230,"n":"Jambon supérieur Bio Village Découenné 2 Tranches bio - 70g","p":2.54,"u":"36,29 €/KG","img":"https://fd14-photos.leclercdrive.fr/image.ashx?id=2275400&use=l&cat=p&typeid=i","cat":316009},{"id":122344,"n":"Pots bébé soir bio Babybio Légumes riz - 8 mois - 2x200g","p":2.6,"u":"6,50 €/KG","img":"https://fd14-photos.leclercdrive.fr/image.ashx?id=2838314&use=l&cat=p&typeid=i","cat":312239},{"id":122346,"n":"Babybio Optima croissance 3 Bio 800g","p":16.6,"u":"20,75 €/KG","img":"https://fd14-photos.leclercdrive.fr/image.ashx?id=2944029&use=l&cat=p&typeid=i","cat":290219},{"id":122419,"n":"Skyr Siggi's  Nature 0% MG - 2x140g","p":2.0,"u":"7,14 €/KG","img":"https://fd14-photos.leclercdrive.fr/image.ashx?id=2372412&use=l&cat=p&typeid=i","cat":315000},{"id":122420,"n":"Skyr Siggi's  Vanille - 2x140g","p":2.0,"u":"7,14 €/KG","img":"https://fd14-photos.leclercdrive.fr/image.ashx?id=2646119&use=l&cat=p&typeid=i","cat":315000},{"id":122433,"n":"Allumettes Bio Village bio Fumées - 2x60g","p":1.79,"u":"14,92 €/KG","img":"https://fd14-photos.leclercdrive.fr/image.ashx?id=2747679&use=l&cat=p&typeid=i","cat":316011},{"id":122434,"n":"Allumettes nature Bio Village bio 2x60g","p":2.15,"u":"17,92 €/KG","img":"https://fd14-photos.leclercdrive.fr/image.ashx?id=2999637&use=l&cat=p&typeid=i","cat":316011},{"id":122435,"n":"Lardons supérieurs Bio Village bio Fumés - 2x60g","p":1.75,"u":"14,58 €/KG","img":"https://fd14-photos.leclercdrive.fr/image.ashx?id=2761983&use=l&cat=p&typeid=i","cat":316011},{"id":122528,"n":"Skyr Siggi's  Framboise - 2x140g","p":2.0,"u":"7,14 €/KG","img":"https://fd14-photos.leclercdrive.fr/image.ashx?id=2692095&use=l&cat=p&typeid=i","cat":315000},{"id":122529,"n":"Skyr Siggi's  Myrtille - 2x140g","p":2.0,"u":"7,14 €/KG","img":"https://fd14-photos.leclercdrive.fr/image.ashx?id=2692098&use=l&cat=p&typeid=i","cat":315000},{"id":122556,"n":"Yaourt chèvre nature Vrai Bio - 4x120g","p":2.9,"u":"6,04 €/KG","img":"https://fd14-photos.leclercdrive.fr/image.ashx?id=2397352&use=l&cat=p&typeid=i","cat":314998},{"id":122604,"n":"Tzatziki Sud & Sol 170g","p":2.9,"u":"17,06 €/KG","img":"https://fd14-photos.leclercdrive.fr/image.ashx?id=2911435&use=l&cat=p&typeid=i","cat":315999},{"id":122676,"n":"Dentifrice Email Diamant Le Charbon - 75ml","p":3.85,"u":"51,33 €/L","img":"https://fd14-photos.leclercdrive.fr/image.ashx?id=2975960&use=l&cat=p&typeid=i","cat":284612},{"id":122691,"n":"Yaourt brassé Bio Les 300 & Bio Fraise, framboise - 4x125g","p":1.85,"u":"3,70 €/KG","img":"https://fd14-photos.leclercdrive.fr/image.ashx?id=2629136&use=l&cat=p&typeid=i","cat":284410},{"id":122731,"n":"Pâte à tartiner Poulain 750g","p":5.5,"u":"7,33 €/KG","img":"https://fd14-photos.leclercdrive.fr/image.ashx?id=2815100&use=l&cat=p&typeid=i","cat":284481},{"id":122792,"n":"Chips Tuiles Pringles Crème et Oignon - 175g","p":1.7,"u":"9,71 €/KG","img":"https://fd14-photos.leclercdrive.fr/image.ashx?id=2902292&use=l&cat=p&typeid=i","cat":287899},{"id":122825,"n":"Sauce au poivre Rustica 245g","p":1.19,"u":"4,86 €/KG","img":"https://fd14-photos.leclercdrive.fr/image.ashx?id=2045133&use=l&cat=p&typeid=i","cat":318431},{"id":122899,"n":"Rasoirs jetables Gillette Blue 3 - x8","p":7.8,"u":"0,98 €/P","img":"https://fd14-photos.leclercdrive.fr/image.ashx?id=2901139&use=l&cat=p&typeid=i","cat":284616},{"id":122902,"n":"Rasoirs jetables Gillette Blue 3 - x4","p":5.1,"u":"1,28 €/P","img":"https://fd14-photos.leclercdrive.fr/image.ashx?id=2674228&use=l&cat=p&typeid=i","cat":284616},{"id":122905,"n":"Shampooing antipelliculaire Vitanove cheveux normaux -250ml","p":1.68,"u":"6,72 €/L","img":"https://fd14-photos.leclercdrive.fr/image.ashx?id=2949212&use=l&cat=p&typeid=i","cat":284606},{"id":122928,"n":"Sauce apéritif Old El Paso Mexicanita medium - 335g","p":2.95,"u":"8,81 €/KG","img":"https://fd14-photos.leclercdrive.fr/image.ashx?id=2737609&use=l&cat=p&typeid=i","cat":288993},{"id":122929,"n":"Sauces Old El Paso Guacamole Salsa et Poivrons - 575g","p":4.45,"u":"7,74 €/KG","img":"https://fd14-photos.leclercdrive.fr/image.ashx?id=2765399&use=l&cat=p&typeid=i","cat":288993},{"id":122930,"n":"Tortillas Old El Paso sans gluten x6 - 216g","p":2.8,"u":"12,96 €/KG","img":"https://fd14-photos.leclercdrive.fr/image.ashx?id=2737666&use=l&cat=p&typeid=i","cat":288993},{"id":122931,"n":"Kit Fajita Old El Paso sans gluten doux - 462g","p":5.95,"u":"12,88 €/KG","img":"https://fd14-photos.leclercdrive.fr/image.ashx?id=2759508&use=l&cat=p&typeid=i","cat":288993},{"id":122973,"n":"Jambon de Paris Tradilège Découenné - 2 tranches - 80g","p":1.22,"u":"15,25 €/KG","img":"https://fd14-photos.leclercdrive.fr/image.ashx?id=2994384&use=l&cat=p&typeid=i","cat":316009},{"id":123029,"n":"Poisson pané Colin Findus Extra croustillant - x2 250g","p":2.75,"u":"11,00 €/KG","img":"https://fd14-photos.leclercdrive.fr/image.ashx?id=3014548&use=l&cat=p&typeid=i","cat":319788},{"id":123062,"n":"Jambon de Paris Tradilège A l'étouffé - 160g","p":1.72,"u":"10,75 €/KG","img":"https://fd14-photos.leclercdrive.fr/image.ashx?id=2951143&use=l&cat=p&typeid=i","cat":316009},{"id":123063,"n":"Jambon de Paris Tradilège Découenné dégraissé x6 - 240g","p":2.44,"u":"10,17 €/KG","img":"https://fd14-photos.leclercdrive.fr/image.ashx?id=2951146&use=l&cat=p&typeid=i","cat":316009},{"id":123065,"n":"Jambon de Paris Tradilège À l'étouffée x8 - 320g","p":3.19,"u":"9,97 €/KG","img":"https://fd14-photos.leclercdrive.fr/image.ashx?id=2994387&use=l&cat=p&typeid=i","cat":316009},{"id":123067,"n":"Jambon de Paris Tradilège Découenné dégraissé x10 - 400g","p":3.99,"u":"9,98 €/KG","img":"https://fd14-photos.leclercdrive.fr/image.ashx?id=2930787&use=l&cat=p&typeid=i","cat":316009},{"id":123069,"n":"Jambon de Paris Tradilège -25% de sel - 2 tranches - 70g","p":1.3,"u":"18,57 €/KG","img":"https://fd14-photos.leclercdrive.fr/image.ashx?id=2208606&use=l&cat=p&typeid=i","cat":316009},{"id":123070,"n":"Jambon de Paris Tradilège -25% de sel - 4 tranches - 140g","p":2.12,"u":"15,14 €/KG","img":"https://fd14-photos.leclercdrive.fr/image.ashx?id=2991527&use=l&cat=p&typeid=i","cat":316009},{"id":123071,"n":"Jambon de Paris Tradilège -25% de sel - 6 tranches - 210g","p":2.6,"u":"12,38 €/KG","img":"https://fd14-photos.leclercdrive.fr/image.ashx?id=2994390&use=l&cat=p&typeid=i","cat":316009},{"id":123073,"n":"Jambon supérieur Tradilège Découenné - 2 tranches - 80g","p":1.36,"u":"17,00 €/KG","img":"https://fd14-photos.leclercdrive.fr/image.ashx?id=2943689&use=l&cat=p&typeid=i","cat":316009},{"id":123074,"n":"Jambon supérieur Tradilège Découenné dégraissé x4 - 160g","p":2.39,"u":"14,94 €/KG","img":"https://fd14-photos.leclercdrive.fr/image.ashx?id=2984194&use=l&cat=p&typeid=i","cat":316009},{"id":123076,"n":"Jambon supérieur Tradilège Découenné dégraissé x6 - 240g","p":3.57,"u":"14,88 €/KG","img":"https://fd14-photos.leclercdrive.fr/image.ashx?id=2974879&use=l&cat=p&typeid=i","cat":316009},{"id":123103,"n":"Jambon supérieur Tradilège Sans couenne x8 - 320g","p":4.39,"u":"13,72 €/KG","img":"https://fd14-photos.leclercdrive.fr/image.ashx?id=2943692&use=l&cat=p&typeid=i","cat":316009},{"id":123105,"n":"Jambon supérieur Tradilège Avec couenne 4 tranches - 160g","p":2.09,"u":"13,06 €/KG","img":"https://fd14-photos.leclercdrive.fr/image.ashx?id=2925756&use=l&cat=p&typeid=i","cat":316009},{"id":123107,"n":"Jambon supérieur Tradilège Avec couenne 8 tranches - 320g","p":4.12,"u":"12,88 €/KG","img":"https://fd14-photos.leclercdrive.fr/image.ashx?id=2979586&use=l&cat=p&typeid=i","cat":316009},{"id":123108,"n":"Jambon supérieur Tradilège Label rouge découenné x4 - 160g","p":2.69,"u":"16,81 €/KG","img":"https://fd14-photos.leclercdrive.fr/image.ashx?id=2943698&use=l&cat=p&typeid=i","cat":316009},{"id":123110,"n":"Jambon supérieur Tradilège Avec couenne -2 tranches - 80g","p":1.49,"u":"18,63 €/KG","img":"https://fd14-photos.leclercdrive.fr/image.ashx?id=2943695&use=l&cat=p&typeid=i","cat":316009},{"id":123121,"n":"Oeufs Marque rèpere De Nos Régions - x20","p":4.29,"u":"0,21 €/P","img":"https://fd14-photos.leclercdrive.fr/image.ashx?id=2969812&use=l&cat=p&typeid=i","cat":284378},{"id":123149,"n":"Prefou tomate Basilic Mix Buffet - 275g","p":3.95,"u":"14,36 €/KG","img":"https://fd14-photos.leclercdrive.fr/image.ashx?id=2108543&use=l&cat=p&typeid=i","cat":316003},{"id":123151,"n":"Prefou Mix Buffet Lardons emmental - 275g","p":3.95,"u":"14,36 €/KG","img":"https://fd14-photos.leclercdrive.fr/image.ashx?id=1921290&use=l&cat=p&typeid=i","cat":316003},{"id":123153,"n":"Prefou chèvre Mix buffet 275g","p":3.95,"u":"14,36 €/KG","img":"https://fd14-photos.leclercdrive.fr/image.ashx?id=2108546&use=l&cat=p&typeid=i","cat":316003},{"id":123249,"n":"Thé blanc bio Clipper Framboise - 34g","p":2.52,"u":"74,12 €/KG","img":"https://fd14-photos.leclercdrive.fr/image.ashx?id=2906757&use=l&cat=p&typeid=i","cat":293233},{"id":123280,"n":"Porc : Côte première x2 300g","p":2.08,"u":"6,93 €/KG","img":"https://fd14-photos.leclercdrive.fr/image.ashx?id=619330&use=l&cat=p&typeid=i","cat":284331},{"id":123369,"n":"Crème hydratante visage & corps 75 Ml","p":1.39,"u":"18,53 €/L","img":"https://fd14-photos.leclercdrive.fr/image.ashx?id=1890346&use=l&cat=p&typeid=i","cat":325345},{"id":123373,"n":"Soin visage Carré Homme et barbe de 3 jours - 50ml","p":3.28,"u":"65,60 €/L","img":"https://fd14-photos.leclercdrive.fr/image.ashx?id=2489206&use=l&cat=p&typeid=i","cat":284622},{"id":123375,"n":"Gel Toilette Intime Neutre Intima Natural 200ml","p":3.15,"u":"15,75 €/L","img":"https://fd14-photos.leclercdrive.fr/image.ashx?id=2959865&use=l&cat=p&typeid=i","cat":284627},{"id":123397,"n":"Bière sans alcool Tourtel Twist Framboise 0,0° - 6x27,5cl","p":4.1,"u":"2,48 €/L","img":"https://fd14-photos.leclercdrive.fr/image.ashx?id=2886705&use=l&cat=p&typeid=i","cat":334877},{"id":123407,"n":"Bière sans alcool Tourtel Twist Citron 0,0° - 6x27,5cl","p":3.85,"u":"2,33 €/L","img":"https://fd14-photos.leclercdrive.fr/image.ashx?id=2886702&use=l&cat=p&typeid=i","cat":334877},{"id":123416,"n":"Soda Coca-Cola Original Bouteille - Pack 6x1,75L","p":14.22,"u":"1,35 €/L","img":"https://fd14-photos.leclercdrive.fr/image.ashx?id=2878333&use=l&cat=p&typeid=i","cat":284530},{"id":123418,"n":"Bière blonde Leffe sans alcool 0,0% - 6x25cl","p":4.5,"u":"3,00 €/L","img":"https://fd14-photos.leclercdrive.fr/image.ashx?id=2548303&use=l&cat=p&typeid=i","cat":334877},{"id":123422,"n":"Soda Coca-Cola Sans Sucres Bouteille - 1,75L","p":1.7,"u":"0,97 €/L","img":"https://fd14-photos.leclercdrive.fr/image.ashx?id=2971748&use=l&cat=p&typeid=i","cat":284530},{"id":123434,"n":"Soda Schweppes Indian Tonic Zero - 6x33cl","p":3.4,"u":"1,72 €/L","img":"https://fd14-photos.leclercdrive.fr/image.ashx?id=2852420&use=l&cat=p&typeid=i","cat":284531},{"id":123436,"n":"Boisson fruit shoot Teisseire Tropical - 6x20cl","p":2.4,"u":"2,00 €/L","img":"https://fd14-photos.leclercdrive.fr/image.ashx?id=2858204&use=l&cat=p&typeid=i","cat":295018},{"id":123437,"n":"Boisson Fruit shoot Teisseire Multivamine - 6x20cl","p":2.4,"u":"2,00 €/L","img":"https://fd14-photos.leclercdrive.fr/image.ashx?id=2858201&use=l&cat=p&typeid=i","cat":295018},{"id":123441,"n":"Mascara Maybelline  Colossal Go volume extrême Noir","p":6.95,"u":"302,17 €/L","img":"https://fd14-photos.leclercdrive.fr/image.ashx?id=2344162&use=l&cat=p&typeid=i","cat":287029},{"id":123448,"n":"Biscuits cacao Kinder Cards Au lait et au cacao 2x5 - 128g","p":3.65,"u":"14,26 €/KG","img":"https://fd14-photos.leclercdrive.fr/image.ashx?id=2672608&use=l&cat=p&typeid=i","cat":284488},{"id":123491,"n":"Crêpe fourrée Whaou Chocolat - x8 - 256g","p":2.07,"u":"8,09 €/KG","img":"https://fd14-photos.leclercdrive.fr/image.ashx?id=2962863&use=l&cat=p&typeid=i","cat":284494},{"id":123492,"n":"Crêpes Whaou! Chocolat x15 - 480g","p":3.59,"u":"7,48 €/KG","img":"https://fd14-photos.leclercdrive.fr/image.ashx?id=2986449&use=l&cat=p&typeid=i","cat":284494},{"id":123503,"n":"Yaourt fjord fromage blanc Nature - 4x125g","p":1.95,"u":"3,90 €/KG","img":"https://fd14-photos.leclercdrive.fr/image.ashx?id=2956993&use=l&cat=p&typeid=i","cat":284409},{"id":123504,"n":"Yaourt fjord fromage blanc Nature - 8x125g","p":3.31,"u":"3,31 €/KG","img":"https://fd14-photos.leclercdrive.fr/image.ashx?id=2653222&use=l&cat=p&typeid=i","cat":284409},{"id":123528,"n":"Soucoupes Copains Copines Acides - 39g","p":0.99,"u":"25,38 €/KG","img":"https://fd14-photos.leclercdrive.fr/image.ashx?id=2934751&use=l&cat=p&typeid=i","cat":304250},{"id":123540,"n":"Eau minérale naturelle Volvic 6x50cl","p":2.1,"u":"0,70 €/L","img":"https://fd14-photos.leclercdrive.fr/image.ashx?id=2730247&use=l&cat=p&typeid=i","cat":284535},{"id":123541,"n":"Eau minérale naturelle Evian  12x33cl","p":4.4,"u":"1,11 €/L","img":"https://fd14-photos.leclercdrive.fr/image.ashx?id=2973556&use=l&cat=p&typeid=i","cat":284535},{"id":123542,"n":"Eau minérale naturelle Evian  6x50cl","p":2.3,"u":"0,77 €/L","img":"https://fd14-photos.leclercdrive.fr/image.ashx?id=2969022&use=l&cat=p&typeid=i","cat":284535},{"id":123550,"n":"Yaourt aux fruits brassés Velouté fruix Danone - 16x125g","p":4.32,"u":"2,16 €/KG","img":"https://fd14-photos.leclercdrive.fr/image.ashx?id=2912923&use=l&cat=p&typeid=i","cat":284410},{"id":123552,"n":"Yaourt fruits rouges brassés Velouté fruix Danone - 8x125g","p":2.65,"u":"2,65 €/KG","img":"https://fd14-photos.leclercdrive.fr/image.ashx?id=2912932&use=l&cat=p&typeid=i","cat":284410},{"id":123553,"n":"Yaourt aux fruits velouté fruix Danone brassé fraise - 4x125g","p":1.75,"u":"3,50 €/KG","img":"https://fd14-photos.leclercdrive.fr/image.ashx?id=2911855&use=l&cat=p&typeid=i","cat":284410},{"id":123555,"n":"Yaourt fruits jaunes brassés Velouté fruix Danone - 8x125g","p":2.65,"u":"2,65 €/KG","img":"https://fd14-photos.leclercdrive.fr/image.ashx?id=2912926&use=l&cat=p&typeid=i","cat":284410},{"id":123603,"n":"Kit Distributeur Savon Mains Dettol Citron 250ml","p":7.25,"u":"29,00 €/L","img":"https://fd14-photos.leclercdrive.fr/image.ashx?id=2975134&use=l&cat=p&typeid=i","cat":284597},{"id":123622,"n":"Lait poudre Optima 2 Babybio  Bio 6 mois à 1an - 800g","p":19.54,"u":"24,43 €/KG","img":"https://fd14-photos.leclercdrive.fr/image.ashx?id=2988436&use=l&cat=p&typeid=i","cat":284727},{"id":123693,"n":"Pâtes Eco+ Vermicelles - 1kg","p":1.34,"u":"1,34 €/KG","img":"https://fd14-photos.leclercdrive.fr/image.ashx?id=2949400&use=l&cat=p&typeid=i","cat":284427},{"id":123864,"n":"Crème Pieds Anti-Crevasses Talons 24h - 60 ml","p":3.95,"u":"65,83 €/L","img":"https://fd14-photos.leclercdrive.fr/image.ashx?id=2980878&use=l&cat=p&typeid=i","cat":325354},{"id":123924,"n":"Barres choco caram biscuit 348g","p":1.97,"u":"5,66 €/KG","img":"https://fd14-photos.leclercdrive.fr/image.ashx?id=2739721&use=l&cat=p&typeid=i","cat":284498},{"id":123960,"n":"Bière sans alcool Desperados Virgin - Agrumes 3x33cl","p":3.76,"u":"3,80 €/L","img":"https://fd14-photos.leclercdrive.fr/image.ashx?id=2977966&use=l&cat=p&typeid=i","cat":334877},{"id":124035,"n":"Jus de raisin ABC Eco+ 1L","p":0.99,"u":"0,99 €/L","img":"https://fd14-photos.leclercdrive.fr/image.ashx?id=2802275&use=l&cat=p&typeid=i","cat":284915},{"id":124052,"n":"Nouilles de riz Table du monde 250g","p":1.99,"u":"7,96 €/KG","img":"https://fd14-photos.leclercdrive.fr/image.ashx?id=2679780&use=l&cat=p&typeid=i","cat":288992},{"id":124242,"n":"Le croque Bistrot Petit Zinc Jambon et Emmental 2x140g","p":3.7,"u":"13,21 €/KG","img":"https://fd14-photos.leclercdrive.fr/image.ashx?id=2305049&use=l&cat=p&typeid=i","cat":333671},{"id":124243,"n":"Pâté en croûte Maison Monterrat Apéri'Croq classique - 450g","p":3.4,"u":"7,56 €/KG","img":"https://fd14-photos.leclercdrive.fr/image.ashx?id=2277260&use=l&cat=p&typeid=i","cat":316003},{"id":124374,"n":"Eau aromatisée Volvic bio Pamplemousse romarin - 75cl","p":1.3,"u":"1,73 €/L","img":"https://fd14-photos.leclercdrive.fr/image.ashx?id=2462514&use=l&cat=p&typeid=i","cat":284537},{"id":124375,"n":"Eau infusée Bio Volvic Concombre menthe - 75cl","p":1.4,"u":"1,87 €/L","img":"https://fd14-photos.leclercdrive.fr/image.ashx?id=2462517&use=l&cat=p&typeid=i","cat":284537},{"id":124473,"n":"Cabillaud MSC citron Côté Table Riz - 290g","p":2.99,"u":"10,31 €/KG","img":"https://fd14-photos.leclercdrive.fr/image.ashx?id=2672954&use=l&cat=p&typeid=i","cat":333665},{"id":124478,"n":"IGP Méditérranée rosé Les Calandières - 75cl","p":3.5,"u":"4,67 €/L","img":"https://fd14-photos.leclercdrive.fr/image.ashx?id=2996608&use=l&cat=p&typeid=i","cat":289558},{"id":124496,"n":"Crème glacée Ben & Jerry's Choco Fudge Brownie - 408g","p":3.7,"u":"9,07 €/KG","img":"https://fd14-photos.leclercdrive.fr/image.ashx?id=2738050&use=l&cat=p&typeid=i","cat":284725},{"id":124498,"n":"Glace en Pot BEN & JERRY'S Cookie Dough - 465ml","p":3.67,"u":"9,04 €/KG","img":"https://fd14-photos.leclercdrive.fr/image.ashx?id=2738056&use=l&cat=p&typeid=i","cat":284725},{"id":124500,"n":"Crème glacée Ben & Jerry's Peanut butter - 425g","p":3.7,"u":"8,71 €/KG","img":"https://fd14-photos.leclercdrive.fr/image.ashx?id=3001524&use=l&cat=p&typeid=i","cat":284725},{"id":124595,"n":"Nutella Biscuit pâte à tartiner Cacao Noisettes - 166g","p":1.86,"u":"11,20 €/KG","img":"https://fd14-photos.leclercdrive.fr/image.ashx?id=2922200&use=l&cat=p&typeid=i","cat":284488},{"id":124617,"n":"Chocolat Peluche mix Kinder Kangourou - 133g","p":13.45,"u":"101,13 €/KG","img":"https://fd14-photos.leclercdrive.fr/image.ashx?id=1899696&use=l&cat=p&typeid=i","cat":327789},{"id":124655,"n":"Bac sorbet Eskiss Mangue - 650g","p":2.49,"u":"3,83 €/KG","img":"https://fd14-photos.leclercdrive.fr/image.ashx?id=2982673&use=l&cat=p&typeid=i","cat":284263},{"id":124670,"n":"Pain de mie complet Jacquet Maxi - Sans sucre ajouté - 550g","p":1.6,"u":"2,91 €/KG","img":"https://fd14-photos.leclercdrive.fr/image.ashx?id=2935708&use=l&cat=p&typeid=i","cat":284477},{"id":124694,"n":"Saucisson Mini Justin Bridou  Bâton de Berger nature - 160g","p":3.25,"u":"20,31 €/KG","img":"https://fd14-photos.leclercdrive.fr/image.ashx?id=2921786&use=l&cat=p&typeid=i","cat":316006},{"id":124696,"n":"Accras de morue MSC Table du Monde - 200g","p":2.29,"u":"11,45 €/KG","img":"https://fd14-photos.leclercdrive.fr/image.ashx?id=2841169&use=l&cat=p&typeid=i","cat":333673},{"id":124744,"n":"Gratte éponge Spontex x3","p":2.45,"u":"0,82 €/P","img":"https://fd14-photos.leclercdrive.fr/image.ashx?id=2973084&use=l&cat=p&typeid=i","cat":284667},{"id":124787,"n":"Shampooing sec Batiste Volume - 200ml","p":4.45,"u":"22,25 €/L","img":"https://fd14-photos.leclercdrive.fr/image.ashx?id=2557979&use=l&cat=p&typeid=i","cat":289143},{"id":124791,"n":"Serviette Nana Maxi goodnight - x12","p":1.8,"u":"0,15 €/P","img":"https://fd14-photos.leclercdrive.fr/image.ashx?id=2806402&use=l&cat=p&typeid=i","cat":284624},{"id":124795,"n":"Protège lingerie Nana Extra long - x24","p":1.7,"u":"0,07 €/P","img":"https://fd14-photos.leclercdrive.fr/image.ashx?id=2968499&use=l&cat=p&typeid=i","cat":284625},{"id":124903,"n":"Laque fixation forte Eco+ 400ml","p":1.11,"u":"2,78 €/L","img":"https://fd14-photos.leclercdrive.fr/image.ashx?id=2270223&use=l&cat=p&typeid=i","cat":284609},{"id":124908,"n":"Crème coiffante Carré Homme Cheveux & Barbe - 75ml","p":3.79,"u":"50,53 €/L","img":"https://fd14-photos.leclercdrive.fr/image.ashx?id=2635691&use=l&cat=p&typeid=i","cat":284609},{"id":124909,"n":"Culotte Enuresie Mots d'Enfants 4-7 ans -17-30 kg - x15","p":9.49,"u":"0,63 €/P","img":"https://fd14-photos.leclercdrive.fr/image.ashx?id=2900169&use=l&cat=p&typeid=i","cat":290633},{"id":124910,"n":"Culotte Enuresie Mots d'enfants 8/15 ans -27/57 kg- x12","p":9.29,"u":"0,77 €/P","img":"https://fd14-photos.leclercdrive.fr/image.ashx?id=2905234&use=l&cat=p&typeid=i","cat":290633},{"id":124930,"n":"Sacs poubelle Elembal Coulissants spécial tri 50L-x10","p":2.19,"u":"0,22 €/P","img":"https://fd14-photos.leclercdrive.fr/image.ashx?id=2958756&use=l&cat=p&typeid=i","cat":285168},{"id":124936,"n":"Serviettes hygiéniques Eco+ Normales Ultra minces - x14","p":0.51,"u":"0,04 €/P","img":"https://fd14-photos.leclercdrive.fr/image.ashx?id=2809686&use=l&cat=p&typeid=i","cat":284624},{"id":124959,"n":"Shampooing sec Nateïs Pomme - 150ml","p":2.18,"u":"14,53 €/L","img":"https://fd14-photos.leclercdrive.fr/image.ashx?id=2843602&use=l&cat=p&typeid=i","cat":289143},{"id":124961,"n":"Shampoing sec Nateis 150ml","p":2.06,"u":"13,73 €/L","img":"https://fd14-photos.leclercdrive.fr/image.ashx?id=2751919&use=l&cat=p&typeid=i","cat":289143},{"id":125218,"n":"Cacahuètes Eco  Grillées et salées - 250g","p":0.7,"u":"2,80 €/KG","img":"https://fd14-photos.leclercdrive.fr/image.ashx?id=1946078&use=l&cat=p&typeid=i","cat":284448},{"id":125220,"n":"Snacks Eco+ Gôut bacon - 100g","p":0.68,"u":"6,80 €/KG","img":"https://fd14-photos.leclercdrive.fr/image.ashx?id=2947344&use=l&cat=p&typeid=i","cat":284449},{"id":125222,"n":"Assortiment biscuit Eco+ Soufflé - 125g","p":0.87,"u":"6,96 €/KG","img":"https://fd14-photos.leclercdrive.fr/image.ashx?id=2964559&use=l&cat=p&typeid=i","cat":284449},{"id":125223,"n":"Pistaches grillées à sec Eco+ 200g","p":2.58,"u":"12,90 €/KG","img":"https://fd14-photos.leclercdrive.fr/image.ashx?id=2299551&use=l&cat=p&typeid=i","cat":284448},{"id":125238,"n":"Cookies P'tit Déli Chocolat noisette - 200g","p":1.69,"u":"8,45 €/KG","img":"https://fd14-photos.leclercdrive.fr/image.ashx?id=1943253&use=l&cat=p&typeid=i","cat":325066},{"id":125370,"n":"Plateau trio deliciozo Coppa jambon cru saucisson 160g","p":5.65,"u":"35,31 €/KG","img":"https://fd14-photos.leclercdrive.fr/image.ashx?id=2917495&use=l&cat=p&typeid=i","cat":316007},{"id":125371,"n":"Plateau trio Spaniolo Serrano chorizo lomo - 160g","p":5.65,"u":"35,31 €/KG","img":"https://fd14-photos.leclercdrive.fr/image.ashx?id=2484401&use=l&cat=p&typeid=i","cat":316007},{"id":125383,"n":"Comté fromage râpé Les Croisés 130g","p":1.95,"u":"15,00 €/KG","img":"https://fd14-photos.leclercdrive.fr/image.ashx?id=2897820&use=l&cat=p&typeid=i","cat":314035},{"id":125431,"n":"Granola Bio Bjorg Chocolat - 350g","p":3.75,"u":"10,71 €/KG","img":"https://fd14-photos.leclercdrive.fr/image.ashx?id=2906217&use=l&cat=p&typeid=i","cat":309512},{"id":125487,"n":"Céréales muesli bio bjorg fibres blé - 375g","p":3.4,"u":"9,07 €/KG","img":"https://fd14-photos.leclercdrive.fr/image.ashx?id=2854465&use=l&cat=p&typeid=i","cat":309512},{"id":125606,"n":"Gruyère IGP  Monts & Terroirs - 200g","p":2.95,"u":"14,75 €/KG","img":"https://fd14-photos.leclercdrive.fr/image.ashx?id=1987701&use=l&cat=p&typeid=i","cat":314036},{"id":125723,"n":"Céréales fourées P'tit Déli Tout chocolat - 650g","p":2.89,"u":"4,45 €/KG","img":"https://fd14-photos.leclercdrive.fr/image.ashx?id=2568337&use=l&cat=p&typeid=i","cat":309513},{"id":125748,"n":"Coeur burger texas bbq bio Céréal Bio - 160g","p":3.1,"u":"19,38 €/KG","img":"https://fd14-photos.leclercdrive.fr/image.ashx?id=2575120&use=l&cat=p&typeid=i","cat":284953},{"id":125749,"n":"Coeur burger original bio Céréal Bio - 160g","p":3.67,"u":"22,94 €/KG","img":"https://fd14-photos.leclercdrive.fr/image.ashx?id=2575123&use=l&cat=p&typeid=i","cat":284953},{"id":125760,"n":"Cacahuètes Benenuts-Twinuts Sauces BBQ - 150g","p":1.27,"u":"8,47 €/KG","img":"https://fd14-photos.leclercdrive.fr/image.ashx?id=2967741&use=l&cat=p&typeid=i","cat":284448},{"id":125764,"n":"Sauce tomate cuisinée bio Jardin Bio - 510g","p":3.25,"u":"6,37 €/KG","img":"https://fd14-photos.leclercdrive.fr/image.ashx?id=2537541&use=l&cat=p&typeid=i","cat":288384},{"id":125778,"n":"Infusion detox Jardin Bio Fruitée cassis bio - 20g","p":2.35,"u":"117,50 €/KG","img":"https://fd14-photos.leclercdrive.fr/image.ashx?id=2792597&use=l&cat=p&typeid=i","cat":293234},{"id":125914,"n":"Fromages frais Pat'patrouille Yoplait goûts fruits - 12x50g","p":1.68,"u":"2,80 €/KG","img":"https://fd14-photos.leclercdrive.fr/image.ashx?id=2733685&use=l&cat=p&typeid=i","cat":284414},{"id":125915,"n":"Yaourts allégés Sveltesse   Caramel - 4x125g","p":1.5,"u":"3,00 €/KG","img":"https://fd14-photos.leclercdrive.fr/image.ashx?id=2561601&use=l&cat=p&typeid=i","cat":315000},{"id":125916,"n":"Fromages frais Pat'Patrouille Yoplait goûts fruits - 24x50g","p":3.35,"u":"2,79 €/KG","img":"https://fd14-photos.leclercdrive.fr/image.ashx?id=2733688&use=l&cat=p&typeid=i","cat":284414},{"id":125919,"n":"Boisson végétale Alpro Lait d'amande vanille - 1L","p":2.7,"u":"2,70 €/L","img":"https://fd14-photos.leclercdrive.fr/image.ashx?id=2981671&use=l&cat=p&typeid=i","cat":316067},{"id":125958,"n":"Chips Bret's Saveur vinaigre - 125g","p":1.15,"u":"9,20 €/KG","img":"https://fd14-photos.leclercdrive.fr/image.ashx?id=1925081&use=l&cat=p&typeid=i","cat":284447},{"id":126085,"n":"Tête Roulée avec Langue x5 - 190g","p":3.15,"u":"16,58 €/KG","img":"https://fd14-photos.leclercdrive.fr/image.ashx?id=1908673&use=l&cat=p&typeid=i","cat":316008},{"id":126090,"n":"Pâté de campagne supérieur Jean Brient - 180g","p":2.2,"u":"12,22 €/KG","img":"https://fd14-photos.leclercdrive.fr/image.ashx?id=1911129&use=l&cat=p&typeid=i","cat":316008},{"id":126091,"n":"Pâté de lapin aux noisettes 180g","p":2.7,"u":"15,00 €/KG","img":"https://fd14-photos.leclercdrive.fr/image.ashx?id=1908667&use=l&cat=p&typeid=i","cat":316008},{"id":126098,"n":"Jambonneau supérieur x3 - 180g","p":3.2,"u":"5,93 €/KG","img":"https://fd14-photos.leclercdrive.fr/image.ashx?id=1908676&use=l&cat=p&typeid=i","cat":284331},{"id":126102,"n":"Salade trio Chou Jambon Comté 500g","p":4.95,"u":"9,90 €/KG","img":"https://fd14-photos.leclercdrive.fr/image.ashx?id=2924014&use=l&cat=p&typeid=i","cat":333657},{"id":126114,"n":"Arachide coque grillée Maître Prunille - 500g","p":3.83,"u":"7,66 €/KG","img":"https://fd14-photos.leclercdrive.fr/image.ashx?id=2660056&use=l&cat=p&typeid=i","cat":284357},{"id":126181,"n":"Chocolat Daim 140g","p":2.63,"u":"18,79 €/KG","img":"https://fd14-photos.leclercdrive.fr/image.ashx?id=2506918&use=l&cat=p&typeid=i","cat":304250},{"id":126186,"n":"Riz rond Eco+ 1kg","p":1.22,"u":"1,22 €/KG","img":"https://fd14-photos.leclercdrive.fr/image.ashx?id=2704594&use=l&cat=p&typeid=i","cat":284428},{"id":126314,"n":"Crème dépilatoire Pure Veet Corps Peaux sensibles 200ml","p":3.92,"u":"19,60 €/L","img":"https://fd14-photos.leclercdrive.fr/image.ashx?id=2965692&use=l&cat=p&typeid=i","cat":325351},{"id":126316,"n":"Cire Chaude au Sucre Pure Veet 100% d'Origine Naturelle 250ml","p":5.5,"u":"22,00 €/L","img":"https://fd14-photos.leclercdrive.fr/image.ashx?id=2990430&use=l&cat=p&typeid=i","cat":325351},{"id":126396,"n":"Bière sans alcool Kronenbourg Pur Malt 0,4° - 12x25cl","p":4.8,"u":"1,60 €/L","img":"https://fd14-photos.leclercdrive.fr/image.ashx?id=2992756&use=l&cat=p&typeid=i","cat":334877},{"id":126424,"n":"Biscuits Sprits sablés Delacre Chocolat au lait - 200g","p":1.77,"u":"8,85 €/KG","img":"https://fd14-photos.leclercdrive.fr/image.ashx?id=2855873&use=l&cat=p&typeid=i","cat":284488},{"id":126503,"n":"Durex Gel Lubrifiant Intime  Perfect Gliss Silicone 50ml","p":7.35,"u":"147,00 €/L","img":"https://fd14-photos.leclercdrive.fr/image.ashx?id=2996497&use=l&cat=p&typeid=i","cat":285160},{"id":126519,"n":"Bloc WC Bref Color Activ+  Marine toilettes - 50g x1","p":1.87,"u":"374,00 €/KG","img":"https://fd14-photos.leclercdrive.fr/image.ashx?id=2890112&use=l&cat=p&typeid=i","cat":284662},{"id":126540,"n":"Citron jaune Eco+  Filet 500g","p":0.99,"u":"1,98 €/KG","img":"https://fd14-photos.leclercdrive.fr/image.ashx?id=2619807&use=l&cat=p&typeid=i","cat":284356},{"id":126549,"n":"Pomelo Chinois 1p","p":2.49,"img":"https://fd14-photos.leclercdrive.fr/image.ashx?id=1628325&use=l&cat=p&typeid=i","cat":284356},{"id":126555,"n":"Noix de coco 1p","p":1.99,"img":"https://fd14-photos.leclercdrive.fr/image.ashx?id=1629549&use=l&cat=p&typeid=i","cat":284356},{"id":126570,"n":"Soda Sprite Original  Bouteille  - 1.25L","p":1.3,"u":"1,04 €/L","img":"https://fd14-photos.leclercdrive.fr/image.ashx?id=2796989&use=l&cat=p&typeid=i","cat":284531},{"id":126571,"n":"Gaufres de Liège Lotus 315g","p":1.9,"u":"6,03 €/KG","img":"https://fd14-photos.leclercdrive.fr/image.ashx?id=2694995&use=l&cat=p&typeid=i","cat":294777},{"id":126578,"n":"Poires Eco+ Barquette 1kg","p":2.49,"u":"2,49 €/KG","img":"https://fd14-photos.leclercdrive.fr/image.ashx?id=2909374&use=l&cat=p&typeid=i","cat":284356},{"id":126579,"n":"Pommes Bicolores Eco+ Sachet 2kg","p":2.99,"u":"1,50 €/KG","img":"https://fd14-photos.leclercdrive.fr/image.ashx?id=2537872&use=l&cat=p&typeid=i","cat":284356},{"id":126581,"n":"Pommes jaunes Eco+ Sachet 2kg","p":2.99,"u":"1,50 €/KG","img":"https://fd14-photos.leclercdrive.fr/image.ashx?id=2441890&use=l&cat=p&typeid=i","cat":284356},{"id":126583,"n":"Kiwi vert Eco+ Barquette 1kg","p":3.99,"u":"3,99 €/KG","img":"https://fd14-photos.leclercdrive.fr/image.ashx?id=2922373&use=l&cat=p&typeid=i","cat":284356},{"id":126585,"n":"Tomates rondes Eco+ Filet 1kg","p":1.67,"u":"1,67 €/KG","img":"https://fd14-photos.leclercdrive.fr/image.ashx?id=2769420&use=l&cat=p&typeid=i","cat":284352},{"id":126586,"n":"Tomate cerise Eco+ Barquette 250g","p":0.99,"u":"3,96 €/KG","img":"https://fd14-photos.leclercdrive.fr/image.ashx?id=2968067&use=l&cat=p&typeid=i","cat":284352},{"id":126616,"n":"Haricot vert Bonduelle Sans résidu - 750g","p":3.18,"u":"4,24 €/KG","img":"https://fd14-photos.leclercdrive.fr/image.ashx?id=2876176&use=l&cat=p&typeid=i","cat":319805},{"id":126643,"n":"Gaufres de liège Lotus Chocolat - 363g","p":2.75,"u":"7,58 €/KG","img":"https://fd14-photos.leclercdrive.fr/image.ashx?id=2859824&use=l&cat=p&typeid=i","cat":294777},{"id":126646,"n":"Gaufres de liège Lotus Chocolat au lait - 363g","p":3.11,"u":"8,57 €/KG","img":"https://fd14-photos.leclercdrive.fr/image.ashx?id=2859827&use=l&cat=p&typeid=i","cat":294777},{"id":126654,"n":"Fromage de Chèvre Saint Loup  Bûche Affinée - 180g","p":2.25,"u":"12,50 €/KG","img":"https://fd14-photos.leclercdrive.fr/image.ashx?id=2763322&use=l&cat=p&typeid=i","cat":314031},{"id":126655,"n":"Rillettes de thon aux olives  Ronde des Mers - 125g","p":1.58,"u":"12,64 €/KG","img":"https://fd14-photos.leclercdrive.fr/image.ashx?id=2436705&use=l&cat=p&typeid=i","cat":303867},{"id":126719,"n":"Fromage frais de chèvre Sans OGM - 160g","p":5.35,"u":"33,44 €/KG","img":"https://fd14-photos.leclercdrive.fr/image.ashx?id=1910260&use=l&cat=p&typeid=i","cat":314031},{"id":126721,"n":"Fromage chèvre bûchette tomate 160g","p":4.1,"u":"25,63 €/KG","img":"https://fd14-photos.leclercdrive.fr/image.ashx?id=1910266&use=l&cat=p&typeid=i","cat":314031},{"id":126722,"n":"Fromage chèvre bûchette Echalote - 160g","p":4.1,"u":"25,63 €/KG","img":"https://fd14-photos.leclercdrive.fr/image.ashx?id=1910269&use=l&cat=p&typeid=i","cat":314031},{"id":126723,"n":"Fromage chèvre Barquette - 160g","p":4.1,"u":"25,63 €/KG","img":"https://fd14-photos.leclercdrive.fr/image.ashx?id=1910272&use=l&cat=p&typeid=i","cat":314031},{"id":126725,"n":"Fromage chèvre 160g","p":4.1,"u":"25,63 €/KG","img":"https://fd14-photos.leclercdrive.fr/image.ashx?id=1910275&use=l&cat=p&typeid=i","cat":314031},{"id":126726,"n":"Fromage chèvre rond affiné 140g","p":4.0,"u":"28,57 €/KG","img":"https://fd14-photos.leclercdrive.fr/image.ashx?id=1910281&use=l&cat=p&typeid=i","cat":314031},{"id":126728,"n":"Fromage chèvre pyramide cendrée 170g","p":3.9,"u":"22,94 €/KG","img":"https://fd14-photos.leclercdrive.fr/image.ashx?id=1910284&use=l&cat=p&typeid=i","cat":314031},{"id":126729,"n":"Fromage chèvre Le Grand Verger 180g","p":3.95,"u":"21,94 €/KG","img":"https://fd14-photos.leclercdrive.fr/image.ashx?id=1910293&use=l&cat=p&typeid=i","cat":314031},{"id":126733,"n":"Fromage chèvre Exotique Barquette - 140g","p":3.9,"u":"27,86 €/KG","img":"https://fd14-photos.leclercdrive.fr/image.ashx?id=1910302&use=l&cat=p&typeid=i","cat":314031},{"id":126734,"n":"Fromage chèvre Saveur du Jardin Barquette - 140g","p":3.9,"u":"27,86 €/KG","img":"https://fd14-photos.leclercdrive.fr/image.ashx?id=1910305&use=l&cat=p&typeid=i","cat":314031},{"id":126736,"n":"Fromage chèvre Echalote Barquette - 140g","p":3.9,"u":"27,86 €/KG","img":"https://fd14-photos.leclercdrive.fr/image.ashx?id=1910308&use=l&cat=p&typeid=i","cat":314031},{"id":126737,"n":"Fromage chèvre Barquette nature - 140g","p":3.9,"u":"27,86 €/KG","img":"https://fd14-photos.leclercdrive.fr/image.ashx?id=1910311&use=l&cat=p&typeid=i","cat":314031},{"id":126742,"n":"Fromage chèvre Tomate Barquette - 140g","p":3.9,"u":"27,86 €/KG","img":"https://fd14-photos.leclercdrive.fr/image.ashx?id=1910314&use=l&cat=p&typeid=i","cat":314031},{"id":126765,"n":"Mascara Maybelline New York Big Shot Daring Black nu - x1","p":9.7,"img":"https://fd14-photos.leclercdrive.fr/image.ashx?id=2344165&use=l&cat=p&typeid=i","cat":287029},{"id":126836,"n":"Éponge Bébé Ultra-Douce Tigex - 1pièce","p":2.6,"img":"https://fd14-photos.leclercdrive.fr/image.ashx?id=2689841&use=l&cat=p&typeid=i","cat":289435},{"id":126903,"n":"Nouilles aux oeufs Suzi Wan Bio - 250g","p":2.85,"u":"11,40 €/KG","img":"https://fd14-photos.leclercdrive.fr/image.ashx?id=1912898&use=l&cat=p&typeid=i","cat":288992},{"id":126918,"n":"Kaki 1p","p":0.69,"img":"https://fd14-photos.leclercdrive.fr/image.ashx?id=1628367&use=l&cat=p&typeid=i","cat":284356},{"id":126958,"n":"Kiwi vert 1p","p":0.69,"img":"https://fd14-photos.leclercdrive.fr/image.ashx?id=2077670&use=l&cat=p&typeid=i","cat":284356},{"id":126960,"n":"Cheeseburgers Côté Croc x6 - 780g","p":5.72,"u":"7,33 €/KG","img":"https://fd14-photos.leclercdrive.fr/image.ashx?id=2077373&use=l&cat=p&typeid=i","cat":319822},{"id":126961,"n":"Kiwi jaune 1p","p":0.89,"img":"https://fd14-photos.leclercdrive.fr/image.ashx?id=1633952&use=l&cat=p&typeid=i","cat":284356},{"id":126984,"n":"Concombre 1p","p":1.19,"img":"https://fd14-photos.leclercdrive.fr/image.ashx?id=1631895&use=l&cat=p&typeid=i","cat":284352},{"id":126987,"n":"Avocats Eco+ Filet x3","p":2.29,"u":"0,76 €/P","img":"https://fd14-photos.leclercdrive.fr/image.ashx?id=2373009&use=l&cat=p&typeid=i","cat":284352},{"id":126990,"n":"Carottes Eco+ Sachet de 2kg","p":1.89,"u":"0,95 €/KG","img":"https://fd14-photos.leclercdrive.fr/image.ashx?id=2922376&use=l&cat=p&typeid=i","cat":284352},{"id":126993,"n":"Céleri  1 branche","p":0.42,"img":"https://fd14-photos.leclercdrive.fr/image.ashx?id=1631818&use=l&cat=p&typeid=i","cat":284352},{"id":126994,"n":"Céleri rave 1p","p":1.99,"img":"https://fd14-photos.leclercdrive.fr/image.ashx?id=1631904&use=l&cat=p&typeid=i","cat":284352},{"id":126996,"n":"Radis rose botte x1","p":0.99,"img":"https://fd14-photos.leclercdrive.fr/image.ashx?id=1100182&use=l&cat=p&typeid=i","cat":284352},{"id":127014,"n":"Carottes fanes botte x1","p":1.99,"img":"https://fd14-photos.leclercdrive.fr/image.ashx?id=1632623&use=l&cat=p&typeid=i","cat":284352},{"id":127017,"n":"Butternut 1p","p":1.99,"img":"https://fd14-photos.leclercdrive.fr/image.ashx?id=1631577&use=l&cat=p&typeid=i","cat":284352},{"id":127019,"n":"Potimarron 1p","p":1.99,"img":"https://fd14-photos.leclercdrive.fr/image.ashx?id=1633196&use=l&cat=p&typeid=i","cat":284352},{"id":127021,"n":"Chou blanc 1p","p":1.99,"img":"https://fd14-photos.leclercdrive.fr/image.ashx?id=560849&use=l&cat=p&typeid=i","cat":284352},{"id":127026,"n":"Chou frisé 1p","p":1.99,"img":"https://fd14-photos.leclercdrive.fr/image.ashx?id=560851&use=l&cat=p&typeid=i","cat":284352},{"id":127047,"n":"Beurre de baratte Demi sel - 250g","p":4.65,"u":"18,60 €/KG","img":"https://fd14-photos.leclercdrive.fr/image.ashx?id=1913736&use=l&cat=p&typeid=i","cat":284379},{"id":127215,"n":"Litière chats Tranquille Cristaux fins - 3.7L","p":5.21,"u":"1,41 €/L","img":"https://fd14-photos.leclercdrive.fr/image.ashx?id=1934850&use=l&cat=p&typeid=i","cat":284683},{"id":127225,"n":"Carottes râpées Bonduelle Echalote - 320g","p":2.35,"u":"7,34 €/KG","img":"https://fd14-photos.leclercdrive.fr/image.ashx?id=2894182&use=l&cat=p&typeid=i","cat":333657},{"id":127230,"n":"Bière blonde Duchesse Anne Triple hops - 6x25cl","p":6.85,"u":"4,57 €/L","img":"https://fd14-photos.leclercdrive.fr/image.ashx?id=1913751&use=l&cat=p&typeid=i","cat":334872},{"id":127323,"n":"Shampoing nourrissant Fructis Hair Food banane - 350ml","p":3.54,"u":"10,11 €/L","img":"https://fd14-photos.leclercdrive.fr/image.ashx?id=2830597&use=l&cat=p&typeid=i","cat":284606},{"id":127386,"n":"Gel douche Cottage lait cerise noire et pistache - 250ml","p":2.1,"u":"8,40 €/L","img":"https://fd14-photos.leclercdrive.fr/image.ashx?id=1914546&use=l&cat=p&typeid=i","cat":284594},{"id":127389,"n":"Cire divine rituel douceur Nair huile argan et onagre - 400g","p":6.44,"u":"16,10 €/KG","img":"https://fd14-photos.leclercdrive.fr/image.ashx?id=2904790&use=l&cat=p&typeid=i","cat":325351},{"id":127396,"n":"Soin de jour Diadermine Lift+ Lissage Immédiat - 50 ml","p":6.75,"u":"135,00 €/L","img":"https://fd14-photos.leclercdrive.fr/image.ashx?id=2551111&use=l&cat=p&typeid=i","cat":325345},{"id":127401,"n":"Préservatifs Orgasm'Intense Perlés et Nervurés Durex x10","p":6.9,"u":"0,69 €/P","img":"https://fd14-photos.leclercdrive.fr/image.ashx?id=2962023&use=l&cat=p&typeid=i","cat":284631},{"id":127430,"n":"Céréales fourrées P'tit Déli Chocolat au lait - 450g","p":2.58,"u":"5,73 €/KG","img":"https://fd14-photos.leclercdrive.fr/image.ashx?id=2297497&use=l&cat=p&typeid=i","cat":309513},{"id":127475,"n":"Lait bébé en poudre Blédilait croissance 1-3 ans 900g","p":10.45,"u":"11,61 €/KG","img":"https://fd14-photos.leclercdrive.fr/image.ashx?id=2848587&use=l&cat=p&typeid=i","cat":290219},{"id":127552,"n":"Tofu fumé Céréal Bio Bio - 200g","p":2.8,"u":"14,00 €/KG","img":"https://fd14-photos.leclercdrive.fr/image.ashx?id=2890097&use=l&cat=p&typeid=i","cat":316036},{"id":127556,"n":"Litière chats Tranquille Cristale charbon actif - 4L","p":5.67,"u":"1,42 €/L","img":"https://fd14-photos.leclercdrive.fr/image.ashx?id=2421874&use=l&cat=p&typeid=i","cat":284683},{"id":127709,"n":"Recharges Frixion Point Pilot Rouge - x3","p":4.7,"img":"https://fd14-photos.leclercdrive.fr/image.ashx?id=2939301&use=l&cat=p&typeid=i","cat":284696},{"id":128451,"n":"Compas mine origin Maped Rouge","p":3.45,"img":"https://fd14-photos.leclercdrive.fr/image.ashx?id=1925711&use=l&cat=p&typeid=i","cat":334133},{"id":128452,"n":"Compas mine origin Maped Bleu","p":3.45,"img":"https://fd14-photos.leclercdrive.fr/image.ashx?id=1925714&use=l&cat=p&typeid=i","cat":334133},{"id":128887,"n":"Soda Coca-Cola Verre - 6x250ml","p":5.79,"u":"3,86 €/L","img":"https://fd14-photos.leclercdrive.fr/image.ashx?id=2444465&use=l&cat=p&typeid=i","cat":284530},{"id":128976,"n":"Sucre poudre Daddy 750g","p":1.6,"u":"2,13 €/KG","img":"https://fd14-photos.leclercdrive.fr/image.ashx?id=2944699&use=l&cat=p&typeid=i","cat":284502},{"id":129003,"n":"Lait infantile 1er âge Babybio  Optima 1 Bio - 800g","p":19.86,"u":"24,83 €/KG","img":"https://fd14-photos.leclercdrive.fr/image.ashx?id=2988433&use=l&cat=p&typeid=i","cat":284726},{"id":129049,"n":"Haricots coco bio Jardin Bio Cuisinés - 680g","p":3.15,"u":"4,63 €/KG","img":"https://fd14-photos.leclercdrive.fr/image.ashx?id=2811200&use=l&cat=p&typeid=i","cat":312606},{"id":129050,"n":"Flocons avoine France bio  Terres et Céréales - 1kg","p":3.83,"u":"3,83 €/KG","img":"https://fd14-photos.leclercdrive.fr/image.ashx?id=2467832&use=l&cat=p&typeid=i","cat":309512},{"id":129059,"n":"Epinards Jardin Bio Bio - 630g","p":3.81,"u":"6,05 €/KG","img":"https://fd14-photos.leclercdrive.fr/image.ashx?id=2918928&use=l&cat=p&typeid=i","cat":312612},{"id":129123,"n":"Gel Lubrifiant Perfect Gliss Durex Longue Durée 100ml","p":6.65,"u":"66,50 €/L","img":"https://fd14-photos.leclercdrive.fr/image.ashx?id=2960693&use=l&cat=p&typeid=i","cat":285160},{"id":129136,"n":"Crème dessert Ker Ronan Chocolat - 4x105g","p":2.25,"u":"5,36 €/KG","img":"https://fd14-photos.leclercdrive.fr/image.ashx?id=1989543&use=l&cat=p&typeid=i","cat":285041},{"id":129137,"n":"Ethylotest 0.5g/L  NF x1","p":2.18,"img":"https://fd14-photos.leclercdrive.fr/image.ashx?id=1916195&use=l&cat=p&typeid=i","cat":334880},{"id":129138,"n":"Ethylotest 0.2g/L  NF x1","p":1.82,"img":"https://fd14-photos.leclercdrive.fr/image.ashx?id=1916198&use=l&cat=p&typeid=i","cat":334880},{"id":129235,"n":"Soda Coca-Cola sans sucres Bouteille - 6x1.75L","p":10.2,"u":"0,97 €/L","img":"https://fd14-photos.leclercdrive.fr/image.ashx?id=2878330&use=l&cat=p&typeid=i","cat":284530},{"id":129237,"n":"Baume Barbe Gillette 100ml","p":8.56,"pp":5.14,"u":"51,40 €/L","img":"https://fd14-photos.leclercdrive.fr/image.ashx?id=2655145&use=l&cat=p&typeid=i","cat":284622},{"id":129560,"n":"Filets cabillaud MSC 800g","p":11.32,"u":"14,15 €/KG","img":"https://fd14-photos.leclercdrive.fr/image.ashx?id=1983986&use=l&cat=p&typeid=i","cat":319786},{"id":129602,"n":"Lait demi-écrémé Grandlait Candia Bouteille - 6x25cl","p":3.6,"u":"2,40 €/L","img":"https://fd14-photos.leclercdrive.fr/image.ashx?id=2916189&use=l&cat=p&typeid=i","cat":284377},{"id":129630,"n":"Bâtonnets Trium Menthe - x4 - 290g","p":2.59,"u":"8,93 €/KG","img":"https://fd14-photos.leclercdrive.fr/image.ashx?id=2119157&use=l&cat=p&typeid=i","cat":284265},{"id":129631,"n":"Pommes de terre Pom Bistro Sarladaises aux Cèpes - 500g","p":3.55,"u":"7,10 €/KG","img":"https://fd14-photos.leclercdrive.fr/image.ashx?id=2866433&use=l&cat=p&typeid=i","cat":319823},{"id":129741,"n":"Salade Mix Buffet Coffret poulet avocat - 320g","p":4.55,"u":"14,22 €/KG","img":"https://fd14-photos.leclercdrive.fr/image.ashx?id=2505816&use=l&cat=p&typeid=i","cat":333657},{"id":129802,"n":"Café dosettes Tassimo Columbus Lungo x14","p":5.78,"u":"64,22 €/KG","img":"https://fd14-photos.leclercdrive.fr/image.ashx?id=2154833&use=l&cat=p&typeid=i","cat":293240},{"id":129829,"n":"Pecorino Romano AOP  Casa Azzurra râpé - 70g","p":1.9,"u":"27,14 €/KG","img":"https://fd14-photos.leclercdrive.fr/image.ashx?id=2349965&use=l&cat=p&typeid=i","cat":314035},{"id":129864,"n":"Crème glacée Ben and Jerry's  Half Baked - 406g","p":3.85,"u":"9,48 €/KG","img":"https://fd14-photos.leclercdrive.fr/image.ashx?id=3011941&use=l&cat=p&typeid=i","cat":284725},{"id":129934,"n":"Beignets Pasquier Chocolat noisette - x6 - 270g","p":1.95,"u":"7,22 €/KG","img":"https://fd14-photos.leclercdrive.fr/image.ashx?id=2986374&use=l&cat=p&typeid=i","cat":284495},{"id":129938,"n":"Tomate cocktail grappe Filière Panier du Primeur - 500g","p":2.49,"u":"4,98 €/KG","img":"https://fd14-photos.leclercdrive.fr/image.ashx?id=2553360&use=l&cat=p&typeid=i","cat":284352},{"id":129991,"n":"Yaourt au lait entier Malo Citron - 4x125g","p":2.0,"u":"4,00 €/KG","img":"https://fd14-photos.leclercdrive.fr/image.ashx?id=2908618&use=l&cat=p&typeid=i","cat":286006},{"id":130115,"n":"Piémontaise Bonduelle Jambon Tomate fraîche -Barquette 320g","p":2.35,"u":"7,34 €/KG","img":"https://fd14-photos.leclercdrive.fr/image.ashx?id=2904700&use=l&cat=p&typeid=i","cat":333657},{"id":130347,"n":"Bâtonnets Trium Caramel Beurre Salé x4 - 288g","p":2.69,"u":"9,34 €/KG","img":"https://fd14-photos.leclercdrive.fr/image.ashx?id=2920788&use=l&cat=p&typeid=i","cat":284265},{"id":130348,"n":"Bâtonnets Trium chocolat au  Lait biscuit cacaoté x4- 290g","p":2.75,"u":"9,48 €/KG","img":"https://fd14-photos.leclercdrive.fr/image.ashx?id=2791341&use=l&cat=p&typeid=i","cat":284265},{"id":130357,"n":"Lait Sans Lactose Candia  Bouteille 1%MG - 6x1L","p":8.1,"u":"1,35 €/L","img":"https://fd14-photos.leclercdrive.fr/image.ashx?id=2481357&use=l&cat=p&typeid=i","cat":317169},{"id":130461,"n":"Bière blonde sans alcool 1664 0,0° - 6x25cl","p":3.5,"u":"2,33 €/L","img":"https://fd14-photos.leclercdrive.fr/image.ashx?id=2120656&use=l&cat=p&typeid=i","cat":334877},{"id":130668,"n":"Aiguillettes Fleury Michon -25% sel sans nitrite - 2x75g","p":2.45,"u":"16,33 €/KG","img":"https://fd14-photos.leclercdrive.fr/image.ashx?id=2673574&use=l&cat=p&typeid=i","cat":316011},{"id":130685,"n":"Nems au porc Agis Avec sauce - 8x65g","p":5.5,"u":"10,58 €/KG","img":"https://fd14-photos.leclercdrive.fr/image.ashx?id=2788646&use=l&cat=p&typeid=i","cat":333673},{"id":130717,"n":"Spaghetti courts Lustucru 3 min - 500g","p":1.3,"u":"2,60 €/KG","img":"https://fd14-photos.leclercdrive.fr/image.ashx?id=2023167&use=l&cat=p&typeid=i","cat":284427},{"id":130744,"n":"Nouilles aux oeufs Suzi Wan 250g","p":1.6,"u":"6,40 €/KG","img":"https://fd14-photos.leclercdrive.fr/image.ashx?id=2892928&use=l&cat=p&typeid=i","cat":288992},{"id":130747,"n":"Kit Tortilla Pocket Old El Paso doux - 375g","p":5.6,"u":"14,93 €/KG","img":"https://fd14-photos.leclercdrive.fr/image.ashx?id=2759514&use=l&cat=p&typeid=i","cat":288993},{"id":130752,"n":"Maquereau Petit Navire 175g Vin blanc et aromates - 175g","p":2.07,"u":"11,83 €/KG","img":"https://fd14-photos.leclercdrive.fr/image.ashx?id=2989063&use=l&cat=p&typeid=i","cat":303868},{"id":130755,"n":"Maquereau Moutarde PETIT NAVIRE Moutarde sans arome ajouté 169g","p":2.05,"u":"12,13 €/KG","img":"https://fd14-photos.leclercdrive.fr/image.ashx?id=2989060&use=l&cat=p&typeid=i","cat":303868},{"id":130784,"n":"Crème colorante Eugène Color N°15","p":3.8,"img":"https://fd14-photos.leclercdrive.fr/image.ashx?id=2476455&use=l&cat=p&typeid=i","cat":288899},{"id":130785,"n":"Confiture Bonne Maman Nectarine abricot intense 335g","p":2.55,"u":"7,61 €/KG","img":"https://fd14-photos.leclercdrive.fr/image.ashx?id=2305712&use=l&cat=p&typeid=i","cat":284480},{"id":130788,"n":"Tablette chocolat au lait Eco+ Ménage - 5x100g","p":3.49,"u":"6,98 €/KG","img":"https://fd14-photos.leclercdrive.fr/image.ashx?id=2746778&use=l&cat=p&typeid=i","cat":284497},{"id":130789,"n":"Préparation Gâteau alsa Moelleux Nature - 435g","p":2.19,"u":"5,03 €/KG","img":"https://fd14-photos.leclercdrive.fr/image.ashx?id=2996431&use=l&cat=p&typeid=i","cat":284505},{"id":130790,"n":"Préparation Gâteau alsa Moelleux Chocolat - 435g","p":2.19,"u":"5,03 €/KG","img":"https://fd14-photos.leclercdrive.fr/image.ashx?id=2996434&use=l&cat=p&typeid=i","cat":284505},{"id":130804,"n":"Préparation Gâteau alsa Fondant au Chocolat - 435g","p":2.35,"u":"7,34 €/KG","img":"https://fd14-photos.leclercdrive.fr/image.ashx?id=2996437&use=l&cat=p&typeid=i","cat":284505},{"id":130805,"n":"Nappage Sainte Lucie Chocolat - 200g","p":2.45,"u":"12,25 €/KG","img":"https://fd14-photos.leclercdrive.fr/image.ashx?id=2776121&use=l&cat=p&typeid=i","cat":284504},{"id":130811,"n":"Brosse à Dents Signal Système Blancheur Medium x1","p":2.7,"img":"https://fd14-photos.leclercdrive.fr/image.ashx?id=2832539&use=l&cat=p&typeid=i","cat":284614},{"id":130812,"n":"Brosse à Dents Signal Ultra Access Medium x1","p":3.25,"img":"https://fd14-photos.leclercdrive.fr/image.ashx?id=3009263&use=l&cat=p&typeid=i","cat":284614},{"id":130816,"n":"Dentifrice Zendium Protection complète - 75ml","p":2.6,"img":"https://fd14-photos.leclercdrive.fr/image.ashx?id=2927711&use=l&cat=p&typeid=i","cat":284612},{"id":130820,"n":"Spray habitat bio So Bio Etic Purifiant assainissant - 200ml","p":9.99,"u":"49,95 €/L","img":"https://fd14-photos.leclercdrive.fr/image.ashx?id=2799922&use=l&cat=p&typeid=i","cat":311626},{"id":130857,"n":"Truite fumée de france Ovive 100g","p":3.4,"u":"34,00 €/KG","img":"https://fd14-photos.leclercdrive.fr/image.ashx?id=2902061&use=l&cat=p&typeid=i","cat":285188},{"id":130884,"n":"Coquilles St Jacques Maréval A la bretonne - 440g","p":9.83,"pp":6.49,"u":"14,75 €/KG","img":"https://fd14-photos.leclercdrive.fr/image.ashx?id=2649127&use=l&cat=p&typeid=i","cat":319787},{"id":130918,"n":"Lait bébé poudre Guigoz Evolia  2ème âge - 6-12 mois - 800g","p":14.27,"u":"17,84 €/KG","img":"https://fd14-photos.leclercdrive.fr/image.ashx?id=2737111&use=l&cat=p&typeid=i","cat":284727},{"id":130931,"n":"Dés emmental Petit Marché 120g","p":2.2,"u":"18,33 €/KG","img":"https://fd14-photos.leclercdrive.fr/image.ashx?id=2324483&use=l&cat=p&typeid=i","cat":314027},{"id":131188,"n":"Compotes Materne Coupelles Pomme Coing - 4x100g","p":1.7,"u":"4,25 €/KG","img":"https://fd14-photos.leclercdrive.fr/image.ashx?id=3010861&use=l&cat=p&typeid=i","cat":284508},{"id":131382,"n":"Lait croissance GUIGOZ RELAIS  dès 12 mois - 800g","p":13.25,"u":"16,56 €/KG","img":"https://fd14-photos.leclercdrive.fr/image.ashx?id=2895029&use=l&cat=p&typeid=i","cat":290219},{"id":131431,"n":"Café Capsules by DOLCE GUSTO Starbucks Caramel Macchiato 2x6","p":4.39,"u":"34,57 €/KG","img":"https://fd14-photos.leclercdrive.fr/image.ashx?id=2966785&use=l&cat=p&typeid=i","cat":293239},{"id":131563,"n":"Sauce aubergine Panzani Ricotta - 400g","p":1.95,"u":"4,88 €/KG","img":"https://fd14-photos.leclercdrive.fr/image.ashx?id=2918565&use=l&cat=p&typeid=i","cat":287599},{"id":131625,"n":"Thé glacé Fuze Tea  Menthe Citron vert - 1,25L","p":1.5,"u":"1,20 €/L","img":"https://fd14-photos.leclercdrive.fr/image.ashx?id=2940402&use=l&cat=p&typeid=i","cat":295019},{"id":131643,"n":"Bière Corsendonk rousse 33cl","p":1.9,"u":"5,76 €/L","img":"https://fd14-photos.leclercdrive.fr/image.ashx?id=1941947&use=l&cat=p&typeid=i","cat":334852},{"id":131680,"n":"Yaourt framboise Ker Ronan Au lait entier - 4x125g","p":2.35,"u":"4,70 €/KG","img":"https://fd14-photos.leclercdrive.fr/image.ashx?id=1989534&use=l&cat=p&typeid=i","cat":286006},{"id":131742,"n":"crème dessert chocolat au lait danette - 4x125g","p":1.5,"u":"3,00 €/KG","img":"https://fd14-photos.leclercdrive.fr/image.ashx?id=2093984&use=l&cat=p&typeid=i","cat":285041},{"id":131767,"n":"Bonbons sans sucres Ricola Orange Menthe - 50g","p":1.5,"u":"30,00 €/KG","img":"https://fd14-photos.leclercdrive.fr/image.ashx?id=2382219&use=l&cat=p&typeid=i","cat":304256},{"id":131784,"n":"Barres céréales Eco+ Choco/banane - 125g","p":0.71,"u":"5,68 €/KG","img":"https://fd14-photos.leclercdrive.fr/image.ashx?id=2791203&use=l&cat=p&typeid=i","cat":285869},{"id":131790,"n":"Barres céréales Eco+ Chocolat & cacahuètes x6 - 126g","p":0.71,"u":"5,63 €/KG","img":"https://fd14-photos.leclercdrive.fr/image.ashx?id=2791209&use=l&cat=p&typeid=i","cat":285869},{"id":131802,"n":"Boules céréales miel P'tit Déli 400g","p":2.34,"u":"5,85 €/KG","img":"https://fd14-photos.leclercdrive.fr/image.ashx?id=2183110&use=l&cat=p&typeid=i","cat":309513},{"id":131806,"n":"Céréales fourrées P'tit Déli Chocolat au lait - 450g","p":2.45,"u":"5,44 €/KG","img":"https://fd14-photos.leclercdrive.fr/image.ashx?id=2297494&use=l&cat=p&typeid=i","cat":309513},{"id":131814,"n":"Confiture Eco+ Fraise - 1kg","p":2.31,"u":"2,31 €/KG","img":"https://fd14-photos.leclercdrive.fr/image.ashx?id=2392262&use=l&cat=p&typeid=i","cat":284480},{"id":131818,"n":"Céréales Corn Flakes Eco+ Nature - 750g","p":1.93,"u":"2,57 €/KG","img":"https://fd14-photos.leclercdrive.fr/image.ashx?id=2711589&use=l&cat=p&typeid=i","cat":309513},{"id":131820,"n":"Corn Flackes sucrés 400g","p":1.74,"u":"4,35 €/KG","img":"https://fd14-photos.leclercdrive.fr/image.ashx?id=2584283&use=l&cat=p&typeid=i","cat":309513},{"id":131821,"n":"Croissants Eco+ x10 - 400g","p":1.47,"u":"3,68 €/KG","img":"https://fd14-photos.leclercdrive.fr/image.ashx?id=2651780&use=l&cat=p&typeid=i","cat":296366},{"id":131826,"n":"Miettes thon à la tomate Eco + 160g","p":0.77,"u":"4,81 €/KG","img":"https://fd14-photos.leclercdrive.fr/image.ashx?id=2751856&use=l&cat=p&typeid=i","cat":303867},{"id":131827,"n":"Mouliné aux 8 légumes Eco+ 1L","p":0.9,"u":"0,90 €/L","img":"https://fd14-photos.leclercdrive.fr/image.ashx?id=2768451&use=l&cat=p&typeid=i","cat":284462},{"id":131833,"n":"Olives vertes réduite en sel Dénoyautées - 160g","p":1.69,"u":"10,56 €/KG","img":"https://fd14-photos.leclercdrive.fr/image.ashx?id=1942587&use=l&cat=p&typeid=i","cat":284458},{"id":131837,"n":"Petit pain grillé Bio Village Bio - 225g","p":1.32,"u":"5,87 €/KG","img":"https://fd14-photos.leclercdrive.fr/image.ashx?id=1942727&use=l&cat=p&typeid=i","cat":284479},{"id":131939,"n":"Brosse à dents classique Signal","p":1.75,"img":"https://fd14-photos.leclercdrive.fr/image.ashx?id=2082690&use=l&cat=p&typeid=i","cat":284614},{"id":132007,"n":"Pain de mie nature Jacquet Maxi tranches - 825g","p":2.1,"u":"2,55 €/KG","img":"https://fd14-photos.leclercdrive.fr/image.ashx?id=2951539&use=l&cat=p&typeid=i","cat":284477},{"id":132008,"n":"Pain de mie complet Jacquet Maxi-tranches - 825g","p":2.45,"u":"2,97 €/KG","img":"https://fd14-photos.leclercdrive.fr/image.ashx?id=2991870&use=l&cat=p&typeid=i","cat":284477},{"id":132109,"n":"Batonnets de glace Nuii Mangue d'Inde et Noix de Coco  x4","p":4.3,"u":"15,03 €/KG","img":"https://fd14-photos.leclercdrive.fr/image.ashx?id=2506825&use=l&cat=p&typeid=i","cat":284265},{"id":132153,"n":"Bâtonnets Trium Cacahuètes x4 - 306g","p":2.69,"u":"8,79 €/KG","img":"https://fd14-photos.leclercdrive.fr/image.ashx?id=2920785&use=l&cat=p&typeid=i","cat":284265},{"id":132163,"n":"Lait bébé liquide Blédilait croissance 1-3 ans 4x500ml","p":4.95,"u":"2,48 €/L","img":"https://fd14-photos.leclercdrive.fr/image.ashx?id=2892418&use=l&cat=p&typeid=i","cat":284728},{"id":132165,"n":"Sorbet Eskiss Citron jaune - 650g","p":2.48,"u":"3,82 €/KG","img":"https://fd14-photos.leclercdrive.fr/image.ashx?id=2982664&use=l&cat=p&typeid=i","cat":284263},{"id":132167,"n":"Bac Eskiss Sorbet Framboise - 650g","p":3.94,"u":"6,06 €/KG","img":"https://fd14-photos.leclercdrive.fr/image.ashx?id=2982667&use=l&cat=p&typeid=i","cat":284263},{"id":132180,"n":"Petits pots bébé P'TITE RECETTE Tajine de poulet 12M+ - 2x200g","p":2.51,"u":"6,28 €/KG","img":"https://fd14-photos.leclercdrive.fr/image.ashx?id=2525720&use=l&cat=p&typeid=i","cat":312237},{"id":132192,"n":"Donut fourré choco St Michel x6 - 180g","p":1.85,"u":"10,28 €/KG","img":"https://fd14-photos.leclercdrive.fr/image.ashx?id=2949961&use=l&cat=p&typeid=i","cat":284495},{"id":132234,"n":"Flocons d'avoine Grainea 500g","p":0.84,"u":"1,68 €/KG","img":"https://fd14-photos.leclercdrive.fr/image.ashx?id=2595948&use=l&cat=p&typeid=i","cat":309512},{"id":132243,"n":"Lessive liquide couleur Epsil 25 lavages - 1.25L","p":2.54,"u":"2,03 €/L","img":"https://fd14-photos.leclercdrive.fr/image.ashx?id=2933449&use=l&cat=p&typeid=i","cat":284640},{"id":132259,"n":"Huile de fleur de colza Lesieur 1L","p":2.4,"u":"2,40 €/L","img":"https://fd14-photos.leclercdrive.fr/image.ashx?id=2508663&use=l&cat=p&typeid=i","cat":284453},{"id":132285,"n":"Feta grecque AOP Les Croisés - Tranche - 150g","p":1.84,"u":"12,27 €/KG","img":"https://fd14-photos.leclercdrive.fr/image.ashx?id=2688312&use=l&cat=p&typeid=i","cat":314026},{"id":132289,"n":"Café moulu L'Or Décaféiné 100% Arabica - 250g","p":4.69,"u":"18,76 €/KG","img":"https://fd14-photos.leclercdrive.fr/image.ashx?id=1947006&use=l&cat=p&typeid=i","cat":284750},{"id":132290,"n":"Huile d'Olive Carapelli Extra Vierge Classico - 75cl","p":9.95,"u":"13,27 €/L","img":"https://fd14-photos.leclercdrive.fr/image.ashx?id=2737480&use=l&cat=p&typeid=i","cat":284453},{"id":132334,"n":"Tortilla Pockets Old El Paso x8 - 223g","p":3.15,"u":"14,13 €/KG","img":"https://fd14-photos.leclercdrive.fr/image.ashx?id=2737675&use=l&cat=p&typeid=i","cat":288993},{"id":132341,"n":"Couscous Fin Ferrero - 500G","p":1.4,"u":"2,80 €/KG","img":"https://fd14-photos.leclercdrive.fr/image.ashx?id=3008239&use=l&cat=p&typeid=i","cat":284429},{"id":132342,"n":"Tablette de chocolat Eco+ Blanc - 4x100g","p":3.67,"u":"9,18 €/KG","img":"https://fd14-photos.leclercdrive.fr/image.ashx?id=2661927&use=l&cat=p&typeid=i","cat":284957},{"id":132348,"n":"Delir' Pik Haribo Sachet bonbons acidulés - 275g","p":1.75,"u":"6,36 €/KG","img":"https://fd14-photos.leclercdrive.fr/image.ashx?id=2984904&use=l&cat=p&typeid=i","cat":304250},{"id":132368,"n":"Repas bébé Blédichef 15 mois Pâtes sauce tomate jambon -250g","p":1.7,"u":"6,80 €/KG","img":"https://fd14-photos.leclercdrive.fr/image.ashx?id=2643743&use=l&cat=p&typeid=i","cat":312238},{"id":132369,"n":"Repas bébé Blédichef 24 mois  Pâtes légumes cabillaud - 250g","p":1.8,"u":"7,20 €/KG","img":"https://fd14-photos.leclercdrive.fr/image.ashx?id=2644725&use=l&cat=p&typeid=i","cat":312238},{"id":132393,"n":"Lait croissance Guigoz Optipro En poudre - dès 18 mois - 900g","p":10.1,"u":"11,22 €/KG","img":"https://fd14-photos.leclercdrive.fr/image.ashx?id=2517589&use=l&cat=p&typeid=i","cat":290219},{"id":132446,"n":"Serviettes ultra normal Tadam Dermo-sensitives bio - x14","p":1.82,"img":"https://fd14-photos.leclercdrive.fr/image.ashx?id=2754752&use=l&cat=p&typeid=i","cat":284624},{"id":132486,"n":"Eau micellaire 100ml","p":1.48,"u":"14,80 €/L","img":"https://fd14-photos.leclercdrive.fr/image.ashx?id=1947543&use=l&cat=p&typeid=i","cat":284603},{"id":132498,"n":"Sandwich Gourmand Club Sodebo Pain Pavot Saumon 190g","p":2.5,"u":"13,16 €/KG","img":"https://fd14-photos.leclercdrive.fr/image.ashx?id=3011194&use=l&cat=p&typeid=i","cat":333658},{"id":132581,"n":"Céréales soufflé P'tit Déli Au chocolat - 400g","p":2.37,"u":"5,93 €/KG","img":"https://fd14-photos.leclercdrive.fr/image.ashx?id=2162735&use=l&cat=p&typeid=i","cat":309513},{"id":132585,"n":"Skyr Yoplait  Nature 0%Mg - 4x100g","p":1.9,"u":"4,75 €/KG","img":"https://fd14-photos.leclercdrive.fr/image.ashx?id=2884435&use=l&cat=p&typeid=i","cat":315000},{"id":132601,"n":"Fan of Pik Haribo  Sachet bonbons acidulés - 200g","p":1.8,"u":"9,00 €/KG","img":"https://fd14-photos.leclercdrive.fr/image.ashx?id=2789766&use=l&cat=p&typeid=i","cat":304250},{"id":132603,"n":"Fromage Abondance NRT AOP 250g","p":4.29,"u":"17,16 €/KG","img":"https://fd14-photos.leclercdrive.fr/image.ashx?id=2812602&use=l&cat=p&typeid=i","cat":314034},{"id":132625,"n":"Batônnets Trium Vanille Fruits rouge x4 - 286g","p":2.59,"u":"9,06 €/KG","img":"https://fd14-photos.leclercdrive.fr/image.ashx?id=2920782&use=l&cat=p&typeid=i","cat":284265},{"id":132629,"n":"Pétales de blé P'tit Déli Au chocolat - 400g","p":2.17,"u":"5,43 €/KG","img":"https://fd14-photos.leclercdrive.fr/image.ashx?id=2162738&use=l&cat=p&typeid=i","cat":309513},{"id":132630,"n":"Sorbet Eskiss Pomme - 650g","p":2.48,"u":"3,82 €/KG","img":"https://fd14-photos.leclercdrive.fr/image.ashx?id=2982670&use=l&cat=p&typeid=i","cat":284263},{"id":132631,"n":"Sorbet Eskiss Poire - 650g","p":2.25,"u":"3,46 €/KG","img":"https://fd14-photos.leclercdrive.fr/image.ashx?id=2983826&use=l&cat=p&typeid=i","cat":284263},{"id":132640,"n":"Batonnets Trium Citron meringue - x4 - 280g","p":2.68,"u":"9,57 €/KG","img":"https://fd14-photos.leclercdrive.fr/image.ashx?id=2911702&use=l&cat=p&typeid=i","cat":284265},{"id":132808,"n":"Skyr Yoplait  Lit Fruits Rouges 0%Mg - 4x100g","p":2.15,"u":"5,38 €/KG","img":"https://fd14-photos.leclercdrive.fr/image.ashx?id=2884438&use=l&cat=p&typeid=i","cat":315000},{"id":132811,"n":"Skyr Yoplait  Sur Lit Myrtilles 0%MG - 4x100G","p":2.15,"u":"5,38 €/KG","img":"https://fd14-photos.leclercdrive.fr/image.ashx?id=2884441&use=l&cat=p&typeid=i","cat":315000},{"id":132812,"n":"Bière blonde Grimbergen Sans alcool 0,0° - 6x25cl","p":4.6,"u":"3,07 €/L","img":"https://fd14-photos.leclercdrive.fr/image.ashx?id=2334515&use=l&cat=p&typeid=i","cat":334877},{"id":132815,"n":"Skyr Yoplait  Sur Lit Citron 0%MG - 4x100g","p":2.15,"u":"5,38 €/KG","img":"https://fd14-photos.leclercdrive.fr/image.ashx?id=2317780&use=l&cat=p&typeid=i","cat":315000},{"id":132901,"n":"AOP Jurançon blanc moelleux Tradition Royale - 75cl","p":6.25,"u":"8,33 €/L","img":"https://fd14-photos.leclercdrive.fr/image.ashx?id=2996872&use=l&cat=p&typeid=i","cat":289557},{"id":132905,"n":"Confiture Bonne Maman Myrtille/Cassis - 335g","p":2.8,"u":"8,36 €/KG","img":"https://fd14-photos.leclercdrive.fr/image.ashx?id=2508222&use=l&cat=p&typeid=i","cat":284480},{"id":132925,"n":"Briquets BIC Décor breton - 3P","p":3.05,"u":"1,02 €/P","img":"https://fd14-photos.leclercdrive.fr/image.ashx?id=1951700&use=l&cat=p&typeid=i","cat":300578},{"id":133039,"n":"Lessive liquide noir Epsil 25 Lavages - 1.25L","p":2.54,"u":"2,03 €/L","img":"https://fd14-photos.leclercdrive.fr/image.ashx?id=2958759&use=l&cat=p&typeid=i","cat":284640},{"id":133044,"n":"Lessive laine & soie Epsil 25 lavages - 1.25L","p":2.54,"u":"2,03 €/L","img":"https://fd14-photos.leclercdrive.fr/image.ashx?id=2842319&use=l&cat=p&typeid=i","cat":284640},{"id":133061,"n":"Huile de massage So Bio Etic Ostéo+ Bien-être Bio - 100ml","p":6.6,"u":"66,00 €/L","img":"https://fd14-photos.leclercdrive.fr/image.ashx?id=2144782&use=l&cat=p&typeid=i","cat":325349},{"id":133062,"n":"Huile massage bio So Bio Etic Relaxation anti-stress - 100ml","p":6.99,"u":"69,90 €/L","img":"https://fd14-photos.leclercdrive.fr/image.ashx?id=2144785&use=l&cat=p&typeid=i","cat":325349},{"id":133063,"n":"Baume détente bio So Bio Etic Sommeil - 40ml","p":6.79,"u":"169,75 €/L","img":"https://fd14-photos.leclercdrive.fr/image.ashx?id=2644229&use=l&cat=p&typeid=i","cat":284630},{"id":133071,"n":"Contour yeux bio So Bio Etic Précieux Argan -15ml","p":12.8,"u":"853,33 €/L","img":"https://fd14-photos.leclercdrive.fr/image.ashx?id=2644244&use=l&cat=p&typeid=i","cat":325345},{"id":133115,"n":"Sauce Mayomix Heinz Mix mayonnaise & ketchup - 425g","p":2.7,"u":"6,35 €/KG","img":"https://fd14-photos.leclercdrive.fr/image.ashx?id=2926936&use=l&cat=p&typeid=i","cat":318431},{"id":133179,"n":"Yaourt protéiné Hipro Vanille 0%mg - 2x160g","p":2.1,"u":"6,56 €/KG","img":"https://fd14-photos.leclercdrive.fr/image.ashx?id=2807414&use=l&cat=p&typeid=i","cat":315000},{"id":133188,"n":"Douche crème bio So Bio Etic Surgras à l'huile de coco-650ml","p":5.7,"u":"8,77 €/L","img":"https://fd14-photos.leclercdrive.fr/image.ashx?id=2891580&use=l&cat=p&typeid=i","cat":284594},{"id":133250,"n":"Mousse Marie Morin Chocolat au lait - 100g","p":2.0,"u":"20,00 €/KG","img":"https://fd14-photos.leclercdrive.fr/image.ashx?id=2631696&use=l&cat=p&typeid=i","cat":284417},{"id":133891,"n":"Pâte de Wasabi S&B 43g","p":2.35,"u":"54,65 €/KG","img":"https://fd14-photos.leclercdrive.fr/image.ashx?id=2537231&use=l&cat=p&typeid=i","cat":288992},{"id":134038,"n":"Margarine demi-sel St-Hubert Sans huile palme 51%mg - 500g","p":4.7,"u":"9,40 €/KG","img":"https://fd14-photos.leclercdrive.fr/image.ashx?id=2734120&use=l&cat=p&typeid=i","cat":315229},{"id":134117,"n":"Foie gras de canard entier  Maison Montfort - 320g","p":26.95,"u":"84,22 €/KG","img":"https://fd14-photos.leclercdrive.fr/image.ashx?id=2730997&use=l&cat=p&typeid=i","cat":316008},{"id":134121,"n":"Poivre noir moulu Eco+ 44g","p":0.55,"u":"12,50 €/KG","img":"https://fd14-photos.leclercdrive.fr/image.ashx?id=2717246&use=l&cat=p&typeid=i","cat":284457},{"id":134131,"n":"Soupe liquide brique Liebig  Velouté de Tomates - 1L","p":2.07,"u":"2,07 €/L","img":"https://fd14-photos.leclercdrive.fr/image.ashx?id=2759439&use=l&cat=p&typeid=i","cat":284462},{"id":134143,"n":"Tomates cerises allongées Panier du Primeur - 250g","p":1.49,"u":"5,96 €/KG","img":"https://fd14-photos.leclercdrive.fr/image.ashx?id=2232737&use=l&cat=p&typeid=i","cat":284352},{"id":134146,"n":"Biscuits Nustikao Fourrés pâte à tartiner - 200g","p":1.67,"u":"8,35 €/KG","img":"https://fd14-photos.leclercdrive.fr/image.ashx?id=2473999&use=l&cat=p&typeid=i","cat":284488},{"id":134147,"n":"Purée fruit bébé Pomme Myrtille 4/6 mois Blédina - 4x100g","p":2.38,"u":"5,95 €/KG","img":"https://fd14-photos.leclercdrive.fr/image.ashx?id=2983057&use=l&cat=p&typeid=i","cat":312388},{"id":134148,"n":"Purée fruit bébé Pomme Rhubarbe Fraise 6 mois Blédina - 4x100g","p":1.93,"u":"4,83 €/KG","img":"https://fd14-photos.leclercdrive.fr/image.ashx?id=2983060&use=l&cat=p&typeid=i","cat":312388},{"id":134150,"n":"Lait céréales Blédidej 6 mois Céréales - 4x250ml","p":3.5,"u":"3,50 €/L","img":"https://fd14-photos.leclercdrive.fr/image.ashx?id=2921067&use=l&cat=p&typeid=i","cat":312226},{"id":134152,"n":"Biscuits Kinder Happy Hippo Au lait et au cacao - 103,5g","p":1.54,"u":"14,81 €/KG","img":"https://fd14-photos.leclercdrive.fr/image.ashx?id=2454499&use=l&cat=p&typeid=i","cat":284488},{"id":134162,"n":"Fromage frais nature Eco+ 9%mg - 6x60g","p":0.93,"u":"2,58 €/KG","img":"https://fd14-photos.leclercdrive.fr/image.ashx?id=2722372&use=l&cat=p&typeid=i","cat":284409},{"id":134166,"n":"Shampoing Pétrole Hahn Lotion force bleue - 300ml","p":4.6,"u":"15,33 €/L","img":"https://fd14-photos.leclercdrive.fr/image.ashx?id=2450655&use=l&cat=p&typeid=i","cat":284621},{"id":134167,"n":"Yaourt à la grecque Délisse Noix de Coco - 4x150g","p":2.38,"u":"3,97 €/KG","img":"https://fd14-photos.leclercdrive.fr/image.ashx?id=2699759&use=l&cat=p&typeid=i","cat":314999},{"id":134171,"n":"Nissin soba sachet chili 111g","p":1.94,"u":"17,48 €/KG","img":"https://fd14-photos.leclercdrive.fr/image.ashx?id=2433518&use=l&cat=p&typeid=i","cat":288992},{"id":134184,"n":"Nissin Soba sachet classique 109g","p":1.75,"u":"16,06 €/KG","img":"https://fd14-photos.leclercdrive.fr/image.ashx?id=2647630&use=l&cat=p&typeid=i","cat":288992},{"id":134206,"n":"Matière grasse St Hubert Oméga 3 - Demi-sel - 750g","p":4.9,"u":"6,53 €/KG","img":"https://fd14-photos.leclercdrive.fr/image.ashx?id=2734081&use=l&cat=p&typeid=i","cat":315229},{"id":134217,"n":"Lardons nature Tradilège Sans nitrite - 2x75g","p":1.71,"u":"22,80 €/KG","img":"https://fd14-photos.leclercdrive.fr/image.ashx?id=2816675&use=l&cat=p&typeid=i","cat":316011},{"id":134218,"n":"Lardons fumés Tradilège Sans nitrite - 2x75g","p":1.65,"u":"11,00 €/KG","img":"https://fd14-photos.leclercdrive.fr/image.ashx?id=2816678&use=l&cat=p&typeid=i","cat":316011},{"id":134223,"n":"Allumettes fumées Tradilège Sans nitrite - 2x75g","p":1.81,"u":"12,07 €/KG","img":"https://fd14-photos.leclercdrive.fr/image.ashx?id=2816672&use=l&cat=p&typeid=i","cat":316011},{"id":134257,"n":"Corn Flakes Grainéa Nature - 500g","p":2.08,"u":"4,16 €/KG","img":"https://fd14-photos.leclercdrive.fr/image.ashx?id=2939088&use=l&cat=p&typeid=i","cat":309513},{"id":134316,"n":"Goûters P'tit Déli Croc' Goût Vanille - 300g","p":1.06,"u":"3,21 €/KG","img":"https://fd14-photos.leclercdrive.fr/image.ashx?id=2708901&use=l&cat=p&typeid=i","cat":284489},{"id":134317,"n":"Biscuit Croc Break P'tit Déli Goût Chocolat - 300g","p":1.15,"u":"3,83 €/KG","img":"https://fd14-photos.leclercdrive.fr/image.ashx?id=2390431&use=l&cat=p&typeid=i","cat":284488},{"id":134318,"n":"Biscuits P'tit déli Pirates Chocolat - 2x300g","p":2.12,"u":"3,53 €/KG","img":"https://fd14-photos.leclercdrive.fr/image.ashx?id=2539460&use=l&cat=p&typeid=i","cat":284488},{"id":134331,"n":"Muesli croustillant Grainéa Chocolat noir - 500g","p":2.28,"u":"4,56 €/KG","img":"https://fd14-photos.leclercdrive.fr/image.ashx?id=2707567&use=l&cat=p&typeid=i","cat":309512},{"id":134333,"n":"Muesli croustillant Grainéa Noix - 500g","p":2.02,"u":"4,04 €/KG","img":"https://fd14-photos.leclercdrive.fr/image.ashx?id=2856690&use=l&cat=p&typeid=i","cat":309512},{"id":134336,"n":"Muesli croustillant Grainéa  Aux fruits - 500g","p":1.87,"u":"3,74 €/KG","img":"https://fd14-photos.leclercdrive.fr/image.ashx?id=2371557&use=l&cat=p&typeid=i","cat":309512},{"id":134347,"n":"Anneaux Calamars Cité Marine Romaine - 180g","p":3.3,"u":"18,33 €/KG","img":"https://fd14-photos.leclercdrive.fr/image.ashx?id=2867104&use=l&cat=p&typeid=i","cat":284344},{"id":134353,"n":"Muesli croustillant Grainéa Chocolat lait - 500g","p":2.27,"u":"4,54 €/KG","img":"https://fd14-photos.leclercdrive.fr/image.ashx?id=2707570&use=l&cat=p&typeid=i","cat":309512},{"id":134404,"n":"Bananes chips 275 g","p":2.98,"u":"10,84 €/KG","img":"https://fd14-photos.leclercdrive.fr/image.ashx?id=1963904&use=l&cat=p&typeid=i","cat":284357},{"id":134410,"n":"Cranberries 250 g","p":3.49,"u":"13,96 €/KG","img":"https://fd14-photos.leclercdrive.fr/image.ashx?id=1963901&use=l&cat=p&typeid=i","cat":284357},{"id":134427,"n":"Salade de betteraves Menu Fraîcheur - 500g","p":1.89,"u":"3,78 €/KG","img":"https://fd14-photos.leclercdrive.fr/image.ashx?id=2645987&use=l&cat=p&typeid=i","cat":333657},{"id":134592,"n":"Huile de Noix Cauvin 50cl","p":5.05,"u":"10,10 €/L","img":"https://fd14-photos.leclercdrive.fr/image.ashx?id=2533691&use=l&cat=p&typeid=i","cat":284453},{"id":134617,"n":"Couscous parfumé Tipiak 510g","p":1.99,"u":"3,90 €/KG","img":"https://fd14-photos.leclercdrive.fr/image.ashx?id=2839187&use=l&cat=p&typeid=i","cat":284429},{"id":134676,"n":"Friandises chien Pedigree  Schmackos multi mix x20 - 144g","p":2.2,"u":"15,28 €/KG","img":"https://fd14-photos.leclercdrive.fr/image.ashx?id=2338579&use=l&cat=p&typeid=i","cat":294527},{"id":134677,"n":"Friandise petit chien Pedigree  Os à mâcher x4 - 160g","p":2.3,"u":"14,38 €/KG","img":"https://fd14-photos.leclercdrive.fr/image.ashx?id=2997253&use=l&cat=p&typeid=i","cat":294527},{"id":134678,"n":"Friandise moyen chien Pedigree Os à mâcher x2 - 180g","p":2.3,"u":"12,78 €/KG","img":"https://fd14-photos.leclercdrive.fr/image.ashx?id=2981710&use=l&cat=p&typeid=i","cat":294527},{"id":134688,"n":"Compote Charles & Alice Pommes Pruneaux - 4x100g","p":1.6,"u":"4,00 €/KG","img":"https://fd14-photos.leclercdrive.fr/image.ashx?id=2757335&use=l&cat=p&typeid=i","cat":284416},{"id":134733,"n":"Cylindre de CO2 Sodastream Recharge - 60L","p":9.85,"img":"https://fd14-photos.leclercdrive.fr/image.ashx?id=1877954&use=l&cat=p&typeid=i","cat":335916},{"id":134745,"n":"Yaourt nature ECO+ 12x125g","p":1.69,"u":"1,13 €/KG","img":"https://fd14-photos.leclercdrive.fr/image.ashx?id=2791194&use=l&cat=p&typeid=i","cat":284409},{"id":134755,"n":"Café moulu Bio Village Décaféiné Bio - 250g","p":5.62,"u":"22,48 €/KG","img":"https://fd14-photos.leclercdrive.fr/image.ashx?id=2468885&use=l&cat=p&typeid=i","cat":284750},{"id":134774,"n":"Pur jus de citron jaune - 50 cl jaune - 50 cl","p":2.5,"u":"5,00 €/L","img":"https://fd14-photos.leclercdrive.fr/image.ashx?id=3010449&use=l&cat=p&typeid=i","cat":288383},{"id":134797,"n":"Tuiles goût barbecue Tokapi 170g","p":1.39,"u":"8,18 €/KG","img":"https://fd14-photos.leclercdrive.fr/image.ashx?id=2609595&use=l&cat=p&typeid=i","cat":287899},{"id":134798,"n":"Velouté de légumes Eco + 1L","p":0.89,"u":"0,89 €/L","img":"https://fd14-photos.leclercdrive.fr/image.ashx?id=2768448&use=l&cat=p&typeid=i","cat":284462},{"id":134816,"n":"Jus d'orange ABC Eco + Brique - 1L","p":1.3,"u":"1,30 €/L","img":"https://fd14-photos.leclercdrive.fr/image.ashx?id=2802257&use=l&cat=p&typeid=i","cat":284521},{"id":134844,"n":"Crème de cassis Gildo 15% - 70cl","p":4.56,"u":"6,51 €/L","img":"https://fd14-photos.leclercdrive.fr/image.ashx?id=2563181&use=l&cat=p&typeid=i","cat":286032},{"id":134852,"n":"Bière blonde de luxe Millbrau 4% - 10x25cl","p":3.97,"u":"1,59 €/L","img":"https://fd14-photos.leclercdrive.fr/image.ashx?id=2955590&use=l&cat=p&typeid=i","cat":334873},{"id":134858,"n":"Brosse à dent enfant Dentamyl Clignotante licorne - 1 pièce","p":1.99,"img":"https://fd14-photos.leclercdrive.fr/image.ashx?id=1965773&use=l&cat=p&typeid=i","cat":288897},{"id":134938,"n":"Lait bébé en poudre Blédilait 2e âge 6-12 mois 1.2kg","p":15.8,"u":"13,17 €/KG","img":"https://fd14-photos.leclercdrive.fr/image.ashx?id=2674068&use=l&cat=p&typeid=i","cat":284727},{"id":134989,"n":"Amora Cornichons Extra-Fins Bocal Croq'Vert 370g","p":2.7,"u":"7,30 €/KG","img":"https://fd14-photos.leclercdrive.fr/image.ashx?id=2670911&use=l&cat=p&typeid=i","cat":284458},{"id":135004,"n":"Baba au rhum Bonne Maman 2x140g","p":2.05,"u":"7,32 €/P","img":"https://fd14-photos.leclercdrive.fr/image.ashx?id=2912329&use=l&cat=p&typeid=i","cat":284419},{"id":135104,"n":"Salade & Cie Sodebo Brooklyn Poulet Rôti Pâtes - 320g","p":3.8,"u":"11,88 €/KG","img":"https://fd14-photos.leclercdrive.fr/image.ashx?id=2795719&use=l&cat=p&typeid=i","cat":333657},{"id":135136,"n":"Coeur fondant chocolat Equador 2x90g","p":2.13,"u":"11,83 €/KG","img":"https://fd14-photos.leclercdrive.fr/image.ashx?id=1979707&use=l&cat=p&typeid=i","cat":284419},{"id":135180,"n":"Crème légère fluide Bridélice 12% - 2x25cl","p":2.5,"u":"5,00 €/L","img":"https://fd14-photos.leclercdrive.fr/image.ashx?id=2911291&use=l&cat=p&typeid=i","cat":284381},{"id":135196,"n":"Flan vanille Eco+ Nappé caramel - 12x100g","p":1.77,"u":"1,48 €/KG","img":"https://fd14-photos.leclercdrive.fr/image.ashx?id=2935211&use=l&cat=p&typeid=i","cat":284420},{"id":135203,"n":"Yaourt nature Eco+ 4x125g","p":0.58,"u":"1,16 €/KG","img":"https://fd14-photos.leclercdrive.fr/image.ashx?id=2671789&use=l&cat=p&typeid=i","cat":284409},{"id":135204,"n":"Margarine allégée Eco+ Cuisson 60%vol - 500g","p":1.16,"u":"2,32 €/KG","img":"https://fd14-photos.leclercdrive.fr/image.ashx?id=2879928&use=l&cat=p&typeid=i","cat":315229},{"id":135229,"n":"Emmental rapé Eco+ 29%mg - 1kg","p":7.43,"u":"7,43 €/KG","img":"https://fd14-photos.leclercdrive.fr/image.ashx?id=2587097&use=l&cat=p&typeid=i","cat":314035},{"id":135245,"n":"Salade mélangée Eco+ 250g","p":0.75,"u":"3,00 €/KG","img":"https://fd14-photos.leclercdrive.fr/image.ashx?id=2688291&use=l&cat=p&typeid=i","cat":284353},{"id":135246,"n":"Crème fraiche Eco+ Légère - 15% MG - 50cl","p":1.35,"u":"2,70 €/L","img":"https://fd14-photos.leclercdrive.fr/image.ashx?id=2891869&use=l&cat=p&typeid=i","cat":284381},{"id":135247,"n":"Fromage fondu Eco+ 17%mg - x10 - 200g","p":1.09,"u":"5,45 €/KG","img":"https://fd14-photos.leclercdrive.fr/image.ashx?id=2652290&use=l&cat=p&typeid=i","cat":314028},{"id":135263,"n":"Cake Guyader Chèvre Courgette - 260g","p":4.85,"u":"18,65 €/KG","img":"https://fd14-photos.leclercdrive.fr/image.ashx?id=2492073&use=l&cat=p&typeid=i","cat":316003},{"id":135267,"n":"Matière grasse Eco+ Tartine - 55%mg - 500g","p":1.21,"u":"2,42 €/KG","img":"https://fd14-photos.leclercdrive.fr/image.ashx?id=2910580&use=l&cat=p&typeid=i","cat":315229},{"id":135278,"n":"Fromage blanc aromatisé Eco+ 2.8%MG - 12x60g","p":1.79,"u":"2,49 €/KG","img":"https://fd14-photos.leclercdrive.fr/image.ashx?id=2794817&use=l&cat=p&typeid=i","cat":284409},{"id":135292,"n":"Crème dessert Eco+ Panachées - 12x125g","p":2.43,"u":"1,62 €/KG","img":"https://fd14-photos.leclercdrive.fr/image.ashx?id=2804326&use=l&cat=p&typeid=i","cat":285041},{"id":135293,"n":"Crème dessert Eco+ Saveur vanille - 4x125g","p":0.77,"u":"1,54 €/KG","img":"https://fd14-photos.leclercdrive.fr/image.ashx?id=2765695&use=l&cat=p&typeid=i","cat":285041},{"id":135294,"n":"Crème dessert Eco+ Chocolat - 4x125g","p":0.74,"u":"1,48 €/KG","img":"https://fd14-photos.leclercdrive.fr/image.ashx?id=3003046&use=l&cat=p&typeid=i","cat":285041},{"id":135295,"n":"Tranchette de gouda Eco+ 28%mg - 300g","p":2.54,"u":"8,47 €/KG","img":"https://fd14-photos.leclercdrive.fr/image.ashx?id=1974470&use=l&cat=p&typeid=i","cat":314028},{"id":135296,"n":"Fromage mi-chèvre Eco+ 23%mg - 180g","p":1.67,"u":"9,28 €/KG","img":"https://fd14-photos.leclercdrive.fr/image.ashx?id=2978504&use=l&cat=p&typeid=i","cat":314031},{"id":135343,"n":"Râpé 3 fromages Les Croisés  Format familial - 350g","p":3.12,"u":"8,91 €/KG","img":"https://fd14-photos.leclercdrive.fr/image.ashx?id=2959734&use=l&cat=p&typeid=i","cat":314035},{"id":135345,"n":"Club pur mie Côté Snack Jambon emmental - 140g","p":1.99,"u":"14,21 €/KG","img":"https://fd14-photos.leclercdrive.fr/image.ashx?id=2722399&use=l&cat=p&typeid=i","cat":333658},{"id":135382,"n":"Viande bovine steak ***  2x150GR","p":5.67,"u":"18,90 €/KG","img":"https://fd14-photos.leclercdrive.fr/image.ashx?id=659566&use=l&cat=p&typeid=i","cat":284328},{"id":135387,"n":"Viande bovine steak ***  4x155GR","p":11.72,"u":"18,90 €/KG","img":"https://fd14-photos.leclercdrive.fr/image.ashx?id=659566&use=l&cat=p&typeid=i","cat":284328},{"id":135398,"n":"Salade perlée Menu Fraicheur Chorizo - 300g","p":2.79,"u":"9,30 €/KG","img":"https://fd14-photos.leclercdrive.fr/image.ashx?id=2645984&use=l&cat=p&typeid=i","cat":333657},{"id":135426,"n":"Sauce Salsa Old El Paso à napper doux - 226g","p":1.9,"u":"8,41 €/KG","img":"https://fd14-photos.leclercdrive.fr/image.ashx?id=2738797&use=l&cat=p&typeid=i","cat":288993},{"id":135429,"n":"Pommes Dauphine Findus 540g","p":3.19,"u":"5,91 €/KG","img":"https://fd14-photos.leclercdrive.fr/image.ashx?id=2009954&use=l&cat=p&typeid=i","cat":319792},{"id":135454,"n":"Brioche tranchée Harrys Nature sans additif Maxi - 680g","p":3.25,"u":"4,78 €/KG","img":"https://fd14-photos.leclercdrive.fr/image.ashx?id=2503022&use=l&cat=p&typeid=i","cat":284478},{"id":135456,"n":"Brioche tranchée Harrys Nature / Sans additifs - 485 g","p":2.62,"u":"5,40 €/KG","img":"https://fd14-photos.leclercdrive.fr/image.ashx?id=2503019&use=l&cat=p&typeid=i","cat":284478},{"id":135459,"n":"Brioche Tranchée Harrys Pépites de chocolat - 485g","p":2.95,"u":"6,08 €/KG","img":"https://fd14-photos.leclercdrive.fr/image.ashx?id=2503028&use=l&cat=p&typeid=i","cat":284478},{"id":135534,"n":"Bûchettes chocolat noir cerise Les Chevaliers d'Argouges  150g","p":6.85,"u":"45,67 €/KG","img":"https://fd14-photos.leclercdrive.fr/image.ashx?id=2842738&use=l&cat=p&typeid=i","cat":327601},{"id":135645,"n":"Cuadro 4 chocolat praliné Novi Pistaches - 150g","p":4.5,"u":"30,00 €/KG","img":"https://fd14-photos.leclercdrive.fr/image.ashx?id=2922215&use=l&cat=p&typeid=i","cat":327595},{"id":135658,"n":"Chocolats Ferrero Prestige Assortiments x16- 166g","p":6.45,"u":"38,86 €/KG","img":"https://fd14-photos.leclercdrive.fr/image.ashx?id=2896429&use=l&cat=p&typeid=i","cat":327595},{"id":135749,"n":"Jambon avec couenne Tradilège Taux de sel réduit x4 - 160g","p":2.55,"u":"15,94 €/KG","img":"https://fd14-photos.leclercdrive.fr/image.ashx?id=2994393&use=l&cat=p&typeid=i","cat":316009},{"id":135758,"n":"Jambon Supérieur VPF Tradilège A l'étouffée Découennéx10 -400g","p":5.49,"u":"13,73 €/KG","img":"https://fd14-photos.leclercdrive.fr/image.ashx?id=2970477&use=l&cat=p&typeid=i","cat":316009},{"id":135780,"n":"Petits pots bébé P'TITE RECETTE Cabillaud 8M+ - 2x200g","p":2.12,"u":"5,30 €/KG","img":"https://fd14-photos.leclercdrive.fr/image.ashx?id=2525717&use=l&cat=p&typeid=i","cat":312236},{"id":136373,"n":"Boîte chocolats Ferrero Rocher x27 pralines - 337g","p":12.25,"u":"36,24 €/KG","img":"https://fd14-photos.leclercdrive.fr/image.ashx?id=2940522&use=l&cat=p&typeid=i","cat":327600},{"id":136399,"n":"Oeuf maxi Kinder Surprise Jaune Pingouin - 100g","p":6.35,"u":"63,50 €/KG","img":"https://fd14-photos.leclercdrive.fr/image.ashx?id=2428932&use=l&cat=p&typeid=i","cat":327592},{"id":136445,"n":"Gateau marbré Savane Chocolat - 310g","p":2.45,"u":"7,90 €/KG","img":"https://fd14-photos.leclercdrive.fr/image.ashx?id=2870719&use=l&cat=p&typeid=i","cat":294776},{"id":136453,"n":"Plat bébé soir Blédiner 12mois  quinoa légumes - 2x200g","p":2.48,"u":"6,20 €/KG","img":"https://fd14-photos.leclercdrive.fr/image.ashx?id=2845856&use=l&cat=p&typeid=i","cat":312239},{"id":136456,"n":"Lait bébé Candia Baby 2ème âge - 6x1L","p":11.45,"u":"1,91 €/L","img":"https://fd14-photos.leclercdrive.fr/image.ashx?id=2773703&use=l&cat=p&typeid=i","cat":284727},{"id":136457,"n":"Pain grillé original Pasquier 415g","p":1.9,"u":"4,58 €/KG","img":"https://fd14-photos.leclercdrive.fr/image.ashx?id=2943957&use=l&cat=p&typeid=i","cat":284479},{"id":136579,"n":"Soupe liquide brique Liebig  Velouté de 12 légumes - 1L","p":2.27,"u":"2,27 €/L","img":"https://fd14-photos.leclercdrive.fr/image.ashx?id=2172645&use=l&cat=p&typeid=i","cat":284462},{"id":136585,"n":"Plat bébé soir Blédiner 15 mois pâtes crème légumes - 2x200g","p":2.43,"u":"6,08 €/KG","img":"https://fd14-photos.leclercdrive.fr/image.ashx?id=2845859&use=l&cat=p&typeid=i","cat":312239},{"id":136586,"n":"Plat bébé soir Blédiner 8 mois Boulghour poireau - 2x200g","p":2.38,"u":"5,95 €/KG","img":"https://fd14-photos.leclercdrive.fr/image.ashx?id=2845862&use=l&cat=p&typeid=i","cat":312239},{"id":136599,"n":"Eau gazeuse aromatisée Salvetat citron - 6x50cl","p":3.4,"u":"1,13 €/L","img":"https://fd14-photos.leclercdrive.fr/image.ashx?id=2259472&use=l&cat=p&typeid=i","cat":284536},{"id":136604,"n":"Serviettes ultra nuit Tadam Dermosensitives - x10","p":1.82,"img":"https://fd14-photos.leclercdrive.fr/image.ashx?id=2754755&use=l&cat=p&typeid=i","cat":284624},{"id":136607,"n":"Protège lingerie long Tadam Dermo-sensitives bio - x24","p":1.82,"img":"https://fd14-photos.leclercdrive.fr/image.ashx?id=2754767&use=l&cat=p&typeid=i","cat":284625},{"id":136627,"n":"Pad Thai Céréal Bio  Bio repas express - 220g","p":2.33,"u":"10,59 €/KG","img":"https://fd14-photos.leclercdrive.fr/image.ashx?id=2574089&use=l&cat=p&typeid=i","cat":288992},{"id":136646,"n":"Bonbons Tic Tac 100 pastilles Festival de goûts - 49g","p":1.83,"u":"37,35 €/KG","img":"https://fd14-photos.leclercdrive.fr/image.ashx?id=2758607&use=l&cat=p&typeid=i","cat":304256},{"id":136654,"n":"Cervelas obernois Stoeffler x2 - 280g","p":4.4,"u":"15,71 €/KG","img":"https://fd14-photos.leclercdrive.fr/image.ashx?id=2019846&use=l&cat=p&typeid=i","cat":316006},{"id":136659,"n":"Pâtes fraîches Spaetzle Stoeffler - 300g","p":2.4,"u":"8,00 €/KG","img":"https://fd14-photos.leclercdrive.fr/image.ashx?id=2767522&use=l&cat=p&typeid=i","cat":333682},{"id":136670,"n":"Oignons jaunes Eco+ 1.5 Kg","p":1.69,"u":"1,13 €/KG","img":"https://fd14-photos.leclercdrive.fr/image.ashx?id=2772572&use=l&cat=p&typeid=i","cat":284352},{"id":136692,"n":"Orangettes Révillon Chocolat - 185g","p":7.45,"u":"40,27 €/KG","img":"https://fd14-photos.leclercdrive.fr/image.ashx?id=2966971&use=l&cat=p&typeid=i","cat":327601},{"id":136755,"n":"Tomates rondes grappe HVE Panier du Primeur - 750g","p":2.49,"u":"3,32 €/KG","img":"https://fd14-photos.leclercdrive.fr/image.ashx?id=2376064&use=l&cat=p&typeid=i","cat":284352},{"id":136761,"n":"Attache sapin Père Noël Rohan Aluminium - 200g","p":4.1,"u":"20,50 €/KG","img":"https://fd14-photos.leclercdrive.fr/image.ashx?id=2863461&use=l&cat=p&typeid=i","cat":327592},{"id":136764,"n":"Filets de Lapin Loeul & Piriot x4 - 200g","p":7.55,"u":"37,75 €/KG","img":"https://fd14-photos.leclercdrive.fr/image.ashx?id=1990549&use=l&cat=p&typeid=i","cat":284338},{"id":136807,"n":"Sablé noisettes Bio pépites 132g","p":2.45,"u":"18,56 €/KG","img":"https://fd14-photos.leclercdrive.fr/image.ashx?id=2662874&use=l&cat=p&typeid=i","cat":318653},{"id":136808,"n":"Biscuit pistache abricot Gerblé  - 160g","p":2.4,"u":"15,00 €/KG","img":"https://fd14-photos.leclercdrive.fr/image.ashx?id=2812711&use=l&cat=p&typeid=i","cat":318651},{"id":136907,"n":"Mini Roc Côte d'Or Chocolat au lait - 195g","p":7.1,"u":"36,41 €/KG","img":"https://fd14-photos.leclercdrive.fr/image.ashx?id=2488088&use=l&cat=p&typeid=i","cat":327595},{"id":137070,"n":"Petits pois Bio Village Bio - 420g","p":2.52,"u":"6,00 €/KG","img":"https://fd14-photos.leclercdrive.fr/image.ashx?id=3002707&use=l&cat=p&typeid=i","cat":312607},{"id":137228,"n":"Sucre en poudre Saint Louis 650g","p":1.22,"u":"1,88 €/KG","img":"https://fd14-photos.leclercdrive.fr/image.ashx?id=2659936&use=l&cat=p&typeid=i","cat":284502},{"id":137283,"n":"Yaourt à boire Ptit Yop Aromatisé Fraise - 6x180g","p":2.6,"u":"2,41 €/KG","img":"https://fd14-photos.leclercdrive.fr/image.ashx?id=2902735&use=l&cat=p&typeid=i","cat":284415},{"id":137287,"n":"Yaourt à boire Ptit Yop Aromatisé Vanille - 6x180g","p":2.55,"u":"2,36 €/KG","img":"https://fd14-photos.leclercdrive.fr/image.ashx?id=2951800&use=l&cat=p&typeid=i","cat":284415},{"id":137289,"n":"Yaourt à boire Ptit Yop Aromatisé Framboise - 6x180g","p":2.65,"u":"2,45 €/KG","img":"https://fd14-photos.leclercdrive.fr/image.ashx?id=2951797&use=l&cat=p&typeid=i","cat":284415},{"id":137298,"n":"Yaourt à boire Ptit Yop Aromatisé Panaché - 6x180g","p":2.6,"u":"2,41 €/KG","img":"https://fd14-photos.leclercdrive.fr/image.ashx?id=2985168&use=l&cat=p&typeid=i","cat":284415},{"id":137325,"n":"Lait bébé Candia Baby  croissance 3ème âge - 6x25cl","p":3.7,"u":"2,47 €/L","img":"https://fd14-photos.leclercdrive.fr/image.ashx?id=2963346&use=l&cat=p&typeid=i","cat":284728},{"id":137331,"n":"Kinder moulage avec surprise Bonhomme de neige - 36g","p":2.16,"u":"60,00 €/KG","img":"https://fd14-photos.leclercdrive.fr/image.ashx?id=1984798&use=l&cat=p&typeid=i","cat":327592},{"id":137382,"n":"Spray retouche L'Oréal Paris Magic Retouch Châtain Clair","p":8.32,"u":"11,09 €/L","img":"https://fd14-photos.leclercdrive.fr/image.ashx?id=2597196&use=l&cat=p&typeid=i","cat":288899},{"id":137384,"n":"Déodorant bille Men Expert Efficacité 48h - 50ml","p":2.57,"u":"51,40 €/L","img":"https://fd14-photos.leclercdrive.fr/image.ashx?id=2300512&use=l&cat=p&typeid=i","cat":284618},{"id":137388,"n":"Gel Douche Bio Sans Savon Cadum Huile d'Amandes Douces - 500ml","p":2.15,"u":"4,30 €/L","img":"https://fd14-photos.leclercdrive.fr/image.ashx?id=2575627&use=l&cat=p&typeid=i","cat":284594},{"id":137395,"n":"Huile extraordinaire Elseve Jojoba 100ml","p":10.09,"u":"100,90 €/L","img":"https://fd14-photos.leclercdrive.fr/image.ashx?id=2870674&use=l&cat=p&typeid=i","cat":284608},{"id":137413,"n":"Pommes Duchesse Findus 720g","p":3.19,"u":"4,43 €/KG","img":"https://fd14-photos.leclercdrive.fr/image.ashx?id=2888512&use=l&cat=p&typeid=i","cat":319792},{"id":137414,"n":"Pommes Étoile 720g","p":3.19,"u":"4,43 €/KG","img":"https://fd14-photos.leclercdrive.fr/image.ashx?id=2023134&use=l&cat=p&typeid=i","cat":319792},{"id":137416,"n":"Cassolette de St-Jacques La Compagnie Artique - 300g","p":6.84,"pp":4.79,"u":"15,97 €/KG","img":"https://fd14-photos.leclercdrive.fr/image.ashx?id=2021211&use=l&cat=p&typeid=i","cat":284254},{"id":137436,"n":"Masque Protection Couleur Elsève Color-Vive - 310ml","p":5.11,"u":"16,48 €/L","img":"https://fd14-photos.leclercdrive.fr/image.ashx?id=2865875&use=l&cat=p&typeid=i","cat":284608},{"id":137499,"n":"Chocolats fourrés Mon Cheri  x27 -283,5g","p":11.25,"u":"39,75 €/KG","img":"https://fd14-photos.leclercdrive.fr/image.ashx?id=2940282&use=l&cat=p&typeid=i","cat":327601},{"id":137538,"n":"Boîte chocolats liqueur Abtey Royal des lys  x20 - 250g","p":7.55,"u":"30,20 €/KG","img":"https://fd14-photos.leclercdrive.fr/image.ashx?id=2662721&use=l&cat=p&typeid=i","cat":327601},{"id":137555,"n":"Moulage de chocolat grand Rohan Rennes - 150g","p":3.8,"u":"25,33 €/KG","img":"https://fd14-photos.leclercdrive.fr/image.ashx?id=1986868&use=l&cat=p&typeid=i","cat":284958},{"id":137592,"n":"Matière grasse bio St Hubert Demi-sel 55%MG - 230g","p":2.15,"u":"9,35 €/KG","img":"https://fd14-photos.leclercdrive.fr/image.ashx?id=2734129&use=l&cat=p&typeid=i","cat":315229},{"id":137669,"n":"Croquette chiens Mix  Fido Volaille/légumes - 2.5kg","p":5.7,"u":"2,28 €/KG","img":"https://fd14-photos.leclercdrive.fr/image.ashx?id=2973309&use=l&cat=p&typeid=i","cat":284672},{"id":137680,"n":"Croquette pour chien  Fido Croq' Mix boeuf et légumes 3kg","p":6.2,"u":"2,07 €/KG","img":"https://fd14-photos.leclercdrive.fr/image.ashx?id=2973306&use=l&cat=p&typeid=i","cat":284672},{"id":137682,"n":"Croquette pour chiens Fido Mix Poulet Légumes - 12 kg","p":21.1,"u":"1,76 €/KG","img":"https://fd14-photos.leclercdrive.fr/image.ashx?id=2973300&use=l&cat=p&typeid=i","cat":284672},{"id":137703,"n":"Compote Douceur du Verger Coupelle pomme - 16x100g","p":3.55,"u":"2,22 €/KG","img":"https://fd14-photos.leclercdrive.fr/image.ashx?id=2991452&use=l&cat=p&typeid=i","cat":284508},{"id":137713,"n":"Préparation Flan Entremets alsa Chocolat - 192g","p":1.75,"u":"7,54 €/KG","img":"https://fd14-photos.leclercdrive.fr/image.ashx?id=2842546&use=l&cat=p&typeid=i","cat":284505},{"id":137857,"n":"Petits Pois Bonduelle Sans Arôme Ajouté 280g","p":1.18,"u":"4,21 €/KG","img":"https://fd14-photos.leclercdrive.fr/image.ashx?id=2913157&use=l&cat=p&typeid=i","cat":312607},{"id":137860,"n":"Riz long blanchi Eco+ 1kg","p":1.22,"u":"1,22 €/KG","img":"https://fd14-photos.leclercdrive.fr/image.ashx?id=2076622&use=l&cat=p&typeid=i","cat":284428},{"id":137862,"n":"Riz long étuvé Eco+ 1kg","p":1.35,"u":"1,35 €/KG","img":"https://fd14-photos.leclercdrive.fr/image.ashx?id=2076625&use=l&cat=p&typeid=i","cat":284428},{"id":137864,"n":"Riz long étuvé Eco+ 4x125g","p":0.87,"u":"1,74 €/KG","img":"https://fd14-photos.leclercdrive.fr/image.ashx?id=1991126&use=l&cat=p&typeid=i","cat":284428},{"id":137892,"n":"Biscottes bio Bio Village sans sel ni sucres ajoutés 100g","p":1.99,"u":"6,63 €/KG","img":"https://fd14-photos.leclercdrive.fr/image.ashx?id=1987015&use=l&cat=p&typeid=i","cat":284479},{"id":137900,"n":"Barres de céréales Grainéa Chocolat noir x6 - 126g","p":1.39,"u":"11,03 €/KG","img":"https://fd14-photos.leclercdrive.fr/image.ashx?id=2034142&use=l&cat=p&typeid=i","cat":285869},{"id":137904,"n":"Barre de céréales Grainea 126g","p":1.39,"u":"11,03 €/KG","img":"https://fd14-photos.leclercdrive.fr/image.ashx?id=2034133&use=l&cat=p&typeid=i","cat":285869},{"id":137972,"n":"Camembert Président L'Extra Fondant - 250g","p":2.45,"u":"9,80 €/KG","img":"https://fd14-photos.leclercdrive.fr/image.ashx?id=2878879&use=l&cat=p&typeid=i","cat":314033},{"id":138193,"n":"Fromage blanc bébé Blédina 6m Vanille - 4x100g","p":2.82,"u":"7,05 €/KG","img":"https://fd14-photos.leclercdrive.fr/image.ashx?id=2636817&use=l&cat=p&typeid=i","cat":312392},{"id":138199,"n":"Repas bébé Blédichef 15 mois  Colombo de riz poisson - 250g","p":1.7,"u":"6,80 €/KG","img":"https://fd14-photos.leclercdrive.fr/image.ashx?id=2951599&use=l&cat=p&typeid=i","cat":312238},{"id":138200,"n":"Repas bébé Blédichef 15 mois  Tajine légumes poulet - 250g","p":1.7,"u":"6,80 €/KG","img":"https://fd14-photos.leclercdrive.fr/image.ashx?id=2951602&use=l&cat=p&typeid=i","cat":312238},{"id":138320,"n":"FROMAGE BLANC NATURE AU LAIT  DE BREBIS 4X100g SOIGNON","p":2.85,"u":"7,13 €/KG","img":"https://fd14-photos.leclercdrive.fr/image.ashx?id=2948129&use=l&cat=p&typeid=i","cat":314998},{"id":138322,"n":"BRASSE AU LAIT DE BREBIS NATURE 4X110g SOIGNON","p":3.1,"u":"7,05 €/KG","img":"https://fd14-photos.leclercdrive.fr/image.ashx?id=2948132&use=l&cat=p&typeid=i","cat":314998},{"id":138467,"n":"Saumon fumé Guyader Norvège - 4 tranches - 140g","p":5.45,"u":"38,93 €/KG","img":"https://fd14-photos.leclercdrive.fr/image.ashx?id=2586906&use=l&cat=p&typeid=i","cat":285188},{"id":138537,"n":"Coloration Casting Crème Gloss  400 Châtain Craquant","p":8.3,"img":"https://fd14-photos.leclercdrive.fr/image.ashx?id=2869080&use=l&cat=p&typeid=i","cat":288899},{"id":138668,"n":"Masque Cheveux Nutrition Elsève Huile Extraordinaire - 310ml","p":5.15,"u":"16,61 €/L","img":"https://fd14-photos.leclercdrive.fr/image.ashx?id=2511859&use=l&cat=p&typeid=i","cat":284608},{"id":138669,"n":"Masque reconstructeur Elsève Dream Long Cheveu Abîmé - 310ml","p":5.07,"u":"16,35 €/L","img":"https://fd14-photos.leclercdrive.fr/image.ashx?id=2278139&use=l&cat=p&typeid=i","cat":284608},{"id":139338,"n":"Père Noel sur cheminé Rohan Chocolat au lait - 200g","p":5.1,"u":"20,40 €/KG","img":"https://fd14-photos.leclercdrive.fr/image.ashx?id=1995594&use=l&cat=p&typeid=i","cat":327592},{"id":139395,"n":"Kinder chocolat mini mug  102g","p":8.95,"u":"87,75 €/KG","img":"https://fd14-photos.leclercdrive.fr/image.ashx?id=2940519&use=l&cat=p&typeid=i","cat":327592},{"id":139401,"n":"Sachet marrons glacés Motta x9 - 117g","p":5.4,"u":"46,15 €/KG","img":"https://fd14-photos.leclercdrive.fr/image.ashx?id=2854768&use=l&cat=p&typeid=i","cat":327603},{"id":139407,"n":"Coffrets Carrés de fruits Motta x25 - 390g","p":8.9,"u":"22,82 €/KG","img":"https://fd14-photos.leclercdrive.fr/image.ashx?id=2298730&use=l&cat=p&typeid=i","cat":327606},{"id":139453,"n":"KitKat Chocolat Noël Moulage Père Noël - 85g","p":2.7,"u":"31,76 €/KG","img":"https://fd14-photos.leclercdrive.fr/image.ashx?id=2901575&use=l&cat=p&typeid=i","cat":327592},{"id":139905,"n":"Oeufs au sol Eco+ x10","p":1.65,"u":"0,17 €/P","img":"https://fd14-photos.leclercdrive.fr/image.ashx?id=2677008&use=l&cat=p&typeid=i","cat":284378},{"id":139909,"n":"P'tit chapon fermier de Loué Prêt à cuire - 2,1kg","p":24.35,"u":"11,60 €/KG","img":"https://fd14-photos.leclercdrive.fr/image.ashx?id=2008514&use=l&cat=p&typeid=i","cat":327289},{"id":139911,"n":"Duo décoré Rohan Père noel pingouin 100g","p":2.65,"u":"26,50 €/KG","img":"https://fd14-photos.leclercdrive.fr/image.ashx?id=2013224&use=l&cat=p&typeid=i","cat":284958},{"id":142084,"n":"Pommes de terre Grenailles  Panier du Primeur - 1kg","p":2.99,"u":"2,99 €/KG","img":"https://fd14-photos.leclercdrive.fr/image.ashx?id=2233214&use=l&cat=p&typeid=i","cat":284352},{"id":142562,"n":"Mélange 3 coques Cancun Maitre Prunille - 900g","p":4.99,"u":"5,54 €/KG","img":"https://fd14-photos.leclercdrive.fr/image.ashx?id=2030339&use=l&cat=p&typeid=i","cat":284357},{"id":142757,"n":"Pain d'épices Temps des Cerises figue/raisin - 210g","p":2.6,"u":"12,38 €/KG","img":"https://fd14-photos.leclercdrive.fr/image.ashx?id=2102014&use=l&cat=p&typeid=i","cat":284493},{"id":142764,"n":"Saindoux pur porc extra Lardina Plaquette de 250g","p":1.6,"u":"6,40 €/KG","img":"https://fd14-photos.leclercdrive.fr/image.ashx?id=2677450&use=l&cat=p&typeid=i","cat":316008},{"id":142977,"n":"Yaourts Délisse Aux fruits exotiques - 8x125g","p":2.35,"u":"2,35 €/KG","img":"https://fd14-photos.leclercdrive.fr/image.ashx?id=2595540&use=l&cat=p&typeid=i","cat":284410},{"id":142978,"n":"Compotes Douceur du Verger Panachées - 16x100g","p":3.85,"u":"2,41 €/KG","img":"https://fd14-photos.leclercdrive.fr/image.ashx?id=2990236&use=l&cat=p&typeid=i","cat":284416},{"id":143037,"n":"Toast apéro Pasquier Campagne - 100g","p":1.69,"pp":1.18,"u":"11,80 €/KG","img":"https://fd14-photos.leclercdrive.fr/image.ashx?id=2600674&use=l&cat=p&typeid=i","cat":285454},{"id":143039,"n":"Toast apéro Pasquier Brioché - 100g","p":1.69,"pp":1.18,"u":"11,80 €/KG","img":"https://fd14-photos.leclercdrive.fr/image.ashx?id=2360620&use=l&cat=p&typeid=i","cat":285454},{"id":143041,"n":"Confiture de Noël Breizh Konfit 110g","p":1.9,"u":"17,27 €/KG","img":"https://fd14-photos.leclercdrive.fr/image.ashx?id=2038822&use=l&cat=p&typeid=i","cat":284480},{"id":143042,"n":"Confit d'oignons Breizh Konfit Oignons rosés de Bretagne -110g","p":1.9,"u":"17,27 €/KG","img":"https://fd14-photos.leclercdrive.fr/image.ashx?id=2038825&use=l&cat=p&typeid=i","cat":284458},{"id":143043,"n":"Confit d'échalote Breizh Konfit Echalotes de Bretagne -110g","p":1.9,"u":"17,27 €/KG","img":"https://fd14-photos.leclercdrive.fr/image.ashx?id=2042752&use=l&cat=p&typeid=i","cat":284458},{"id":143045,"n":"Confit de figues Breizh Konfit 110g","p":1.9,"u":"17,27 €/KG","img":"https://fd14-photos.leclercdrive.fr/image.ashx?id=2038813&use=l&cat=p&typeid=i","cat":284480},{"id":143046,"n":"Confit de cerise Breizh Konfit Cerises noires - 110g","p":1.9,"u":"17,27 €/KG","img":"https://fd14-photos.leclercdrive.fr/image.ashx?id=2038819&use=l&cat=p&typeid=i","cat":284480},{"id":143047,"n":"Confit d'airelles Breizh Konfit 110g","p":1.9,"u":"17,27 €/KG","img":"https://fd14-photos.leclercdrive.fr/image.ashx?id=2042749&use=l&cat=p&typeid=i","cat":305149},{"id":143048,"n":"Chutney de mangue Breizh Konfit 110g","p":1.9,"u":"17,27 €/KG","img":"https://fd14-photos.leclercdrive.fr/image.ashx?id=2038816&use=l&cat=p&typeid=i","cat":284480},{"id":143050,"n":"Pain d'épices Temps des cerises Baies roses et 3 poivres-210g","p":2.6,"u":"12,38 €/KG","img":"https://fd14-photos.leclercdrive.fr/image.ashx?id=2038828&use=l&cat=p&typeid=i","cat":284493},{"id":143344,"n":"Biscottes Eco+ 90 tranches - 750g","p":2.08,"u":"2,77 €/KG","img":"https://fd14-photos.leclercdrive.fr/image.ashx?id=2319195&use=l&cat=p&typeid=i","cat":284479},{"id":143345,"n":"Biscottes Epi d'Or x108 - 900g","p":2.52,"u":"2,80 €/KG","img":"https://fd14-photos.leclercdrive.fr/image.ashx?id=2532847&use=l&cat=p&typeid=i","cat":284479},{"id":143347,"n":"Boisson instantanée cacao Tablette d'Or - 400g","p":1.95,"u":"4,88 €/KG","img":"https://fd14-photos.leclercdrive.fr/image.ashx?id=2038717&use=l&cat=p&typeid=i","cat":293235},{"id":143477,"n":"Dessert liégeois Viennois  Café - 4x100g","p":1.57,"u":"3,93 €/KG","img":"https://fd14-photos.leclercdrive.fr/image.ashx?id=2692110&use=l&cat=p&typeid=i","cat":285042},{"id":143478,"n":"Dessert liégeois Viennois  Chocolat - 4x100g","p":1.57,"u":"3,93 €/KG","img":"https://fd14-photos.leclercdrive.fr/image.ashx?id=2849689&use=l&cat=p&typeid=i","cat":285042},{"id":143496,"n":"Blanc de Blanc Opéra Demi sec - 4x75cl +2 offertes","p":11.1,"u":"2,47 €/L","img":"https://fd14-photos.leclercdrive.fr/image.ashx?id=2030285&use=l&cat=p&typeid=i","cat":284544},{"id":143528,"n":"Dessert liégeois Viennois  Panaché Chocolat Café - 8x100g","p":2.75,"u":"3,44 €/KG","img":"https://fd14-photos.leclercdrive.fr/image.ashx?id=2675298&use=l&cat=p&typeid=i","cat":285042},{"id":143602,"n":"Barres de céréales Grainéa Chocolat lait, noisette x6-126g","p":1.63,"u":"12,94 €/KG","img":"https://fd14-photos.leclercdrive.fr/image.ashx?id=2050942&use=l&cat=p&typeid=i","cat":285869},{"id":143603,"n":"Barre de céréales Grainéa Fruits rouges x6 - 126g","p":1.4,"u":"11,11 €/KG","img":"https://fd14-photos.leclercdrive.fr/image.ashx?id=2729296&use=l&cat=p&typeid=i","cat":285869},{"id":143604,"n":"Barres de céréales Grainea Figues - 126g","p":1.59,"u":"12,62 €/KG","img":"https://fd14-photos.leclercdrive.fr/image.ashx?id=2741631&use=l&cat=p&typeid=i","cat":285869},{"id":143652,"n":"Apéritiv'o Festivo Corte Del Gusto 135g","p":4.45,"u":"32,96 €/KG","img":"https://fd14-photos.leclercdrive.fr/image.ashx?id=2032695&use=l&cat=p&typeid=i","cat":316007},{"id":143675,"n":"12 Escargots de Bourgogne A la Bourguignonne - 74g","p":6.05,"pp":4.23,"u":"57,16 €/KG","img":"https://fd14-photos.leclercdrive.fr/image.ashx?id=2967268&use=l&cat=p&typeid=i","cat":319775},{"id":143717,"n":"Coquilles St-Jacques bretonne 50% de noix OFG - 360g","p":11.59,"pp":8.69,"u":"24,14 €/KG","img":"https://fd14-photos.leclercdrive.fr/image.ashx?id=2531898&use=l&cat=p&typeid=i","cat":319775},{"id":143756,"n":"Foie gras de canard entier Maison Montfort - 320g","p":26.95,"u":"84,22 €/KG","img":"https://fd14-photos.leclercdrive.fr/image.ashx?id=2731000&use=l&cat=p&typeid=i","cat":316008},{"id":143757,"n":"Foie gras de canard Sélection  Maison Montfort - 320g","p":26.95,"u":"84,22 €/KG","img":"https://fd14-photos.leclercdrive.fr/image.ashx?id=2730976&use=l&cat=p&typeid=i","cat":316008},{"id":143882,"n":"Drap housse Tissaia Blanc 90x190cm coton bio","p":11.45,"img":"https://fd14-photos.leclercdrive.fr/image.ashx?id=2380328&use=l&cat=p&typeid=i","cat":286694},{"id":143884,"n":"Drap housse Tissaia Blanc 160x200cm coton bio","p":18.45,"img":"https://fd14-photos.leclercdrive.fr/image.ashx?id=2380334&use=l&cat=p&typeid=i","cat":286694},{"id":143894,"n":"Taie d'oreiller Tissaia Gris 70x50 cm coton bio","p":6.45,"img":"https://fd14-photos.leclercdrive.fr/image.ashx?id=2380256&use=l&cat=p&typeid=i","cat":286694},{"id":143900,"n":"Taie d'oreiller Tissaia Gris 63x63 cm coton bio","p":6.45,"img":"https://fd14-photos.leclercdrive.fr/image.ashx?id=2380259&use=l&cat=p&typeid=i","cat":286694},{"id":143906,"n":"Drap housse Tissaia Gris 160x200 cm coton bio","p":18.45,"img":"https://fd14-photos.leclercdrive.fr/image.ashx?id=2380262&use=l&cat=p&typeid=i","cat":286694},{"id":143910,"n":"Drap housse Tissaia Gris 140x190 cm coton bio","p":15.95,"img":"https://fd14-photos.leclercdrive.fr/image.ashx?id=2380265&use=l&cat=p&typeid=i","cat":286694},{"id":143913,"n":"Taie de traversin Tissaia Gris 185cm coton bio","p":7.45,"img":"https://fd14-photos.leclercdrive.fr/image.ashx?id=2380253&use=l&cat=p&typeid=i","cat":286694},{"id":144025,"n":"Grands toasts ronds brioches Spécial foie gras Jacquet -410g","p":1.95,"u":"4,76 €/KG","img":"https://fd14-photos.leclercdrive.fr/image.ashx?id=2741364&use=l&cat=p&typeid=i","cat":285454},{"id":144131,"n":"IGP Foie gras de canard entier Bocal - 270g","p":28.5,"u":"105,56 €/KG","img":"https://fd14-photos.leclercdrive.fr/image.ashx?id=2039401&use=l&cat=p&typeid=i","cat":316008},{"id":144144,"n":"Foie gras de canard Delpeyrat Sud-Ouest Terroir - Bocal 180g","p":23.5,"pp":15.51,"u":"86,17 €/KG","img":"https://fd14-photos.leclercdrive.fr/image.ashx?id=2905282&use=l&cat=p&typeid=i","cat":316008},{"id":144232,"n":"Foie gras de canard du Gers Mi-cuit au poivre - 250g","p":23.9,"u":"95,60 €/KG","img":"https://fd14-photos.leclercdrive.fr/image.ashx?id=2107817&use=l&cat=p&typeid=i","cat":316008},{"id":144261,"n":"Aïoli du sud \"Les sauces Morin\" 135g","p":1.65,"u":"12,22 €/KG","img":"https://fd14-photos.leclercdrive.fr/image.ashx?id=2036194&use=l&cat=p&typeid=i","cat":284382},{"id":144295,"n":"Œufs de poules Eleveurs de Bret Elevées au sol - x12","p":2.35,"u":"0,20 €/P","img":"https://fd14-photos.leclercdrive.fr/image.ashx?id=2042758&use=l&cat=p&typeid=i","cat":284378},{"id":144636,"n":"Boisson énergisante Monster Energy Pacific Punch - 50CL","p":1.5,"u":"3,00 €/L","img":"https://fd14-photos.leclercdrive.fr/image.ashx?id=2148407&use=l&cat=p&typeid=i","cat":284533},{"id":144715,"n":"Mini-beurre Paysan Breton Doux x20 - 82%MG - 200g","p":2.95,"u":"14,75 €/KG","img":"https://fd14-photos.leclercdrive.fr/image.ashx?id=2774568&use=l&cat=p&typeid=i","cat":284379},{"id":144757,"n":"Crème épaisse Bridélice 15%mg - 10cl","p":0.6,"u":"6,00 €/L","img":"https://fd14-photos.leclercdrive.fr/image.ashx?id=2989132&use=l&cat=p&typeid=i","cat":284381},{"id":144773,"n":"Yaourt ferments lactiques Alsa 4 sachets - 8g","p":2.6,"u":"325,00 €/KG","img":"https://fd14-photos.leclercdrive.fr/image.ashx?id=2813875&use=l&cat=p&typeid=i","cat":284505},{"id":144781,"n":"Pizza XXL Turini Boeuf Cheddar - 530g","p":4.19,"u":"7,91 €/KG","img":"https://fd14-photos.leclercdrive.fr/image.ashx?id=2905934&use=l&cat=p&typeid=i","cat":333679},{"id":144845,"n":"Lait Empresuré chocolat Laiterie de Saint Malo 4x125g","p":1.9,"u":"3,80 €/KG","img":"https://fd14-photos.leclercdrive.fr/image.ashx?id=2908612&use=l&cat=p&typeid=i","cat":285041},{"id":144846,"n":"Dessert gourmand Mamie Nova Tiramisu cappuccino - 2x85g","p":1.95,"u":"11,47 €/KG","img":"https://fd14-photos.leclercdrive.fr/image.ashx?id=2921316&use=l&cat=p&typeid=i","cat":284419},{"id":144860,"n":"Bière ambrée Goudale 7.2% - 33cl","p":1.35,"u":"4,09 €/L","img":"https://fd14-photos.leclercdrive.fr/image.ashx?id=2039419&use=l&cat=p&typeid=i","cat":334852},{"id":145041,"n":"Dattes Couleurs Vives Moelleuses - 250g","p":1.99,"u":"7,96 €/KG","img":"https://fd14-photos.leclercdrive.fr/image.ashx?id=2543938&use=l&cat=p&typeid=i","cat":284357},{"id":145056,"n":"Duo raclette Le Montagnon Lait cru et morbier - 2x200g","p":7.9,"u":"19,75 €/KG","img":"https://fd14-photos.leclercdrive.fr/image.ashx?id=2595251&use=l&cat=p&typeid=i","cat":314036},{"id":145065,"n":"Dés fromage Origan Basilic Les Croisés - 300g","p":2.83,"u":"9,43 €/KG","img":"https://fd14-photos.leclercdrive.fr/image.ashx?id=2744243&use=l&cat=p&typeid=i","cat":314027},{"id":145070,"n":"PIzza l'ovale Sodebo Chorizo poivrons - 200g","p":1.8,"u":"9,00 €/KG","img":"https://fd14-photos.leclercdrive.fr/image.ashx?id=2438567&use=l&cat=p&typeid=i","cat":333679},{"id":145115,"n":"Anti-moustiques Labo Marie Rose Répulsif & apaisant 6h - 100ml","p":4.9,"u":"49,00 €/L","img":"https://fd14-photos.leclercdrive.fr/image.ashx?id=2666743&use=l&cat=p&typeid=i","cat":299654},{"id":145117,"n":"Coupe-ongles Mercurochrome 1 pièce","p":3.75,"img":"https://fd14-photos.leclercdrive.fr/image.ashx?id=2665616&use=l&cat=p&typeid=i","cat":325354},{"id":145120,"n":"Préservatifs Classic Lubrifiés - x14","p":4.5,"img":"https://fd14-photos.leclercdrive.fr/image.ashx?id=2848704&use=l&cat=p&typeid=i","cat":284631},{"id":145155,"n":"Surimi saveur langouste 150g","p":2.3,"u":"15,33 €/KG","img":"https://fd14-photos.leclercdrive.fr/image.ashx?id=2609857&use=l&cat=p&typeid=i","cat":285189},{"id":145205,"n":"Eau de roses Christian Lenart 200ml","p":3.48,"u":"17,40 €/L","img":"https://fd14-photos.leclercdrive.fr/image.ashx?id=2036140&use=l&cat=p&typeid=i","cat":284603},{"id":145227,"n":"Shampooing Marie Rose Anti-poux & Lentes  - 125ml","p":5.6,"u":"44,80 €/L","img":"https://fd14-photos.leclercdrive.fr/image.ashx?id=2689523&use=l&cat=p&typeid=i","cat":299654},{"id":145245,"n":"Pansements Mercurochrome Cors-portection - x12","p":3.9,"u":"0,33 €/P","img":"https://fd14-photos.leclercdrive.fr/image.ashx?id=2785829&use=l&cat=p&typeid=i","cat":284630},{"id":145246,"n":"Pansement liquide Mercurochrome Petites coupures - 1 pièce","p":6.95,"img":"https://fd14-photos.leclercdrive.fr/image.ashx?id=2663971&use=l&cat=p&typeid=i","cat":284630},{"id":145255,"n":"Ciseaux à ongles Mercurochrome 1 pièce","p":4.15,"img":"https://fd14-photos.leclercdrive.fr/image.ashx?id=2788493&use=l&cat=p&typeid=i","cat":325354},{"id":145349,"n":"Purée Douceur du Verger Pomme banane - x4 - 400g","p":1.41,"u":"3,53 €/KG","img":"https://fd14-photos.leclercdrive.fr/image.ashx?id=2036728&use=l&cat=p&typeid=i","cat":284416},{"id":145355,"n":"Purée Douceur du Verger Pomme fraise - x4 - 400g","p":1.3,"u":"3,25 €/KG","img":"https://fd14-photos.leclercdrive.fr/image.ashx?id=3009797&use=l&cat=p&typeid=i","cat":284416},{"id":145410,"n":"Amandes grillées Couleurs Vives Décortiquées - non salé - 250g","p":3.46,"u":"13,84 €/KG","img":"https://fd14-photos.leclercdrive.fr/image.ashx?id=2542929&use=l&cat=p&typeid=i","cat":284357},{"id":145500,"n":"Chips extra croquante Vico 150g","p":1.1,"u":"7,33 €/KG","img":"https://fd14-photos.leclercdrive.fr/image.ashx?id=2917822&use=l&cat=p&typeid=i","cat":284447},{"id":145513,"n":"Fond de veau Kubor Maggi Dégraissé - 100g","p":2.35,"u":"23,50 €/KG","img":"https://fd14-photos.leclercdrive.fr/image.ashx?id=2917540&use=l&cat=p&typeid=i","cat":288379},{"id":145556,"n":"Crêpes Whaou Chocolat cracky - x15 - 480g","p":4.1,"u":"8,54 €/KG","img":"https://fd14-photos.leclercdrive.fr/image.ashx?id=2971032&use=l&cat=p&typeid=i","cat":284494},{"id":145559,"n":"Fond de volaille Maggi 110g","p":2.4,"u":"21,82 €/KG","img":"https://fd14-photos.leclercdrive.fr/image.ashx?id=2917549&use=l&cat=p&typeid=i","cat":288379},{"id":145561,"n":"Frites  Pom'lisse De patates douces - 600g","p":3.39,"u":"5,65 €/KG","img":"https://fd14-photos.leclercdrive.fr/image.ashx?id=2843797&use=l&cat=p&typeid=i","cat":319791},{"id":145755,"n":"Sauce champignons crème Knorr 30cl","p":1.85,"u":"6,17 €/L","img":"https://fd14-photos.leclercdrive.fr/image.ashx?id=2420030&use=l&cat=p&typeid=i","cat":288381},{"id":145940,"n":"Torti au surimi Menu Fraicheur 500g","p":2.39,"u":"4,78 €/KG","img":"https://fd14-photos.leclercdrive.fr/image.ashx?id=2965527&use=l&cat=p&typeid=i","cat":333657},{"id":145943,"n":"Salade d'Alaska Menu Fraicheur 500g","p":3.09,"u":"6,18 €/KG","img":"https://fd14-photos.leclercdrive.fr/image.ashx?id=2727647&use=l&cat=p&typeid=i","cat":333657},{"id":146060,"n":"Gazpacho L'Original Alvalle 1L","p":3.55,"u":"3,55 €/L","img":"https://fd14-photos.leclercdrive.fr/image.ashx?id=2672047&use=l&cat=p&typeid=i","cat":284355},{"id":146241,"n":"Alliance Bloc foie gras canard Figues - 110 g","p":6.5,"u":"59,09 €/KG","img":"https://fd14-photos.leclercdrive.fr/image.ashx?id=2374896&use=l&cat=p&typeid=i","cat":316008},{"id":146412,"n":"Infusion bio Jardin Bio Digestion légère x20 - 30g","p":2.7,"u":"90,00 €/KG","img":"https://fd14-photos.leclercdrive.fr/image.ashx?id=2792603&use=l&cat=p&typeid=i","cat":293234},{"id":146413,"n":"Infusion bio Jardin Bio Détente sommeil x20 - 30g","p":2.27,"u":"75,67 €/KG","img":"https://fd14-photos.leclercdrive.fr/image.ashx?id=3011449&use=l&cat=p&typeid=i","cat":293234},{"id":146415,"n":"Infusion Jardin Bio Bio digestion - x20 - 30g","p":2.32,"u":"77,33 €/KG","img":"https://fd14-photos.leclercdrive.fr/image.ashx?id=2792615&use=l&cat=p&typeid=i","cat":293234},{"id":146417,"n":"Infusion Jardin Bio Bio Thym citron - 30g - x20","p":2.51,"u":"83,67 €/KG","img":"https://fd14-photos.leclercdrive.fr/image.ashx?id=2792621&use=l&cat=p&typeid=i","cat":293234},{"id":146419,"n":"Infusion Jardin Bio Bio bruleur de graisse x20 -30g","p":2.62,"u":"87,33 €/KG","img":"https://fd14-photos.leclercdrive.fr/image.ashx?id=2968322&use=l&cat=p&typeid=i","cat":293234},{"id":146421,"n":"Infusion Jardin Bio Bio detox - x20 - 30g","p":2.32,"u":"77,33 €/KG","img":"https://fd14-photos.leclercdrive.fr/image.ashx?id=2792630&use=l&cat=p&typeid=i","cat":293234},{"id":146422,"n":"Thé vert Jardin Bio Bio minceur - x20 - 30g","p":2.77,"u":"92,33 €/KG","img":"https://fd14-photos.leclercdrive.fr/image.ashx?id=2948066&use=l&cat=p&typeid=i","cat":293233},{"id":146425,"n":"Thé Jardin Bio Bio détox - x20 - 30g","p":2.74,"u":"91,33 €/KG","img":"https://fd14-photos.leclercdrive.fr/image.ashx?id=2578205&use=l&cat=p&typeid=i","cat":293233},{"id":146499,"n":"Ramen Bulgogi Tanoshi 366g","p":2.8,"u":"7,65 €/KG","img":"https://fd14-photos.leclercdrive.fr/image.ashx?id=2922998&use=l&cat=p&typeid=i","cat":288992},{"id":146720,"n":"Viande bovine steak tranche** x1 - 140g","p":2.5,"u":"17,86 €/KG","img":"https://fd14-photos.leclercdrive.fr/image.ashx?id=1495752&use=l&cat=p&typeid=i","cat":284328},{"id":146735,"n":"Haricots verts Bonduelle Extra fins - 220g","p":1.08,"u":"4,91 €/KG","img":"https://fd14-photos.leclercdrive.fr/image.ashx?id=3008074&use=l&cat=p&typeid=i","cat":312606},{"id":146744,"n":"Serviettes Nana ultra nuit Plus Pure Sensitive x8","p":1.88,"u":"0,24 €/P","img":"https://fd14-photos.leclercdrive.fr/image.ashx?id=2743619&use=l&cat=p&typeid=i","cat":284624},{"id":146916,"n":"Préparation alsa Crème Pâtissière - 390g","p":2.75,"u":"7,05 €/KG","img":"https://fd14-photos.leclercdrive.fr/image.ashx?id=3007990&use=l&cat=p&typeid=i","cat":284505},{"id":146967,"n":"Poulet croustillant potatoes Sauce ciboulette - 600g","p":6.95,"u":"11,58 €/KG","img":"https://fd14-photos.leclercdrive.fr/image.ashx?id=2047780&use=l&cat=p&typeid=i","cat":333666},{"id":147002,"n":"Feuilleté de Mousse La Laitière Chocolat - 4x57g","p":1.64,"u":"7,19 €/KG","img":"https://fd14-photos.leclercdrive.fr/image.ashx?id=2858594&use=l&cat=p&typeid=i","cat":284417},{"id":147003,"n":"Feuilleté de Mousse La Laitière Vanille - 4x57g","p":1.64,"u":"7,19 €/KG","img":"https://fd14-photos.leclercdrive.fr/image.ashx?id=2764511&use=l&cat=p&typeid=i","cat":284417},{"id":147009,"n":"Chewing-gum Mentos Pure Fresh  Fraise sans sucres - 100g","p":3.95,"u":"39,50 €/KG","img":"https://fd14-photos.leclercdrive.fr/image.ashx?id=2659804&use=l&cat=p&typeid=i","cat":304251},{"id":147067,"n":"Gyoza Boeuf et Légumes Ajinomoto - 212g","p":4.1,"u":"19,34 €/KG","img":"https://fd14-photos.leclercdrive.fr/image.ashx?id=2590628&use=l&cat=p&typeid=i","cat":319774},{"id":147076,"n":"Bouillon Cube Maggi Volaille - 80g","p":0.88,"u":"11,00 €/KG","img":"https://fd14-photos.leclercdrive.fr/image.ashx?id=2737036&use=l&cat=p&typeid=i","cat":288379},{"id":147143,"n":"Crème de Bresse NRT AOP  40cl","p":2.78,"u":"6,95 €/L","img":"https://fd14-photos.leclercdrive.fr/image.ashx?id=2048608&use=l&cat=p&typeid=i","cat":284381},{"id":147249,"n":"Preparation Gateau de riz Alsa Nappage caramel 370g","p":2.6,"u":"7,03 €/KG","img":"https://fd14-photos.leclercdrive.fr/image.ashx?id=2805114&use=l&cat=p&typeid=i","cat":284504},{"id":147250,"n":"Préparation Flan Entremets alsa Vanille - 192g","p":1.25,"u":"6,51 €/KG","img":"https://fd14-photos.leclercdrive.fr/image.ashx?id=2805117&use=l&cat=p&typeid=i","cat":284504},{"id":147251,"n":"Préparation Crème Anglaise alsa Vanille des Isles - 300g","p":2.55,"u":"8,50 €/KG","img":"https://fd14-photos.leclercdrive.fr/image.ashx?id=2999826&use=l&cat=p&typeid=i","cat":284504},{"id":147443,"n":"Stick torsades Tous mes amis x4 - 70g","p":0.72,"u":"10,29 €/KG","img":"https://fd14-photos.leclercdrive.fr/image.ashx?id=2361733&use=l&cat=p&typeid=i","cat":294527},{"id":147444,"n":"Snack récompense Tous mes amis Fromage boeuf - 140g","p":1.39,"u":"9,93 €/KG","img":"https://fd14-photos.leclercdrive.fr/image.ashx?id=2345565&use=l&cat=p&typeid=i","cat":294527},{"id":147464,"n":"Infusion bien-être Jardin Bio Bio x20 - 28g","p":2.67,"u":"95,36 €/KG","img":"https://fd14-photos.leclercdrive.fr/image.ashx?id=2792606&use=l&cat=p&typeid=i","cat":293234},{"id":147465,"n":"Infusion Jardin Bio Bio calme & Sérénité x20 - 30g","p":2.46,"u":"82,00 €/KG","img":"https://fd14-photos.leclercdrive.fr/image.ashx?id=2792618&use=l&cat=p&typeid=i","cat":293234},{"id":147466,"n":"Protège oreiller carré Tissaia Blanc 65x65cm","p":6.95,"img":"https://fd14-photos.leclercdrive.fr/image.ashx?id=2380352&use=l&cat=p&typeid=i","cat":288835},{"id":147468,"n":"Jus de citron Jardin Bio Bio - 25cl","p":1.9,"u":"7,60 €/L","img":"https://fd14-photos.leclercdrive.fr/image.ashx?id=3015317&use=l&cat=p&typeid=i","cat":288383},{"id":147469,"n":"Protège matelas Tissaia Blanc 160x200cm","p":22.95,"img":"https://fd14-photos.leclercdrive.fr/image.ashx?id=2380361&use=l&cat=p&typeid=i","cat":288835},{"id":147474,"n":"Coupe ongles Primoplast 1 pièce","p":2.0,"img":"https://fd14-photos.leclercdrive.fr/image.ashx?id=2955767&use=l&cat=p&typeid=i","cat":325354},{"id":147525,"n":"Huile bio Bio naïa Jojoba - 50ml","p":4.57,"u":"91,40 €/L","img":"https://fd14-photos.leclercdrive.fr/image.ashx?id=2436711&use=l&cat=p&typeid=i","cat":325349},{"id":147526,"n":"Huile bio Bio naïa Argan - 50ml","p":4.75,"u":"95,00 €/L","img":"https://fd14-photos.leclercdrive.fr/image.ashx?id=2436714&use=l&cat=p&typeid=i","cat":325349},{"id":147527,"n":"Huile bio Bio naïa Ricin - 50ml","p":3.99,"u":"79,80 €/L","img":"https://fd14-photos.leclercdrive.fr/image.ashx?id=2436717&use=l&cat=p&typeid=i","cat":325349},{"id":147528,"n":"Huile bio Bio naïa Amande douce - 50ml","p":3.79,"u":"75,80 €/L","img":"https://fd14-photos.leclercdrive.fr/image.ashx?id=2436720&use=l&cat=p&typeid=i","cat":325349},{"id":147531,"n":"Bain moussant Eco + Pêche - 750ml","p":0.52,"u":"0,69 €/L","img":"https://fd14-photos.leclercdrive.fr/image.ashx?id=2779175&use=l&cat=p&typeid=i","cat":284594},{"id":147533,"n":"Dentifrice arôme menthe Eco + 125ml","p":0.92,"u":"7,36 €/L","img":"https://fd14-photos.leclercdrive.fr/image.ashx?id=2776277&use=l&cat=p&typeid=i","cat":284612},{"id":147537,"n":"Nettoyant ménager Eco + Citron - 2L","p":1.11,"u":"0,56 €/L","img":"https://fd14-photos.leclercdrive.fr/image.ashx?id=2946148&use=l&cat=p&typeid=i","cat":284907},{"id":147539,"n":"Capsules café Plantation Café au lait - x16 - 152g","p":3.29,"u":"21,64 €/KG","img":"https://fd14-photos.leclercdrive.fr/image.ashx?id=2649750&use=l&cat=p&typeid=i","cat":293239},{"id":147550,"n":"Nettoyant vitres Eco + 1L","p":0.76,"u":"0,76 €/L","img":"https://fd14-photos.leclercdrive.fr/image.ashx?id=2834993&use=l&cat=p&typeid=i","cat":325363},{"id":147553,"n":"Yaourt La Ferme des Grands Prés Fermier nature - 4x125g","p":2.05,"u":"4,10 €/KG","img":"https://fd14-photos.leclercdrive.fr/image.ashx?id=2120251&use=l&cat=p&typeid=i","cat":284409},{"id":147554,"n":"Yaourt La Ferme des Grands Prés Fermier nature sucré - 4x125g","p":2.1,"u":"4,20 €/KG","img":"https://fd14-photos.leclercdrive.fr/image.ashx?id=2120260&use=l&cat=p&typeid=i","cat":284409},{"id":147558,"n":"Yaourt La Ferme des Grands Prés Fermier vanille - 4x125g","p":2.3,"u":"4,60 €/KG","img":"https://fd14-photos.leclercdrive.fr/image.ashx?id=2120257&use=l&cat=p&typeid=i","cat":286006},{"id":147560,"n":"Yaourt Ferme des Grands Prés Fermier fraise - 4x125g","p":2.45,"u":"4,90 €/KG","img":"https://fd14-photos.leclercdrive.fr/image.ashx?id=2120254&use=l&cat=p&typeid=i","cat":284410},{"id":147562,"n":"Yaourt Ferme des Grands Prés Fermier abricot - 4x125g","p":2.45,"u":"4,90 €/KG","img":"https://fd14-photos.leclercdrive.fr/image.ashx?id=2120215&use=l&cat=p&typeid=i","cat":284410},{"id":147571,"n":"Caille Ferme des Grands Prés Fermière - 500g","p":2.3,"u":"4,60 €/KG","img":"https://fd14-photos.leclercdrive.fr/image.ashx?id=2120227&use=l&cat=p&typeid=i","cat":284409},{"id":147573,"n":"Faisselle Ferme des Grands Prés 3%mg - 4x100g","p":3.35,"u":"8,38 €/KG","img":"https://fd14-photos.leclercdrive.fr/image.ashx?id=2120242&use=l&cat=p&typeid=i","cat":284409},{"id":147574,"n":"Fromage frais de campagne La Ferme des Grands Prés - 500g","p":2.85,"u":"5,70 €/KG","img":"https://fd14-photos.leclercdrive.fr/image.ashx?id=2120221&use=l&cat=p&typeid=i","cat":284409},{"id":147592,"n":"Fromage blanc fermier 3,5%mg La Ferme des Grands Prés - 500g","p":2.6,"u":"5,20 €/KG","img":"https://fd14-photos.leclercdrive.fr/image.ashx?id=2120230&use=l&cat=p&typeid=i","cat":284409},{"id":147594,"n":"Faisselle fermière 3%mg La Ferme des Grands Prés - 500g","p":3.1,"u":"6,20 €/KG","img":"https://fd14-photos.leclercdrive.fr/image.ashx?id=2120224&use=l&cat=p&typeid=i","cat":284409},{"id":147596,"n":"Fromage blanc nature sucré Ferme des Grands Prés- 4x100g","p":2.55,"u":"6,38 €/KG","img":"https://fd14-photos.leclercdrive.fr/image.ashx?id=2120245&use=l&cat=p&typeid=i","cat":284409},{"id":147598,"n":"Fromage blanc vanille sucré Ferme des Grands Prés - 4x100g","p":2.75,"u":"6,88 €/KG","img":"https://fd14-photos.leclercdrive.fr/image.ashx?id=2120248&use=l&cat=p&typeid=i","cat":284409},{"id":147600,"n":"Fromage blanc fermier 6%mg La Ferme des Grands Prés - 500g","p":2.8,"u":"5,60 €/KG","img":"https://fd14-photos.leclercdrive.fr/image.ashx?id=2120218&use=l&cat=p&typeid=i","cat":284409},{"id":147602,"n":"Crème fraiche fermière épaisse La Ferme des Grands Prés - 50cl","p":3.75,"u":"7,50 €/L","img":"https://fd14-photos.leclercdrive.fr/image.ashx?id=2120239&use=l&cat=p&typeid=i","cat":284381},{"id":147604,"n":"Crème fraiche fermière épaisse La Ferme des Grands Prés - 20cl","p":1.85,"u":"9,25 €/L","img":"https://fd14-photos.leclercdrive.fr/image.ashx?id=2120236&use=l&cat=p&typeid=i","cat":284381},{"id":147622,"n":"Culottes Lotus Baby Douceur Naturelle Taille 5 - x30","p":12.99,"u":"0,43 €/P","img":"https://fd14-photos.leclercdrive.fr/image.ashx?id=3011866&use=l&cat=p&typeid=i","cat":290633},{"id":147624,"n":"Culottes Lotus Baby Douceur Naturelle Taille 6 - x28","p":12.99,"u":"0,46 €/P","img":"https://fd14-photos.leclercdrive.fr/image.ashx?id=3011872&use=l&cat=p&typeid=i","cat":290633},{"id":147627,"n":"Couches Lotus Baby Douceur Naturelle Taille 4+ - x35","p":12.99,"u":"0,37 €/P","img":"https://fd14-photos.leclercdrive.fr/image.ashx?id=2912617&use=l&cat=p&typeid=i","cat":284737},{"id":147677,"n":"Sauce béarnaise Rustica 240g","p":1.29,"u":"5,38 €/KG","img":"https://fd14-photos.leclercdrive.fr/image.ashx?id=2664866&use=l&cat=p&typeid=i","cat":318431},{"id":147678,"n":"Rillettes de saumon Ronde des Mers - 125g","p":1.58,"u":"12,64 €/KG","img":"https://fd14-photos.leclercdrive.fr/image.ashx?id=2436708&use=l&cat=p&typeid=i","cat":305147},{"id":147680,"n":"Fumet de poisson Maggi 90g","p":2.4,"u":"26,67 €/KG","img":"https://fd14-photos.leclercdrive.fr/image.ashx?id=2917552&use=l&cat=p&typeid=i","cat":288379},{"id":147692,"n":"Fond pour rôtis Maggi 110g","p":2.35,"u":"21,36 €/KG","img":"https://fd14-photos.leclercdrive.fr/image.ashx?id=2917543&use=l&cat=p&typeid=i","cat":288379},{"id":147942,"n":"Eau micellaire Inell Biphase - 500ml","p":3.85,"u":"7,70 €/L","img":"https://fd14-photos.leclercdrive.fr/image.ashx?id=2051768&use=l&cat=p&typeid=i","cat":284603},{"id":148070,"n":"Thermomètre Primoplast Electronique - 1 pièce","p":3.91,"img":"https://fd14-photos.leclercdrive.fr/image.ashx?id=2856594&use=l&cat=p&typeid=i","cat":284630},{"id":148103,"n":"Soin hydratant bio So Bio Etic Hydra Aloe Vera - 50ml","p":7.8,"u":"156,00 €/L","img":"https://fd14-photos.leclercdrive.fr/image.ashx?id=2640572&use=l&cat=p&typeid=i","cat":325345},{"id":148112,"n":"Démaquillant yeux waterproof Le petit olivier - 125ml","p":3.45,"u":"27,60 €/L","img":"https://fd14-photos.leclercdrive.fr/image.ashx?id=2865848&use=l&cat=p&typeid=i","cat":284603},{"id":148136,"n":"Gel douche Nivea Men Protect & Care - 500ml","p":2.95,"u":"5,90 €/L","img":"https://fd14-photos.leclercdrive.fr/image.ashx?id=2919877&use=l&cat=p&typeid=i","cat":284619},{"id":148139,"n":"Sandwich suédois Sodebo Duo de saumon - 135g","p":2.15,"u":"15,93 €/KG","img":"https://fd14-photos.leclercdrive.fr/image.ashx?id=2912092&use=l&cat=p&typeid=i","cat":333658},{"id":148291,"n":"Bière Aromatisée Grimbergen Rouge 5,5° - 6x25cl","p":4.9,"u":"3,27 €/L","img":"https://fd14-photos.leclercdrive.fr/image.ashx?id=2873327&use=l&cat=p&typeid=i","cat":334878},{"id":148339,"n":"Embouts jetables Prorhinel Souples - x10","p":5.79,"img":"https://fd14-photos.leclercdrive.fr/image.ashx?id=2148182&use=l&cat=p&typeid=i","cat":284630},{"id":148341,"n":"Spray hygiène du nez Prorhinel à l'aloe vera - enfant - 100ml","p":5.79,"u":"57,90 €/L","img":"https://fd14-photos.leclercdrive.fr/image.ashx?id=2917858&use=l&cat=p&typeid=i","cat":284630},{"id":148355,"n":"Déodorant Monsavon lait Fleur de coton - 200ml","p":1.99,"u":"9,95 €/L","img":"https://fd14-photos.leclercdrive.fr/image.ashx?id=2644930&use=l&cat=p&typeid=i","cat":284595},{"id":148357,"n":"Hochet Maracas Tigex 1 pièce","p":6.9,"img":"https://fd14-photos.leclercdrive.fr/image.ashx?id=2114518&use=l&cat=p&typeid=i","cat":289435},{"id":148368,"n":"Gésier de Canard Confit entier IGP Montfort - 250g","p":6.14,"u":"24,56 €/KG","img":"https://fd14-photos.leclercdrive.fr/image.ashx?id=2960711&use=l&cat=p&typeid=i","cat":284339},{"id":148471,"n":"Pizza Crust Sodebo Farmer  Poulet Sauce Barbecue - 600g","p":5.4,"u":"9,00 €/KG","img":"https://fd14-photos.leclercdrive.fr/image.ashx?id=2912101&use=l&cat=p&typeid=i","cat":333679},{"id":148484,"n":"Lames Hydro 5 Wilkinson Skin protect - x4","p":13.95,"u":"3,49 €/P","img":"https://fd14-photos.leclercdrive.fr/image.ashx?id=2924644&use=l&cat=p&typeid=i","cat":284616},{"id":148643,"n":"Œufs frais Eleveurs de Bretagne Elevées au Sol - Cal. Gros - x6","p":0.99,"u":"0,17 €/P","img":"https://fd14-photos.leclercdrive.fr/image.ashx?id=2059648&use=l&cat=p&typeid=i","cat":284378},{"id":148718,"n":"Émincés Céréal Bio Soja et blé Bio - 130g","p":3.5,"u":"26,92 €/KG","img":"https://fd14-photos.leclercdrive.fr/image.ashx?id=2624218&use=l&cat=p&typeid=i","cat":316036},{"id":148743,"n":"Galette moelleuse Saint Michel Chocolat au lait - 180g","p":1.75,"u":"9,72 €/KG","img":"https://fd14-photos.leclercdrive.fr/image.ashx?id=2936248&use=l&cat=p&typeid=i","cat":284495},{"id":148747,"n":"Shampooing Carré Homme Fortifiant - 250ml","p":1.69,"u":"6,76 €/L","img":"https://fd14-photos.leclercdrive.fr/image.ashx?id=2059050&use=l&cat=p&typeid=i","cat":284621},{"id":148748,"n":"Démaquillant yeux Bionaïa Biphase Water bio - 150ml","p":2.6,"u":"17,33 €/L","img":"https://fd14-photos.leclercdrive.fr/image.ashx?id=2474963&use=l&cat=p&typeid=i","cat":284603},{"id":148749,"n":"Coloration Eugène Color & Eclat n°78 Marron Praliné - 1 pièce","p":3.85,"img":"https://fd14-photos.leclercdrive.fr/image.ashx?id=2476449&use=l&cat=p&typeid=i","cat":288899},{"id":148779,"n":"Pince à ongles Mercurochrome 1 pièce","p":5.79,"img":"https://fd14-photos.leclercdrive.fr/image.ashx?id=2788496&use=l&cat=p&typeid=i","cat":325354},{"id":148886,"n":"Planche Apero  Maxi Chiffonnades 320g","p":10.95,"u":"34,22 €/KG","img":"https://fd14-photos.leclercdrive.fr/image.ashx?id=2990838&use=l&cat=p&typeid=i","cat":316007},{"id":148966,"n":"Boisson coco Bio Bjorg Sans sucre ajouté - 1L","p":2.15,"u":"2,15 €/L","img":"https://fd14-photos.leclercdrive.fr/image.ashx?id=2972991&use=l&cat=p&typeid=i","cat":316067},{"id":148998,"n":"Papier cuisson Elembal Feuilles - x30","p":0.99,"u":"0,03 €/P","img":"https://fd14-photos.leclercdrive.fr/image.ashx?id=2059971&use=l&cat=p&typeid=i","cat":334134},{"id":149239,"n":"Boudin blanc nature 2x125g","p":3.05,"u":"12,20 €/KG","img":"https://fd14-photos.leclercdrive.fr/image.ashx?id=2354482&use=l&cat=p&typeid=i","cat":316012},{"id":149378,"n":"Bloc de foie gras de canard Piment d'Espelette - 110g","p":6.5,"u":"59,09 €/KG","img":"https://fd14-photos.leclercdrive.fr/image.ashx?id=2374890&use=l&cat=p&typeid=i","cat":316008},{"id":149388,"n":"Shampooing sec Batiste Nude aérosol - 200ml","p":3.4,"u":"17,00 €/L","img":"https://fd14-photos.leclercdrive.fr/image.ashx?id=2558334&use=l&cat=p&typeid=i","cat":289143},{"id":149390,"n":"Croc'Odor Frigo XL  140g","p":2.8,"u":"20,00 €/KG","img":"https://fd14-photos.leclercdrive.fr/image.ashx?id=2952646&use=l&cat=p&typeid=i","cat":311628},{"id":149465,"n":"Brosse à Dents Signal Soin Gencives Souple x4","p":2.8,"u":"0,70 €/P","img":"https://fd14-photos.leclercdrive.fr/image.ashx?id=2964234&use=l&cat=p&typeid=i","cat":284614},{"id":149817,"n":"Rouleau Râpe Velvet Smooth Ultra Exfoliant Pieds - x2","p":13.49,"u":"6,75 €/P","img":"https://fd14-photos.leclercdrive.fr/image.ashx?id=2628404&use=l&cat=p&typeid=i","cat":325354},{"id":149854,"n":"Dentifrice Elmex enfant 0-6ans Anti-caries - 75ml","p":3.4,"u":"45,33 €/L","img":"https://fd14-photos.leclercdrive.fr/image.ashx?id=2745289&use=l&cat=p&typeid=i","cat":288898},{"id":149919,"n":"Salade caesar poulet Daunat Tartinade poivron - 320g","p":4.05,"img":"https://fd14-photos.leclercdrive.fr/image.ashx?id=2903263&use=l&cat=p&typeid=i","cat":333657},{"id":149958,"n":"Brosse à Dents Signal Soin Classique Souple x1","p":1.75,"img":"https://fd14-photos.leclercdrive.fr/image.ashx?id=2950894&use=l&cat=p&typeid=i","cat":284614},{"id":150053,"n":"Gnocchi à poeler Bio Village Bio - 300g","p":1.84,"u":"6,13 €/KG","img":"https://fd14-photos.leclercdrive.fr/image.ashx?id=2607969&use=l&cat=p&typeid=i","cat":333682},{"id":150223,"n":"Acras de crevettes Maison Briau 200g","p":2.85,"u":"14,25 €/KG","img":"https://fd14-photos.leclercdrive.fr/image.ashx?id=2850010&use=l&cat=p&typeid=i","cat":285094},{"id":150238,"n":"Escalope Cordon Bleu Père Dodu  Double Cheese x2 - 200g","p":2.45,"u":"12,25 €/KG","img":"https://fd14-photos.leclercdrive.fr/image.ashx?id=2957185&use=l&cat=p&typeid=i","cat":333683},{"id":150247,"n":"Végétal Emincés Garden Gourmet Nature Soja 160g","p":2.9,"u":"18,13 €/KG","img":"https://fd14-photos.leclercdrive.fr/image.ashx?id=2971395&use=l&cat=p&typeid=i","cat":316036},{"id":150253,"n":"Poulet tandoori Fleury Michon Semoule petit legume - 280g","p":3.75,"u":"13,39 €/KG","img":"https://fd14-photos.leclercdrive.fr/image.ashx?id=2680692&use=l&cat=p&typeid=i","cat":333665},{"id":150307,"n":"Liquide refroidissement TECH9 -25°C - 5L","p":9.5,"u":"1,90 €/L","img":"https://fd14-photos.leclercdrive.fr/image.ashx?id=2162711&use=l&cat=p&typeid=i","cat":298253},{"id":150444,"n":"Douceur nature Bio Vrai Au lait de brebis - 2x125g","p":1.5,"u":"6,00 €/KG","img":"https://fd14-photos.leclercdrive.fr/image.ashx?id=2786450&use=l&cat=p&typeid=i","cat":314998},{"id":150445,"n":"Rasoir Wilkinson  Hydro 5","p":7.5,"img":"https://fd14-photos.leclercdrive.fr/image.ashx?id=2918973&use=l&cat=p&typeid=i","cat":284616},{"id":150485,"n":"Chocolat Pâtissier Lindt Noir - 70% cacao - 200g","p":2.95,"u":"14,75 €/KG","img":"https://fd14-photos.leclercdrive.fr/image.ashx?id=2730223&use=l&cat=p&typeid=i","cat":285562},{"id":150488,"n":"Tartine pain campagne Pasquier - 180g","p":1.8,"u":"10,00 €/KG","img":"https://fd14-photos.leclercdrive.fr/image.ashx?id=2967028&use=l&cat=p&typeid=i","cat":285543},{"id":150567,"n":"Shampooing Fructis Hairfood Réparateur Papaye - 350ml","p":4.08,"u":"11,66 €/L","img":"https://fd14-photos.leclercdrive.fr/image.ashx?id=2878063&use=l&cat=p&typeid=i","cat":284606},{"id":150763,"n":"Imperméabilisant protecteur Cuir Daim Nubuck 250ml","p":2.68,"u":"10,72 €/L","img":"https://fd14-photos.leclercdrive.fr/image.ashx?id=2835208&use=l&cat=p&typeid=i","cat":285201},{"id":150793,"n":"HERTA Tendre Croc Jambon Fromage sans nitrite 400g x4","p":3.5,"u":"8,75 €/KG","img":"https://fd14-photos.leclercdrive.fr/image.ashx?id=2070144&use=l&cat=p&typeid=i","cat":333671},{"id":150804,"n":"Shampoing hydratant Fructis Hair food Aloe Vera - 350ml","p":3.87,"u":"11,06 €/L","img":"https://fd14-photos.leclercdrive.fr/image.ashx?id=2830594&use=l&cat=p&typeid=i","cat":284606},{"id":151002,"n":"Gouter fourré carré P'tit Déli x16 - 295g","p":1.17,"u":"3,97 €/KG","img":"https://fd14-photos.leclercdrive.fr/image.ashx?id=2351238&use=l&cat=p&typeid=i","cat":284489},{"id":151011,"n":"Crème fraîche épaisse 30%mg Paysan Breton - 45cl","p":2.35,"u":"5,22 €/L","img":"https://fd14-photos.leclercdrive.fr/image.ashx?id=2774553&use=l&cat=p&typeid=i","cat":284381},{"id":151075,"n":"Essuie-tout Renova  Design - x4","p":2.1,"u":"0,53 €/P","img":"https://fd14-photos.leclercdrive.fr/image.ashx?id=2072790&use=l&cat=p&typeid=i","cat":284635},{"id":151120,"n":"Fromage blanc Délisse Chèvre nature - 4x100g","p":2.15,"u":"5,38 €/KG","img":"https://fd14-photos.leclercdrive.fr/image.ashx?id=2071152&use=l&cat=p&typeid=i","cat":314998},{"id":151160,"n":"Crème gourmande Mamie Nova Chocolat banane - 2x150g","p":1.5,"u":"5,00 €/KG","img":"https://fd14-photos.leclercdrive.fr/image.ashx?id=2909041&use=l&cat=p&typeid=i","cat":285041},{"id":151165,"n":"Moka Bonne Maman 2x100g","p":2.1,"u":"10,50 €/KG","img":"https://fd14-photos.leclercdrive.fr/image.ashx?id=2911879&use=l&cat=p&typeid=i","cat":284419},{"id":151169,"n":"Liégeois lait d'amande chocolat Andros - 4x90g","p":2.6,"u":"7,22 €/KG","img":"https://fd14-photos.leclercdrive.fr/image.ashx?id=2871985&use=l&cat=p&typeid=i","cat":316071},{"id":151170,"n":"Riz au lait Andros Coco vanille - 4x100g","p":2.65,"u":"6,63 €/KG","img":"https://fd14-photos.leclercdrive.fr/image.ashx?id=2872024&use=l&cat=p&typeid=i","cat":316071},{"id":151439,"n":"Whisky Galleg 40% - 70cl","p":19.9,"pp":17.9,"u":"25,57 €/L","img":"https://fd14-photos.leclercdrive.fr/image.ashx?id=2146522&use=l&cat=p&typeid=i","cat":284547},{"id":151464,"n":"Fromage blanc Calin Extra Nature - 8x100g","p":2.2,"u":"2,75 €/KG","img":"https://fd14-photos.leclercdrive.fr/image.ashx?id=2973736&use=l&cat=p&typeid=i","cat":284409},{"id":151472,"n":"Fromage blanc Calin Extra Nature - 850g","p":2.3,"u":"2,71 €/KG","img":"https://fd14-photos.leclercdrive.fr/image.ashx?id=2973739&use=l&cat=p&typeid=i","cat":284409},{"id":151474,"n":"Fromage blanc Calin 0% Extra Naure - 8x100g","p":2.15,"u":"2,69 €/KG","img":"https://fd14-photos.leclercdrive.fr/image.ashx?id=2973733&use=l&cat=p&typeid=i","cat":284409},{"id":151486,"n":"Galette moelleuse Saint Michel Pépite de chocolat - 180g","p":2.01,"u":"11,17 €/KG","img":"https://fd14-photos.leclercdrive.fr/image.ashx?id=2936245&use=l&cat=p&typeid=i","cat":284495},{"id":151554,"n":"Moelleux au chocolat noir Marie Morin - 2x120g","p":3.7,"u":"15,42 €/KG","img":"https://fd14-photos.leclercdrive.fr/image.ashx?id=2631717&use=l&cat=p&typeid=i","cat":284419},{"id":151558,"n":"Tiramisu au café Marie Morin - 2x80g","p":3.6,"u":"22,50 €/KG","img":"https://fd14-photos.leclercdrive.fr/image.ashx?id=2634124&use=l&cat=p&typeid=i","cat":284419},{"id":151602,"n":"Papier cuisson Albal Rouleau - 8m","p":1.9,"u":"0,24 €/MT","img":"https://fd14-photos.leclercdrive.fr/image.ashx?id=2551450&use=l&cat=p&typeid=i","cat":334134},{"id":151680,"n":"Macédoine de Légumes Bonduelle 3x130g","p":2.22,"u":"5,69 €/KG","img":"https://fd14-photos.leclercdrive.fr/image.ashx?id=2910022&use=l&cat=p&typeid=i","cat":312612},{"id":151685,"n":"Terrine de campagne Madrange Dorée au Four - 2x50g","p":1.2,"u":"12,00 €/KG","img":"https://fd14-photos.leclercdrive.fr/image.ashx?id=2885986&use=l&cat=p&typeid=i","cat":316008},{"id":151795,"n":"AOP Corbières rouge Hérésie - 75cl","p":7.35,"u":"9,80 €/L","img":"https://fd14-photos.leclercdrive.fr/image.ashx?id=2742138&use=l&cat=p&typeid=i","cat":289556},{"id":151815,"n":"AOP Cahors vin rouge Little Fuck - 75cl","p":7.5,"u":"10,00 €/L","img":"https://fd14-photos.leclercdrive.fr/image.ashx?id=2331640&use=l&cat=p&typeid=i","cat":289556},{"id":151910,"n":"Kinder chocolat Moulage Poussin - 36g","p":2.16,"u":"60,00 €/KG","img":"https://fd14-photos.leclercdrive.fr/image.ashx?id=2065607&use=l&cat=p&typeid=i","cat":327592},{"id":151911,"n":"Kinder chocolat Moulage Ecureuil - 36g","p":2.16,"u":"60,00 €/KG","img":"https://fd14-photos.leclercdrive.fr/image.ashx?id=2077763&use=l&cat=p&typeid=i","cat":327592},{"id":151915,"n":"Kinder chocolat Moulage Mouton - 36g","p":2.16,"u":"60,00 €/KG","img":"https://fd14-photos.leclercdrive.fr/image.ashx?id=2077766&use=l&cat=p&typeid=i","cat":327592},{"id":151917,"n":"Kinder chocolat Moulage Coccinelle - 36g","p":2.16,"u":"60,00 €/KG","img":"https://fd14-photos.leclercdrive.fr/image.ashx?id=2077769&use=l&cat=p&typeid=i","cat":327592},{"id":151918,"n":"Kinder chocolat Moulage Grenouille - 36g","p":2.16,"u":"60,00 €/KG","img":"https://fd14-photos.leclercdrive.fr/image.ashx?id=2077772&use=l&cat=p&typeid=i","cat":327592},{"id":151936,"n":"Yaourt brassé Bio Les 2 Vaches Vanille - 4x115g","p":1.9,"u":"4,13 €/KG","img":"https://fd14-photos.leclercdrive.fr/image.ashx?id=2571542&use=l&cat=p&typeid=i","cat":284410},{"id":151957,"n":"Poudre fondante L'Oréal Paris Accord Parfait 5D Sable doré","p":13.6,"img":"https://fd14-photos.leclercdrive.fr/image.ashx?id=2278055&use=l&cat=p&typeid=i","cat":287029},{"id":151958,"n":"Poudre fondante L'Oréal Paris Accord Parfait 4N Beige","p":13.6,"img":"https://fd14-photos.leclercdrive.fr/image.ashx?id=2423445&use=l&cat=p&typeid=i","cat":287029},{"id":151961,"n":"Fond de Teint L'Oréal Paris Accord Parfait 3.5.N Pêche","p":14.5,"img":"https://fd14-photos.leclercdrive.fr/image.ashx?id=2108273&use=l&cat=p&typeid=i","cat":287029},{"id":151962,"n":"Fond de Teint L'Oréal Paris Accord Parfait 1.R Ivoire Rosé","p":14.5,"u":"483,33 €/L","img":"https://fd14-photos.leclercdrive.fr/image.ashx?id=2395550&use=l&cat=p&typeid=i","cat":287029},{"id":151964,"n":"BB Crème Teintée L'Oréal Paris Nuance 04 médium - 30ml","p":12.5,"u":"416,67 €/L","img":"https://fd14-photos.leclercdrive.fr/image.ashx?id=3014551&use=l&cat=p&typeid=i","cat":287029},{"id":151965,"n":"CC Crème L'Oréal Paris Anti-Rougeurs","p":11.55,"img":"https://fd14-photos.leclercdrive.fr/image.ashx?id=3014557&use=l&cat=p&typeid=i","cat":287029},{"id":151968,"n":"Mascara Maybelline  Colossal Volum'express Noir","p":9.7,"img":"https://fd14-photos.leclercdrive.fr/image.ashx?id=2592180&use=l&cat=p&typeid=i","cat":287029},{"id":151969,"n":"Mascara Intense L'Oréal Paris Lash Paradise Noir Intense","p":13.47,"img":"https://fd14-photos.leclercdrive.fr/image.ashx?id=2559595&use=l&cat=p&typeid=i","cat":287029},{"id":151970,"n":"Vernis à ongles gel Maybelline Superstay 06 Rouge Profond","p":6.15,"img":"https://fd14-photos.leclercdrive.fr/image.ashx?id=2344978&use=l&cat=p&typeid=i","cat":325347},{"id":151971,"n":"Encre à lèvres mat Maybelline Superstay Matte Ink 20 Pioneer","p":13.5,"img":"https://fd14-photos.leclercdrive.fr/image.ashx?id=2423181&use=l&cat=p&typeid=i","cat":287029},{"id":151972,"n":"Correcteur anticerne Maybelline Instant Anti-Age 00 Ivoire","p":11.5,"img":"https://fd14-photos.leclercdrive.fr/image.ashx?id=2770545&use=l&cat=p&typeid=i","cat":287029},{"id":152002,"n":"Gouter fourré P'tit Déli Vanille - 295g","p":1.25,"u":"4,24 €/KG","img":"https://fd14-photos.leclercdrive.fr/image.ashx?id=2399138&use=l&cat=p&typeid=i","cat":284489},{"id":152023,"n":"Renovateur blanc La Vachette avec applicateur - 75ml","p":2.14,"u":"28,53 €/L","img":"https://fd14-photos.leclercdrive.fr/image.ashx?id=2075287&use=l&cat=p&typeid=i","cat":285201},{"id":152041,"n":"Déodorant bille bio BionaÏa Eau coco/Aloe Vera - 50ml","p":1.32,"u":"26,40 €/L","img":"https://fd14-photos.leclercdrive.fr/image.ashx?id=2496964&use=l&cat=p&typeid=i","cat":284595},{"id":152042,"n":"Déodorant bille bio BionaÏa A la rose/aloe vera - 50ml","p":1.32,"u":"26,40 €/L","img":"https://fd14-photos.leclercdrive.fr/image.ashx?id=2481240&use=l&cat=p&typeid=i","cat":284595},{"id":152043,"n":"Déodorant bio BionaÏa 100ml","p":1.8,"u":"18,00 €/L","img":"https://fd14-photos.leclercdrive.fr/image.ashx?id=2075272&use=l&cat=p&typeid=i","cat":284595},{"id":152045,"n":"Savon solide Manava Citron et basilic x2 - 200g","p":1.39,"u":"6,95 €/KG","img":"https://fd14-photos.leclercdrive.fr/image.ashx?id=2358345&use=l&cat=p&typeid=i","cat":284597},{"id":152349,"n":"Sérum nuit anti-âge L'Oréal Revitalift Rétinol Pur - 30ml","p":13.32,"u":"444,00 €/L","img":"https://fd14-photos.leclercdrive.fr/image.ashx?id=2867530&use=l&cat=p&typeid=i","cat":325345},{"id":152365,"n":"Crème éclat La Provençale Bio Jouvence Anti-Âge - 50ml","p":10.41,"u":"208,20 €/L","img":"https://fd14-photos.leclercdrive.fr/image.ashx?id=2948147&use=l&cat=p&typeid=i","cat":325345},{"id":152391,"n":"Rollafix emballage ruban UHU Brun 63m x 50mm","p":3.5,"img":"https://fd14-photos.leclercdrive.fr/image.ashx?id=2155852&use=l&cat=p&typeid=i","cat":300576},{"id":152408,"n":"Compresses Mercurochrome Stériles Ultra-douces - x20","p":3.9,"u":"0,20 €/P","img":"https://fd14-photos.leclercdrive.fr/image.ashx?id=2663986&use=l&cat=p&typeid=i","cat":284630},{"id":152414,"n":"Crème hydratante Scholl Adoucissante - 75ml","p":4.2,"u":"56,00 €/L","img":"https://fd14-photos.leclercdrive.fr/image.ashx?id=2980884&use=l&cat=p&typeid=i","cat":325354},{"id":152422,"n":"Coupe-ongles Scholl 1 pièce","p":5.7,"img":"https://fd14-photos.leclercdrive.fr/image.ashx?id=2981295&use=l&cat=p&typeid=i","cat":284630},{"id":152440,"n":"Gel Lubrifiant Massage 2 en 1 Durex Douceur Aloe Vera 200ml","p":7.65,"u":"38,25 €/L","img":"https://fd14-photos.leclercdrive.fr/image.ashx?id=2736556&use=l&cat=p&typeid=i","cat":285160},{"id":152502,"n":"Quatre-quart Ker Cadélac 500g","p":3.55,"u":"7,10 €/KG","img":"https://fd14-photos.leclercdrive.fr/image.ashx?id=2958848&use=l&cat=p&typeid=i","cat":294776},{"id":152506,"n":"Boisson avoine Bio Bjorg Sans sucres - 1L","p":2.15,"u":"2,15 €/L","img":"https://fd14-photos.leclercdrive.fr/image.ashx?id=2939454&use=l&cat=p&typeid=i","cat":316067},{"id":152525,"n":"Céréales croustillant Bio Bjorg Chocolat lait - 450g","p":5.25,"u":"11,67 €/KG","img":"https://fd14-photos.leclercdrive.fr/image.ashx?id=2906223&use=l&cat=p&typeid=i","cat":309512},{"id":152576,"n":"Crêpes 1/2 lune Eco+ Jambon emmental - x20 - 1kg","p":2.47,"u":"2,47 €/KG","img":"https://fd14-photos.leclercdrive.fr/image.ashx?id=2698144&use=l&cat=p&typeid=i","cat":319776},{"id":152595,"n":"Barres chocolat Toblerone Chocolat au lait - 3x100g","p":4.44,"u":"14,80 €/KG","img":"https://fd14-photos.leclercdrive.fr/image.ashx?id=2078241&use=l&cat=p&typeid=i","cat":284498},{"id":152608,"n":"Mayonnaise de Dijon Amora 5 ingrédients - 400g","p":2.8,"u":"7,00 €/KG","img":"https://fd14-photos.leclercdrive.fr/image.ashx?id=3005392&use=l&cat=p&typeid=i","cat":298295},{"id":152610,"n":"Pasta Box Sodebo Fusilli à la Bolognaise - 330g","p":2.49,"u":"7,55 €/KG","img":"https://fd14-photos.leclercdrive.fr/image.ashx?id=2991996&use=l&cat=p&typeid=i","cat":334983},{"id":152612,"n":"Pasta Box Sodebo Fusilli à la Carbonara - 330g","p":2.5,"u":"7,58 €/KG","img":"https://fd14-photos.leclercdrive.fr/image.ashx?id=2919781&use=l&cat=p&typeid=i","cat":334983},{"id":152615,"n":"Pasta Box Sodebo Fusilli Fromages Italiens -330g","p":2.5,"u":"7,58 €/KG","img":"https://fd14-photos.leclercdrive.fr/image.ashx?id=2919784&use=l&cat=p&typeid=i","cat":334983},{"id":152616,"n":"Pasta Box Sodebo Fusilli Saumon - 280g","p":3.15,"u":"10,50 €/KG","img":"https://fd14-photos.leclercdrive.fr/image.ashx?id=2985078&use=l&cat=p&typeid=i","cat":334983},{"id":152617,"n":"Happy Cherry Haribo Sachet bonbons - 220g","p":1.7,"u":"7,73 €/KG","img":"https://fd14-photos.leclercdrive.fr/image.ashx?id=2984901&use=l&cat=p&typeid=i","cat":304250},{"id":152638,"n":"Pansement Mercurochrome Spécial doigts - x12","p":4.2,"u":"0,35 €/P","img":"https://fd14-photos.leclercdrive.fr/image.ashx?id=2862146&use=l&cat=p&typeid=i","cat":284630},{"id":152650,"n":"Pansements Mercurochrome Tissu-résistant - x40","p":4.3,"u":"0,11 €/P","img":"https://fd14-photos.leclercdrive.fr/image.ashx?id=2862149&use=l&cat=p&typeid=i","cat":284630},{"id":152651,"n":"Pansements Mercurochrome Coricide - x12","p":4.95,"u":"0,41 €/P","img":"https://fd14-photos.leclercdrive.fr/image.ashx?id=2663968&use=l&cat=p&typeid=i","cat":284630},{"id":152772,"n":"Sauce Bacon Burger Heinz - 225g","p":1.88,"u":"8,36 €/KG","img":"https://fd14-photos.leclercdrive.fr/image.ashx?id=2926849&use=l&cat=p&typeid=i","cat":318431},{"id":152903,"n":"Sparadrap Mercurochrome Résistant à l'eau - 7mx2,5cm","p":2.65,"img":"https://fd14-photos.leclercdrive.fr/image.ashx?id=2862155&use=l&cat=p&typeid=i","cat":284630},{"id":152908,"n":"Huile Mercurochrome d'amande douce raffinée - 100ml","p":4.75,"u":"47,50 €/L","img":"https://fd14-photos.leclercdrive.fr/image.ashx?id=2663983&use=l&cat=p&typeid=i","cat":284630},{"id":152940,"n":"Soin Mercurochrome ongles âbimés - 1 pièce","p":9.89,"img":"https://fd14-photos.leclercdrive.fr/image.ashx?id=2663995&use=l&cat=p&typeid=i","cat":284630},{"id":153059,"n":"Cônes glacés Trium Chocolat - x6 - 423g","p":2.27,"u":"5,37 €/KG","img":"https://fd14-photos.leclercdrive.fr/image.ashx?id=2931829&use=l&cat=p&typeid=i","cat":284264},{"id":153060,"n":"Cônes glacés Trium Vanille caramel - x6 - 432g","p":2.37,"u":"5,49 €/KG","img":"https://fd14-photos.leclercdrive.fr/image.ashx?id=2931835&use=l&cat=p&typeid=i","cat":284264},{"id":153061,"n":"Cônes glacés Trium Vanille fraise - x6 - 426g","p":1.72,"u":"4,04 €/KG","img":"https://fd14-photos.leclercdrive.fr/image.ashx?id=2931808&use=l&cat=p&typeid=i","cat":284264},{"id":153062,"n":"Cônes glacés Trium Vanille nougatine x6 - 402g","p":1.81,"u":"4,50 €/KG","img":"https://fd14-photos.leclercdrive.fr/image.ashx?id=2931805&use=l&cat=p&typeid=i","cat":284264},{"id":153067,"n":"Cônes glacés Trium Fruits rouges - x6 - 474g","p":2.47,"u":"5,21 €/KG","img":"https://fd14-photos.leclercdrive.fr/image.ashx?id=2931832&use=l&cat=p&typeid=i","cat":284264},{"id":153068,"n":"Cônes glacés Trium Sorbet mangue passion x6 456g","p":2.36,"u":"5,18 €/KG","img":"https://fd14-photos.leclercdrive.fr/image.ashx?id=2931823&use=l&cat=p&typeid=i","cat":284264},{"id":153070,"n":"Cônes glacés Trium Menthe chocolat x6 - 414g","p":2.11,"u":"5,10 €/KG","img":"https://fd14-photos.leclercdrive.fr/image.ashx?id=2931826&use=l&cat=p&typeid=i","cat":284264},{"id":153071,"n":"Cônes glacés Trium Crème brulée - x6 - 426g","p":2.46,"u":"5,77 €/KG","img":"https://fd14-photos.leclercdrive.fr/image.ashx?id=2931820&use=l&cat=p&typeid=i","cat":284264},{"id":153073,"n":"Cônes glacés Trium Vanille chocolat - x6 - 426g","p":1.59,"u":"3,73 €/KG","img":"https://fd14-photos.leclercdrive.fr/image.ashx?id=2931817&use=l&cat=p&typeid=i","cat":284264},{"id":153074,"n":"Cônes glacés Trium Citron framboise x6 - 456g","p":2.48,"u":"5,44 €/KG","img":"https://fd14-photos.leclercdrive.fr/image.ashx?id=2931811&use=l&cat=p&typeid=i","cat":284264},{"id":153075,"n":"Cônes glacés Trium Chocolat pistaches - x6 - 402g","p":2.23,"u":"5,55 €/KG","img":"https://fd14-photos.leclercdrive.fr/image.ashx?id=2909909&use=l&cat=p&typeid=i","cat":284264},{"id":153148,"n":"Jambon Supérieur Fleury Michon sans nitrite x6 - 210g","p":3.25,"u":"15,48 €/KG","img":"https://fd14-photos.leclercdrive.fr/image.ashx?id=2889478&use=l&cat=p&typeid=i","cat":316009},{"id":153153,"n":"Jambon Supérieur Fleury Michon -25% sel sans nitrite- x2 - 70g","p":1.95,"u":"27,86 €/KG","img":"https://fd14-photos.leclercdrive.fr/image.ashx?id=2889484&use=l&cat=p&typeid=i","cat":316009},{"id":153154,"n":"Jambon Supérieur Fleury Michon -25% sel sans nitrite x6 - 210g","p":4.4,"u":"20,95 €/KG","img":"https://fd14-photos.leclercdrive.fr/image.ashx?id=2889487&use=l&cat=p&typeid=i","cat":316009},{"id":153155,"n":"Jambon Supérieur Fleury Michon -25% sel sans nitrite x4 - 140g","p":3.0,"u":"21,43 €/KG","img":"https://fd14-photos.leclercdrive.fr/image.ashx?id=2905399&use=l&cat=p&typeid=i","cat":316009},{"id":153158,"n":"Jambon Simplement Bon Fleury  Michon -25% de sel - x6 - 210g","p":3.15,"u":"15,00 €/KG","img":"https://fd14-photos.leclercdrive.fr/image.ashx?id=2842696&use=l&cat=p&typeid=i","cat":316009},{"id":153159,"n":"Jambon Simplement Bon Fleury  Michon -25% de sel x4 - 140g","p":2.55,"u":"18,21 €/KG","img":"https://fd14-photos.leclercdrive.fr/image.ashx?id=2843385&use=l&cat=p&typeid=i","cat":316009},{"id":153164,"n":"Jambon  Simplement Bon Fleury  Michon x4 - 160g","p":2.15,"u":"13,44 €/KG","img":"https://fd14-photos.leclercdrive.fr/image.ashx?id=2843147&use=l&cat=p&typeid=i","cat":316009},{"id":153166,"n":"Jambon Simplement Bon Fleury Michon - x6 - 240g","p":2.75,"u":"11,46 €/KG","img":"https://fd14-photos.leclercdrive.fr/image.ashx?id=2843150&use=l&cat=p&typeid=i","cat":316009},{"id":153229,"n":"Mayonnaise de Dijon Amora Tube - 175g","p":1.4,"u":"8,00 €/KG","img":"https://fd14-photos.leclercdrive.fr/image.ashx?id=2082711&use=l&cat=p&typeid=i","cat":298295},{"id":153241,"n":"Blanc de poulet Fleury Michon doré au four - x8 - 240g","p":2.28,"u":"9,50 €/KG","img":"https://fd14-photos.leclercdrive.fr/image.ashx?id=2962845&use=l&cat=p&typeid=i","cat":316010},{"id":153242,"n":"Ketchup Amora  468g","p":2.1,"u":"4,49 €/KG","img":"https://fd14-photos.leclercdrive.fr/image.ashx?id=2766628&use=l&cat=p&typeid=i","cat":284455},{"id":153250,"n":"Rapé de jambon Fleury Michon fumé - 2x75g","p":1.9,"u":"12,67 €/KG","img":"https://fd14-photos.leclercdrive.fr/image.ashx?id=2662706&use=l&cat=p&typeid=i","cat":316011},{"id":153271,"n":"Gâteaux fourrés Napolitain LU Chocolat - 360g","p":3.51,"u":"9,75 €/KG","img":"https://fd14-photos.leclercdrive.fr/image.ashx?id=2349055&use=l&cat=p&typeid=i","cat":284495},{"id":153313,"n":"Gateau Savane Brossard Pocket chocolat - x7  210g","p":2.05,"u":"9,76 €/KG","img":"https://fd14-photos.leclercdrive.fr/image.ashx?id=2870722&use=l&cat=p&typeid=i","cat":284495},{"id":153328,"n":"Gâteaux fourrés Napolitain LU Chocolat - 180g","p":1.56,"u":"8,67 €/KG","img":"https://fd14-photos.leclercdrive.fr/image.ashx?id=3002225&use=l&cat=p&typeid=i","cat":284495},{"id":153367,"n":"Table à repasser Homeside Plateau 120x40cm","p":31.6,"u":"Dont 0,19 € d'éco-part.","img":"https://fd14-photos.leclercdrive.fr/image.ashx?id=2118018&use=l&cat=p&typeid=i","cat":335909},{"id":153368,"n":"Table à repasserHomeside Plateau 130x45cm","p":44.99,"img":"https://fd14-photos.leclercdrive.fr/image.ashx?id=2118021&use=l&cat=p&typeid=i","cat":335909},{"id":153740,"n":"Pâte de curry Patak's Tikka Masala - 165g","p":2.7,"u":"16,36 €/KG","img":"https://fd14-photos.leclercdrive.fr/image.ashx?id=2857716&use=l&cat=p&typeid=i","cat":289012},{"id":154090,"n":"Plateau Aper'idées 28%mg - 320g","p":4.75,"u":"14,84 €/KG","img":"https://fd14-photos.leclercdrive.fr/image.ashx?id=2086486&use=l&cat=p&typeid=i","cat":314027},{"id":154629,"n":"Bière Blonde Leffe 6,6% - 20x25cl","p":15.2,"u":"3,04 €/L","img":"https://fd14-photos.leclercdrive.fr/image.ashx?id=2995427&use=l&cat=p&typeid=i","cat":334852},{"id":154631,"n":"Boisson multifruits Jafun Format poche - 10x20Cl","p":3.35,"u":"1,68 €/L","img":"https://fd14-photos.leclercdrive.fr/image.ashx?id=2992561&use=l&cat=p&typeid=i","cat":284524},{"id":155123,"n":"Biscuits fourrés  BN Fraises - 285g","p":1.25,"u":"4,39 €/KG","img":"https://fd14-photos.leclercdrive.fr/image.ashx?id=2878804&use=l&cat=p&typeid=i","cat":284489},{"id":155127,"n":"Bière blonde sans alcool 1664 0.0% - 12x25cl","p":6.5,"u":"2,17 €/L","img":"https://fd14-photos.leclercdrive.fr/image.ashx?id=2121490&use=l&cat=p&typeid=i","cat":334877},{"id":155198,"n":"Rôti de porc Fleury Michon Sans nitrite - x6 - 180g","p":3.05,"u":"16,94 €/KG","img":"https://fd14-photos.leclercdrive.fr/image.ashx?id=2335478&use=l&cat=p&typeid=i","cat":316009},{"id":155224,"n":"Boudin noir pommes Brient 250g","p":2.65,"u":"10,60 €/KG","img":"https://fd14-photos.leclercdrive.fr/image.ashx?id=2354476&use=l&cat=p&typeid=i","cat":316012},{"id":155244,"n":"Mini cônes Extrême  Vanille  - 8x39g","p":3.75,"u":"12,02 €/KG","img":"https://fd14-photos.leclercdrive.fr/image.ashx?id=2737741&use=l&cat=p&typeid=i","cat":284264},{"id":155281,"n":"Petit Brie Bons Mayennais 500g","p":4.85,"u":"9,70 €/KG","img":"https://fd14-photos.leclercdrive.fr/image.ashx?id=2786465&use=l&cat=p&typeid=i","cat":314033},{"id":155295,"n":"Préparation Cookies alsa Pépites de Chocolat - 240g","p":2.19,"u":"9,13 €/KG","img":"https://fd14-photos.leclercdrive.fr/image.ashx?id=2996446&use=l&cat=p&typeid=i","cat":284505},{"id":155301,"n":"Biscuit BN chocolat 285g","p":1.3,"u":"4,56 €/KG","img":"https://fd14-photos.leclercdrive.fr/image.ashx?id=2810705&use=l&cat=p&typeid=i","cat":284488},{"id":155302,"n":"Biscuits BN casse croute 400g","p":1.4,"u":"3,50 €/KG","img":"https://fd14-photos.leclercdrive.fr/image.ashx?id=2503900&use=l&cat=p&typeid=i","cat":284491},{"id":155303,"n":"Briochettes Pasquier x12 - 480g","p":2.25,"u":"4,69 €/KG","img":"https://fd14-photos.leclercdrive.fr/image.ashx?id=2417857&use=l&cat=p&typeid=i","cat":284478},{"id":155448,"n":"Gâche tranchée Pasquier 500g","p":2.35,"u":"4,70 €/KG","img":"https://fd14-photos.leclercdrive.fr/image.ashx?id=2650516&use=l&cat=p&typeid=i","cat":284478},{"id":155472,"n":"Chopes à bière 2 x 55cl","p":4.58,"u":"2,29 €/P","img":"https://fd14-photos.leclercdrive.fr/image.ashx?id=2118138&use=l&cat=p&typeid=i","cat":334134},{"id":155511,"n":"Nettoyant Lave-Linge Destop  Désinfectant - x2","p":4.9,"u":"9,80 €/L","img":"https://fd14-photos.leclercdrive.fr/image.ashx?id=2831735&use=l&cat=p&typeid=i","cat":284653},{"id":155546,"n":"Assiettes dessert 17cm Blanc sans film PE - x50","p":2.45,"u":"0,05 €/P","img":"https://fd14-photos.leclercdrive.fr/image.ashx?id=2096688&use=l&cat=p&typeid=i","cat":334134},{"id":155549,"n":"Glace Bâtonnet MAGNUM Double Gold Caramel 4x85ml","p":3.08,"u":"10,85 €/KG","img":"https://fd14-photos.leclercdrive.fr/image.ashx?id=2770620&use=l&cat=p&typeid=i","cat":284265},{"id":155555,"n":"Frites Pom Bistro Rustiques - 500g","p":3.55,"u":"7,10 €/KG","img":"https://fd14-photos.leclercdrive.fr/image.ashx?id=2866424&use=l&cat=p&typeid=i","cat":319791},{"id":155714,"n":"Déboucheur Gel Destop  Spécial Cheveux - 1L","p":2.69,"u":"2,69 €/L","img":"https://fd14-photos.leclercdrive.fr/image.ashx?id=2625388&use=l&cat=p&typeid=i","cat":284908},{"id":155776,"n":"Shampoing Le Petit Marseillais  Calendula & coco - 250ml","p":1.9,"u":"7,60 €/L","img":"https://fd14-photos.leclercdrive.fr/image.ashx?id=2684173&use=l&cat=p&typeid=i","cat":284606},{"id":155792,"n":"Compote bébé Blédina 4-6 mois Pomme coing - 4x130g","p":3.15,"u":"6,06 €/KG","img":"https://fd14-photos.leclercdrive.fr/image.ashx?id=2911205&use=l&cat=p&typeid=i","cat":312387},{"id":155793,"n":"Compote bébé Blédina 4-6 mois Pomme pruneau - 4x130g","p":2.98,"u":"5,73 €/KG","img":"https://fd14-photos.leclercdrive.fr/image.ashx?id=2911202&use=l&cat=p&typeid=i","cat":312387},{"id":155795,"n":"Soda Coca-Cola - SANS SUCRES Canette - 6x33cl","p":3.35,"u":"1,69 €/L","img":"https://fd14-photos.leclercdrive.fr/image.ashx?id=2736805&use=l&cat=p&typeid=i","cat":284530},{"id":155816,"n":"Compote avec morceaux Andros Framboise - 4x100g","p":2.4,"u":"6,00 €/KG","img":"https://fd14-photos.leclercdrive.fr/image.ashx?id=2908201&use=l&cat=p&typeid=i","cat":284416},{"id":155820,"n":"Salade Batavia verte 1p","p":1.29,"img":"https://fd14-photos.leclercdrive.fr/image.ashx?id=1633577&use=l&cat=p&typeid=i","cat":284352},{"id":155824,"n":"Persil lisse botte x1","p":1.59,"img":"https://fd14-photos.leclercdrive.fr/image.ashx?id=2115902&use=l&cat=p&typeid=i","cat":293607},{"id":155826,"n":"Menthe botte x1","p":1.59,"img":"https://fd14-photos.leclercdrive.fr/image.ashx?id=588969&use=l&cat=p&typeid=i","cat":293607},{"id":155827,"n":"Basilic botte x1","p":1.59,"img":"https://fd14-photos.leclercdrive.fr/image.ashx?id=588940&use=l&cat=p&typeid=i","cat":293607},{"id":155828,"n":"Chou rouge 1p","p":1.99,"img":"https://fd14-photos.leclercdrive.fr/image.ashx?id=560850&use=l&cat=p&typeid=i","cat":284352},{"id":155829,"n":"Salade laitue verte 1p","p":1.29,"img":"https://fd14-photos.leclercdrive.fr/image.ashx?id=1633040&use=l&cat=p&typeid=i","cat":284352},{"id":155831,"n":"Coriandre botte x1","p":1.59,"img":"https://fd14-photos.leclercdrive.fr/image.ashx?id=588954&use=l&cat=p&typeid=i","cat":293607},{"id":155832,"n":"Aneth botte x1","p":1.59,"img":"https://fd14-photos.leclercdrive.fr/image.ashx?id=588952&use=l&cat=p&typeid=i","cat":293607},{"id":155833,"n":"Feuille de chêne rouge 1p","p":1.29,"img":"https://fd14-photos.leclercdrive.fr/image.ashx?id=1633670&use=l&cat=p&typeid=i","cat":284352},{"id":155892,"n":"Blanc de Poulet Le Gaulois Sans nitrites x4 - 160g","p":2.2,"u":"13,75 €/KG","img":"https://fd14-photos.leclercdrive.fr/image.ashx?id=2962620&use=l&cat=p&typeid=i","cat":316010},{"id":155893,"n":"Blanc de Poulet Le Gaulois Sans nitrites x6 tranches -240g","p":3.45,"u":"14,38 €/KG","img":"https://fd14-photos.leclercdrive.fr/image.ashx?id=2376896&use=l&cat=p&typeid=i","cat":316010},{"id":155894,"n":"Blanc de Dinde Le Gaulois Sans nitrites x4 tranches -160g","p":2.3,"u":"14,38 €/KG","img":"https://fd14-photos.leclercdrive.fr/image.ashx?id=2962623&use=l&cat=p&typeid=i","cat":316010},{"id":155900,"n":"Boisson aux Fruits Jafun Tropical - 10x20cl","p":3.4,"u":"1,70 €/L","img":"https://fd14-photos.leclercdrive.fr/image.ashx?id=2992567&use=l&cat=p&typeid=i","cat":295018},{"id":155951,"n":"Recharge 2en1 Vileda Brosserie serpillère Turbo  x1","p":5.9,"img":"https://fd14-photos.leclercdrive.fr/image.ashx?id=2672515&use=l&cat=p&typeid=i","cat":284669},{"id":155964,"n":"Theière en fonte Osaka noire 1L20","p":13.0,"img":"https://fd14-photos.leclercdrive.fr/image.ashx?id=2274700&use=l&cat=p&typeid=i","cat":334134},{"id":155971,"n":"Autocuiseur 8L x1","p":69.9,"img":"https://fd14-photos.leclercdrive.fr/image.ashx?id=2132217&use=l&cat=p&typeid=i","cat":298490},{"id":155986,"n":"Moule à tarte Pyrex 31cm Bake and enjoy x1","p":12.5,"img":"https://fd14-photos.leclercdrive.fr/image.ashx?id=2658045&use=l&cat=p&typeid=i","cat":298490},{"id":156006,"n":"Nouilles Demae Ramen Nissin - Poulet 100g","p":0.9,"u":"9,00 €/KG","img":"https://fd14-photos.leclercdrive.fr/image.ashx?id=2647660&use=l&cat=p&typeid=i","cat":288992},{"id":156013,"n":"Soba nouilles Sautées poulet 110g","p":1.4,"u":"12,73 €/KG","img":"https://fd14-photos.leclercdrive.fr/image.ashx?id=2433524&use=l&cat=p&typeid=i","cat":288992},{"id":156020,"n":"Soda Sprite Canette - 6x33cl","p":2.95,"u":"1,49 €/L","img":"https://fd14-photos.leclercdrive.fr/image.ashx?id=2973994&use=l&cat=p&typeid=i","cat":284531},{"id":156022,"n":"Soda Coca Cola Cherry Canette 6x33cl","p":4.35,"u":"2,20 €/L","img":"https://fd14-photos.leclercdrive.fr/image.ashx?id=2997226&use=l&cat=p&typeid=i","cat":284530},{"id":156027,"n":"Coloration Casting Crème Gloss Chocolat glacé N°515","p":8.3,"img":"https://fd14-photos.leclercdrive.fr/image.ashx?id=2248450&use=l&cat=p&typeid=i","cat":288899},{"id":156067,"n":"Soda Coca-Cola Canette - 6x33cl","p":4.18,"u":"2,11 €/L","img":"https://fd14-photos.leclercdrive.fr/image.ashx?id=2997229&use=l&cat=p&typeid=i","cat":284530},{"id":156117,"n":"Crème UHT Elle&Vire Fluide Légère - 12% MG - 1L","p":3.8,"u":"3,80 €/L","img":"https://fd14-photos.leclercdrive.fr/image.ashx?id=2832098&use=l&cat=p&typeid=i","cat":284381},{"id":156140,"n":"Soda Fanta Mangue fruit du dragon canettes - 6x33cl","p":3.5,"u":"1,77 €/L","img":"https://fd14-photos.leclercdrive.fr/image.ashx?id=2996118&use=l&cat=p&typeid=i","cat":284532},{"id":156141,"n":"Soda Fanta citron frappé canettes - 6x33cl","p":3.4,"u":"1,72 €/L","img":"https://fd14-photos.leclercdrive.fr/image.ashx?id=2660212&use=l&cat=p&typeid=i","cat":284532},{"id":156145,"n":"Thé glacé Fuze tea Saveur pêche - 1,75L","p":1.9,"u":"1,09 €/L","img":"https://fd14-photos.leclercdrive.fr/image.ashx?id=2944395&use=l&cat=p&typeid=i","cat":295019},{"id":156156,"n":"Fromage enfant Kiri crème 8 portions à tartiner - 144g","p":2.07,"u":"0,26 €/P","img":"https://fd14-photos.leclercdrive.fr/image.ashx?id=2973562&use=l&cat=p&typeid=i","cat":314030},{"id":156165,"n":"Sauce bolognaise Bolo Balls 400g","p":2.55,"u":"6,38 €/KG","img":"https://fd14-photos.leclercdrive.fr/image.ashx?id=2918571&use=l&cat=p&typeid=i","cat":287599},{"id":156174,"n":"Biscuits fourrés BN Framboise - 285g","p":1.5,"u":"5,26 €/KG","img":"https://fd14-photos.leclercdrive.fr/image.ashx?id=2474999&use=l&cat=p&typeid=i","cat":284489},{"id":156175,"n":"Doomino St Michel Chocolat - x6","p":2.18,"u":"12,11 €/KG","img":"https://fd14-photos.leclercdrive.fr/image.ashx?id=2949979&use=l&cat=p&typeid=i","cat":284495},{"id":156188,"n":"Préparation Flan Pâtissier alsa Vanille - 740g","p":2.7,"u":"3,65 €/KG","img":"https://fd14-photos.leclercdrive.fr/image.ashx?id=2790591&use=l&cat=p&typeid=i","cat":284505},{"id":156229,"n":"Repas Purina One Spécial chat stérilisé - 680g","p":3.9,"u":"5,74 €/KG","img":"https://fd14-photos.leclercdrive.fr/image.ashx?id=2899725&use=l&cat=p&typeid=i","cat":285286},{"id":156340,"n":"Café solubleL'Or Classique Sticks - 235g","p":2.15,"u":"47,78 €/KG","img":"https://fd14-photos.leclercdrive.fr/image.ashx?id=2115932&use=l&cat=p&typeid=i","cat":284843},{"id":156343,"n":"Abondance AOP NRT L'Atelier Fromagerie - 150g","p":3.05,"u":"20,33 €/KG","img":"https://fd14-photos.leclercdrive.fr/image.ashx?id=2123907&use=l&cat=p&typeid=i","cat":314036},{"id":156350,"n":"Comté 18 mois AOP L'Atelier Fromagerie - 200g","p":5.3,"u":"26,50 €/KG","img":"https://fd14-photos.leclercdrive.fr/image.ashx?id=2130005&use=l&cat=p&typeid=i","cat":327294},{"id":156355,"n":"Grana padano 20 mois AOP L'Atelier Fromagerie - 180g","p":3.99,"u":"22,17 €/KG","img":"https://fd14-photos.leclercdrive.fr/image.ashx?id=2817178&use=l&cat=p&typeid=i","cat":314036},{"id":156397,"n":"Glaces Ferrero Rocher x4 chocolat lait noisettes - 200g","p":3.3,"img":"https://fd14-photos.leclercdrive.fr/image.ashx?id=2759065&use=l&cat=p&typeid=i","cat":284265},{"id":156412,"n":"Glaces Nui Caramel White chocolate & Texan pecan x4 264g","p":4.3,"u":"16,29 €/KG","img":"https://fd14-photos.leclercdrive.fr/image.ashx?id=2519900&use=l&cat=p&typeid=i","cat":284265},{"id":156415,"n":"Bâtonnet Raffaello  Noix de coco amandes x4 - 188g","p":3.3,"u":"17,55 €/KG","img":"https://fd14-photos.leclercdrive.fr/image.ashx?id=2863890&use=l&cat=p&typeid=i","cat":284265},{"id":156493,"n":"Petit pot bébé Blédina 6 mois  Légumes bœuf - 2x200g","p":2.1,"u":"5,25 €/KG","img":"https://fd14-photos.leclercdrive.fr/image.ashx?id=2968091&use=l&cat=p&typeid=i","cat":312236},{"id":156494,"n":"Petit pot bébé Blédina 6 mois Riz légumes saumon - 2x200g","p":2.25,"u":"5,63 €/KG","img":"https://fd14-photos.leclercdrive.fr/image.ashx?id=2911214&use=l&cat=p&typeid=i","cat":312236},{"id":156495,"n":"Petit pot bébé Blédina 6 mois Légumes lieu - 2x200g","p":1.79,"u":"4,48 €/KG","img":"https://fd14-photos.leclercdrive.fr/image.ashx?id=2935771&use=l&cat=p&typeid=i","cat":312236},{"id":156497,"n":"Petit pot bébé Blédina 8 mois Riz ratatouille poisson -2x200g","p":1.95,"u":"4,88 €/KG","img":"https://fd14-photos.leclercdrive.fr/image.ashx?id=2911208&use=l&cat=p&typeid=i","cat":312236},{"id":156498,"n":"Compote bébé Blédina 4-6 mois Pomme poire - 4x130g","p":2.6,"u":"5,00 €/KG","img":"https://fd14-photos.leclercdrive.fr/image.ashx?id=2911873&use=l&cat=p&typeid=i","cat":312387},{"id":156499,"n":"Petit pot bébé Blédina 8 mois Légumes poulet - 2x200g","p":1.95,"u":"4,88 €/KG","img":"https://fd14-photos.leclercdrive.fr/image.ashx?id=2935765&use=l&cat=p&typeid=i","cat":312236},{"id":156501,"n":"Petit pot bébé Blédina 6 mois Légumes jambon - 2x200g","p":2.0,"u":"5,00 €/KG","img":"https://fd14-photos.leclercdrive.fr/image.ashx?id=2948767&use=l&cat=p&typeid=i","cat":312236},{"id":156528,"n":"Petit pot bébé Blédina 4-6 mois Carotte - 2x130g","p":1.16,"u":"4,46 €/KG","img":"https://fd14-photos.leclercdrive.fr/image.ashx?id=2911870&use=l&cat=p&typeid=i","cat":312234},{"id":156538,"n":"Compote bébé Blédina 6 mois  Aux fruits - 4x130g","p":2.92,"u":"5,62 €/KG","img":"https://fd14-photos.leclercdrive.fr/image.ashx?id=2911196&use=l&cat=p&typeid=i","cat":312388},{"id":156539,"n":"Petit pot bébé Blédina 6 mois Semoule carotte dinde - 2x200g","p":2.28,"u":"5,70 €/KG","img":"https://fd14-photos.leclercdrive.fr/image.ashx?id=2935774&use=l&cat=p&typeid=i","cat":312236},{"id":156541,"n":"Petit pot bébé Blédina 6 mois Purée de panais dinde - 2x200g","p":2.15,"u":"5,38 €/KG","img":"https://fd14-photos.leclercdrive.fr/image.ashx?id=2951611&use=l&cat=p&typeid=i","cat":312236},{"id":156564,"n":"Petit pot bébé Blédina 6 mois Riz tomate poulet - 2x200g","p":1.96,"u":"4,90 €/KG","img":"https://fd14-photos.leclercdrive.fr/image.ashx?id=2951614&use=l&cat=p&typeid=i","cat":312236},{"id":156565,"n":"Litière chats Tous mes Amis Minérale parfumée - 8L","p":2.95,"u":"0,37 €/L","img":"https://fd14-photos.leclercdrive.fr/image.ashx?id=2120905&use=l&cat=p&typeid=i","cat":284683},{"id":156598,"n":"Biscuits fourrés bio Jardin Bio Chocolat - 300g","p":2.2,"u":"7,33 €/KG","img":"https://fd14-photos.leclercdrive.fr/image.ashx?id=2903353&use=l&cat=p&typeid=i","cat":284488},{"id":156647,"n":"Compote Pom'Potes Pomme  brugnon banane - 64x90g","p":28.39,"pp":19.87,"u":"3,45 €/KG","img":"https://fd14-photos.leclercdrive.fr/image.ashx?id=2254574&use=l&cat=p&typeid=i","cat":284508},{"id":157507,"n":"Tube de peinture Esquisse  Noir - 20ml","p":0.69,"img":"https://fd14-photos.leclercdrive.fr/image.ashx?id=2124134&use=l&cat=p&typeid=i","cat":334133},{"id":157554,"n":"Olives noires Tropic Apéro Aux herbes de Provence - 250g","p":2.89,"u":"11,56 €/KG","img":"https://fd14-photos.leclercdrive.fr/image.ashx?id=2648229&use=l&cat=p&typeid=i","cat":316002},{"id":157555,"n":"Olives vertes dénoyautées Au Piment d'Espelette - 200g","p":2.79,"u":"13,95 €/KG","img":"https://fd14-photos.leclercdrive.fr/image.ashx?id=2409274&use=l&cat=p&typeid=i","cat":316002},{"id":157612,"n":"Eau infusée Volvic bio thé noir pêche - 75cl","p":1.4,"u":"1,87 €/L","img":"https://fd14-photos.leclercdrive.fr/image.ashx?id=2748209&use=l&cat=p&typeid=i","cat":284537},{"id":157613,"n":"Eau infusée Volvic bio thé vert menthe - 75cl","p":1.3,"u":"1,73 €/L","img":"https://fd14-photos.leclercdrive.fr/image.ashx?id=2479063&use=l&cat=p&typeid=i","cat":284537},{"id":157628,"n":"Crème corps Mixa  Peaux Sèches, Sensibles - 400ml","p":4.58,"u":"11,45 €/L","img":"https://fd14-photos.leclercdrive.fr/image.ashx?id=2338432&use=l&cat=p&typeid=i","cat":325350},{"id":157643,"n":"Sandwich Mega Club Sodebo  Pain Suédois Poulet Œuf - 230g","p":2.5,"u":"10,87 €/KG","img":"https://fd14-photos.leclercdrive.fr/image.ashx?id=2962542&use=l&cat=p&typeid=i","cat":333658},{"id":157646,"n":"Palets Fromagers Père Dodu Chèvre - 150g","p":2.4,"u":"16,00 €/KG","img":"https://fd14-photos.leclercdrive.fr/image.ashx?id=2957191&use=l&cat=p&typeid=i","cat":314027},{"id":157737,"n":"Lingettes Démaquillantes Nivea Peaux Sèches - x20","p":2.34,"u":"0,12 €/P","img":"https://fd14-photos.leclercdrive.fr/image.ashx?id=3005227&use=l&cat=p&typeid=i","cat":284603},{"id":157778,"n":"Fromage de brebis Lou Pérac 6 tranches - 120g","p":2.7,"u":"22,50 €/KG","img":"https://fd14-photos.leclercdrive.fr/image.ashx?id=2758843&use=l&cat=p&typeid=i","cat":314028},{"id":158136,"n":"Jus multifruits nectar Jafaden Sans sucres ajoutés - 1L","p":1.79,"u":"1,79 €/L","img":"https://fd14-photos.leclercdrive.fr/image.ashx?id=2125443&use=l&cat=p&typeid=i","cat":284917},{"id":158285,"n":"Glace Ben & Jerry's Mini pots Cool-loction 4x100ml","p":5.95,"u":"20,66 €/KG","img":"https://fd14-photos.leclercdrive.fr/image.ashx?id=3009278&use=l&cat=p&typeid=i","cat":284725},{"id":158316,"n":"Stick lèvres Dermophil Réparateur Protecteur- 2 pièces","p":6.8,"u":"425,00 €/KG","img":"https://fd14-photos.leclercdrive.fr/image.ashx?id=2939772&use=l&cat=p&typeid=i","cat":285485},{"id":158363,"n":"Crème Douche Surgras Bio Cadum Karité - 500ml","p":2.15,"u":"4,30 €/L","img":"https://fd14-photos.leclercdrive.fr/image.ashx?id=2575630&use=l&cat=p&typeid=i","cat":284594},{"id":158374,"n":"Shampoing Le Petit Marseillais  Thym & the vert - 250ml","p":2.15,"u":"8,60 €/L","img":"https://fd14-photos.leclercdrive.fr/image.ashx?id=2684176&use=l&cat=p&typeid=i","cat":284606},{"id":158489,"n":"Beurrier Tendre Paysan Breton Demi-sel - 80% MG - 200g","p":2.85,"u":"14,25 €/KG","img":"https://fd14-photos.leclercdrive.fr/image.ashx?id=2869038&use=l&cat=p&typeid=i","cat":284379},{"id":158521,"n":"Savon liquide Le Petit Olivier Lavande - 300ml","p":2.65,"u":"8,83 €/L","img":"https://fd14-photos.leclercdrive.fr/image.ashx?id=2684509&use=l&cat=p&typeid=i","cat":284594},{"id":158524,"n":"Lait corps Le Petit Olivier Réparateur - Au Karité - 250ml","p":3.99,"u":"15,96 €/L","img":"https://fd14-photos.leclercdrive.fr/image.ashx?id=2132844&use=l&cat=p&typeid=i","cat":325349},{"id":158525,"n":"Crème dessert Délisse Edition limitée - 4x125g","p":1.25,"u":"2,50 €/KG","img":"https://fd14-photos.leclercdrive.fr/image.ashx?id=2970619&use=l&cat=p&typeid=i","cat":285041},{"id":158571,"n":"Plat bébé Blédina 8 mois  Pâtes tomate boeuf - 2x200g","p":3.07,"u":"7,68 €/KG","img":"https://fd14-photos.leclercdrive.fr/image.ashx?id=2975092&use=l&cat=p&typeid=i","cat":312236},{"id":158631,"n":"Plat bébé soir Blédiner 8 mois  Pâtes épinards - 2x200g","p":2.43,"u":"6,08 €/KG","img":"https://fd14-photos.leclercdrive.fr/image.ashx?id=2845868&use=l&cat=p&typeid=i","cat":312239},{"id":158649,"n":"Lait céréales Blédidej 12 mois Biscuité vanille - 500ml","p":1.6,"u":"3,20 €/KG","img":"https://fd14-photos.leclercdrive.fr/image.ashx?id=2503728&use=l&cat=p&typeid=i","cat":312226},{"id":158683,"n":"Langue de boeuf Férial 300g","p":4.79,"u":"15,97 €/KG","img":"https://fd14-photos.leclercdrive.fr/image.ashx?id=2138311&use=l&cat=p&typeid=i","cat":284328},{"id":158715,"n":"Doomino St Michel Choco Noisette x6 - 180g","p":1.85,"u":"10,28 €/KG","img":"https://fd14-photos.leclercdrive.fr/image.ashx?id=2953495&use=l&cat=p&typeid=i","cat":284495},{"id":158727,"n":"Rognon de boeuf Férial 300g","p":4.89,"u":"16,30 €/KG","img":"https://fd14-photos.leclercdrive.fr/image.ashx?id=2138314&use=l&cat=p&typeid=i","cat":284328},{"id":158730,"n":"Boulette au boeuf Férial 300g","p":4.19,"u":"13,97 €/KG","img":"https://fd14-photos.leclercdrive.fr/image.ashx?id=2955285&use=l&cat=p&typeid=i","cat":284328},{"id":158784,"n":"Petit pot bébé Blédina 8 mois Légumes viande poisson - 8x200g","p":7.49,"u":"4,68 €/KG","img":"https://fd14-photos.leclercdrive.fr/image.ashx?id=2935777&use=l&cat=p&typeid=i","cat":312236},{"id":158787,"n":"Petit pot bébé Blédina 6 mois Légume viande poisson - 8x200g","p":7.83,"u":"4,89 €/KG","img":"https://fd14-photos.leclercdrive.fr/image.ashx?id=2948773&use=l&cat=p&typeid=i","cat":312236},{"id":158797,"n":"Lait céréales Blédidej 12 mois Chocolat - 500ml","p":1.6,"u":"3,20 €/L","img":"https://fd14-photos.leclercdrive.fr/image.ashx?id=2479042&use=l&cat=p&typeid=i","cat":312226},{"id":158803,"n":"Rotella Haribo Sachet bonbons réglisse - 300g","p":1.3,"u":"4,33 €/KG","img":"https://fd14-photos.leclercdrive.fr/image.ashx?id=2982402&use=l&cat=p&typeid=i","cat":304250},{"id":158806,"n":"Lait en poudre Blédilait Bébé 18 mois - 3 ans - 900g","p":11.03,"u":"12,26 €/KG","img":"https://fd14-photos.leclercdrive.fr/image.ashx?id=2458244&use=l&cat=p&typeid=i","cat":290219},{"id":158834,"n":"Céréales Fitness Nature 475g","p":2.65,"u":"5,58 €/KG","img":"https://fd14-photos.leclercdrive.fr/image.ashx?id=2874084&use=l&cat=p&typeid=i","cat":309512},{"id":158891,"n":"Boisson aux fruits Jafun Tropical - 1L","p":1.19,"u":"1,19 €/L","img":"https://fd14-photos.leclercdrive.fr/image.ashx?id=2913763&use=l&cat=p&typeid=i","cat":295018},{"id":158911,"n":"Sucette Physiologique Tigex Mickey +18M  - x2","p":5.2,"u":"2,60 €/P","img":"https://fd14-photos.leclercdrive.fr/image.ashx?id=2400151&use=l&cat=p&typeid=i","cat":284743},{"id":158913,"n":"Biberon Air Control Tigex Col etroit 330ml - x1","p":4.9,"img":"https://fd14-photos.leclercdrive.fr/image.ashx?id=2224319&use=l&cat=p&typeid=i","cat":284742},{"id":158920,"n":"Petit pot bébé Blédina 6 mois Semoule épinards merlu - 2x200g","p":2.2,"u":"5,50 €/KG","img":"https://fd14-photos.leclercdrive.fr/image.ashx?id=2935759&use=l&cat=p&typeid=i","cat":312236},{"id":158939,"n":"Sauce Butter Chicken Patak's 450g","p":3.39,"u":"7,53 €/KG","img":"https://fd14-photos.leclercdrive.fr/image.ashx?id=2857713&use=l&cat=p&typeid=i","cat":289012},{"id":158943,"n":"Sauce Korma Patak's 450g","p":3.68,"u":"8,18 €/KG","img":"https://fd14-photos.leclercdrive.fr/image.ashx?id=2607764&use=l&cat=p&typeid=i","cat":289012},{"id":158944,"n":"Sauce Tandoori Patak's 450g","p":3.05,"u":"6,78 €/KG","img":"https://fd14-photos.leclercdrive.fr/image.ashx?id=2762265&use=l&cat=p&typeid=i","cat":289012},{"id":158981,"n":"Sucette Physiologique Tigex Minnie +18M - x2","p":5.2,"u":"2,60 €/P","img":"https://fd14-photos.leclercdrive.fr/image.ashx?id=2136091&use=l&cat=p&typeid=i","cat":284743},{"id":158982,"n":"Petit pot bébé Blédina 4-6 mois Purée de poireau - 2x130g","p":1.16,"u":"4,46 €/KG","img":"https://fd14-photos.leclercdrive.fr/image.ashx?id=2911190&use=l&cat=p&typeid=i","cat":312234},{"id":159085,"n":"Savon liquide Le Petit Olivier Fleur d'Oranger - 300ml","p":2.65,"u":"8,83 €/L","img":"https://fd14-photos.leclercdrive.fr/image.ashx?id=2683796&use=l&cat=p&typeid=i","cat":284597},{"id":159209,"n":"Lasagne Lustucru Selection  250g","p":2.1,"u":"8,40 €/KG","img":"https://fd14-photos.leclercdrive.fr/image.ashx?id=2792396&use=l&cat=p&typeid=i","cat":333682},{"id":159216,"n":"Blinis cocktail Atelier Blini Bio - 135g","p":1.85,"u":"13,70 €/KG","img":"https://fd14-photos.leclercdrive.fr/image.ashx?id=2975278&use=l&cat=p&typeid=i","cat":285191},{"id":159330,"n":"Rapés cabillaud Cité Marin MSC Pomme de terre ail persil 200g","p":3.05,"u":"15,25 €/KG","img":"https://fd14-photos.leclercdrive.fr/image.ashx?id=2918847&use=l&cat=p&typeid=i","cat":285340},{"id":159343,"n":"Whisky Aerstone Land Cask 40d - 70cl","p":23.0,"pp":19.0,"u":"27,14 €/L","img":"https://fd14-photos.leclercdrive.fr/image.ashx?id=2834728&use=l&cat=p&typeid=i","cat":284547},{"id":159423,"n":"Préparation Flan Entremets alsa Pistache - 192g","p":1.71,"u":"9,50 €/KG","img":"https://fd14-photos.leclercdrive.fr/image.ashx?id=2939181&use=l&cat=p&typeid=i","cat":284504},{"id":159448,"n":"Boisson aux fruits Jafun Pomme Cassis Framboise - 2L","p":1.49,"u":"0,75 €/L","img":"https://fd14-photos.leclercdrive.fr/image.ashx?id=3013642&use=l&cat=p&typeid=i","cat":295018},{"id":159509,"n":"Girasoli Turini Mozzarella Tomates - 300g","p":2.45,"u":"8,17 €/KG","img":"https://fd14-photos.leclercdrive.fr/image.ashx?id=2989706&use=l&cat=p&typeid=i","cat":333682},{"id":159519,"n":"Pates fusili Côté Snack Raclette - 300g","p":1.99,"u":"6,63 €/KG","img":"https://fd14-photos.leclercdrive.fr/image.ashx?id=2613291&use=l&cat=p&typeid=i","cat":334983},{"id":159521,"n":"Pizza Crust Sodebo Sweety  Chèvre Miel - 580g","p":5.6,"u":"9,66 €/KG","img":"https://fd14-photos.leclercdrive.fr/image.ashx?id=2649085&use=l&cat=p&typeid=i","cat":333679},{"id":159522,"n":"Cremio Box Sodebo Jambon Emmental 280g","p":2.2,"u":"7,86 €/KG","img":"https://fd14-photos.leclercdrive.fr/image.ashx?id=2860196&use=l&cat=p&typeid=i","cat":334983},{"id":159597,"n":"Terrine de Campagne 180g","p":1.85,"u":"10,28 €/KG","img":"https://fd14-photos.leclercdrive.fr/image.ashx?id=2999282&use=l&cat=p&typeid=i","cat":305149},{"id":159627,"n":"Fromage Fol Epi  Originale 8 Tranches - 150g","p":2.1,"u":"14,00 €/KG","img":"https://fd14-photos.leclercdrive.fr/image.ashx?id=2456801&use=l&cat=p&typeid=i","cat":314028},{"id":159892,"n":"Petits pots bébé P'TITE RECETTE Risotto 8M+ - 2x200g","p":1.98,"u":"4,95 €/KG","img":"https://fd14-photos.leclercdrive.fr/image.ashx?id=2737132&use=l&cat=p&typeid=i","cat":312236},{"id":159897,"n":"Fromage Enfant Kiri Crème 12 portions à tartiner - 216g","p":2.82,"u":"13,06 €/KG","img":"https://fd14-photos.leclercdrive.fr/image.ashx?id=2973565&use=l&cat=p&typeid=i","cat":314030},{"id":159921,"n":"Céréales Jordans Country Crisp Framboises - 500g","p":3.4,"u":"6,80 €/KG","img":"https://fd14-photos.leclercdrive.fr/image.ashx?id=2966773&use=l&cat=p&typeid=i","cat":309512},{"id":159924,"n":"Céréales Jordans Granola Chocolat Noir - 400g","p":3.6,"u":"9,00 €/KG","img":"https://fd14-photos.leclercdrive.fr/image.ashx?id=2478784&use=l&cat=p&typeid=i","cat":309512},{"id":159943,"n":"Huile motoculture Beaux Jours 2t semi-synthèse - 2L","p":9.49,"u":"4,75 €/L","img":"https://fd14-photos.leclercdrive.fr/image.ashx?id=2297792&use=l&cat=p&typeid=i","cat":298253},{"id":159945,"n":"Huile motoculture Beaux Jours 2t - 2L","p":7.5,"u":"3,75 €/L","img":"https://fd14-photos.leclercdrive.fr/image.ashx?id=2297795&use=l&cat=p&typeid=i","cat":298253},{"id":159947,"n":"Huile motoculture Beaux Jours 4t - 2L","p":7.49,"u":"3,75 €/L","img":"https://fd14-photos.leclercdrive.fr/image.ashx?id=2297798&use=l&cat=p&typeid=i","cat":298253},{"id":159949,"n":"Huile tronçonneuse Beaux Jours Biodégradable - 2L","p":14.9,"u":"7,45 €/L","img":"https://fd14-photos.leclercdrive.fr/image.ashx?id=2297801&use=l&cat=p&typeid=i","cat":298253},{"id":159951,"n":"Huile tronçonneuse Beaux Jours 5L","p":15.99,"u":"3,20 €/L","img":"https://fd14-photos.leclercdrive.fr/image.ashx?id=2297804&use=l&cat=p&typeid=i","cat":298253},{"id":159953,"n":"Lait croissance GUIGOZ OPTIPRO  12M+ - 2x600g","p":13.1,"u":"10,92 €/KG","img":"https://fd14-photos.leclercdrive.fr/image.ashx?id=2811650&use=l&cat=p&typeid=i","cat":290219},{"id":159958,"n":"Huile moteur Tech 9 5W40 Diesel - 5L","p":23.5,"u":"4,70 €/L","img":"https://fd14-photos.leclercdrive.fr/image.ashx?id=2148782&use=l&cat=p&typeid=i","cat":298253},{"id":159959,"n":"Huile moteur Tech 9 5W40 Diesel - 2L","p":10.5,"u":"5,25 €/L","img":"https://fd14-photos.leclercdrive.fr/image.ashx?id=2162687&use=l&cat=p&typeid=i","cat":298253},{"id":159960,"n":"Huile moteur Tech 9 5W40 Essence - 2L","p":11.39,"u":"5,70 €/L","img":"https://fd14-photos.leclercdrive.fr/image.ashx?id=2162690&use=l&cat=p&typeid=i","cat":298253},{"id":159961,"n":"Huile moteur Tech 9 5W40 Essence - 5L","p":23.5,"u":"4,70 €/L","img":"https://fd14-photos.leclercdrive.fr/image.ashx?id=2148785&use=l&cat=p&typeid=i","cat":298253},{"id":159969,"n":"Huile moteur Tech 9 0W30 mixte - 5L","p":29.9,"u":"5,98 €/L","img":"https://fd14-photos.leclercdrive.fr/image.ashx?id=2162696&use=l&cat=p&typeid=i","cat":298253},{"id":159976,"n":"Repas Enfant Poulet Et Légumes  P'tite Recette - 2x200g","p":1.98,"u":"9,90 €/KG","img":"https://fd14-photos.leclercdrive.fr/image.ashx?id=2525723&use=l&cat=p&typeid=i","cat":312236},{"id":159980,"n":"Huile moteur Tech 9 10W40 Diesel - 5L","p":18.4,"u":"3,68 €/L","img":"https://fd14-photos.leclercdrive.fr/image.ashx?id=2148767&use=l&cat=p&typeid=i","cat":298253},{"id":159981,"n":"Huile moteur Tech 9 10W40 Diesel - 2L","p":8.75,"u":"4,38 €/L","img":"https://fd14-photos.leclercdrive.fr/image.ashx?id=2193818&use=l&cat=p&typeid=i","cat":298253},{"id":159982,"n":"Huile moteur Tech 9 10W40 Essence - 2L","p":8.9,"u":"4,45 €/L","img":"https://fd14-photos.leclercdrive.fr/image.ashx?id=2162663&use=l&cat=p&typeid=i","cat":298253},{"id":159985,"n":"Huile moteur Tech 9 10W40 Essence - 5L","p":18.4,"u":"3,68 €/L","img":"https://fd14-photos.leclercdrive.fr/image.ashx?id=2148770&use=l&cat=p&typeid=i","cat":298253},{"id":159986,"n":"Huile moteur Tech 9 15W40 Diesel - 2L","p":7.99,"u":"4,00 €/L","img":"https://fd14-photos.leclercdrive.fr/image.ashx?id=2162666&use=l&cat=p&typeid=i","cat":298253},{"id":159989,"n":"Huile moteur Tech 9 15W49 Diesel - 5L","p":15.75,"u":"3,15 €/L","img":"https://fd14-photos.leclercdrive.fr/image.ashx?id=2162672&use=l&cat=p&typeid=i","cat":298253},{"id":159990,"n":"Huile moteur Tech 9 15W40 Essence - 5L","p":15.75,"u":"3,15 €/L","img":"https://fd14-photos.leclercdrive.fr/image.ashx?id=2162675&use=l&cat=p&typeid=i","cat":298253},{"id":159992,"n":"Huile moteur Tech 9 5W30 C2 - 5L","p":28.49,"u":"5,70 €/L","img":"https://fd14-photos.leclercdrive.fr/image.ashx?id=2148773&use=l&cat=p&typeid=i","cat":298253},{"id":159993,"n":"Huile moteur Tech 9 5W30 C4 - 5L","p":34.59,"u":"6,92 €/L","img":"https://fd14-photos.leclercdrive.fr/image.ashx?id=2148779&use=l&cat=p&typeid=i","cat":298253},{"id":160008,"n":"Steak haché strié Bigard Pur Boeuf - 320g","p":5.2,"u":"16,25 €/KG","img":"https://fd14-photos.leclercdrive.fr/image.ashx?id=2208312&use=l&cat=p&typeid=i","cat":284332},{"id":160101,"n":"Yaourt brassé Perle de Lait Panaché - 8x125g","p":3.3,"u":"3,30 €/KG","img":"https://fd14-photos.leclercdrive.fr/image.ashx?id=2989222&use=l&cat=p&typeid=i","cat":286006},{"id":160106,"n":"Jus innocent  tutti frutti 1.5L","p":3.9,"u":"2,60 €/L","img":"https://fd14-photos.leclercdrive.fr/image.ashx?id=2907449&use=l&cat=p&typeid=i","cat":284354},{"id":160140,"n":"Dessert fruitier Andros Onctueux abricot - 4x97g","p":2.15,"u":"5,54 €/KG","img":"https://fd14-photos.leclercdrive.fr/image.ashx?id=2884009&use=l&cat=p&typeid=i","cat":284416},{"id":160141,"n":"Dessert fruitier Andros Fraise - oncteux - 4x97g","p":2.15,"u":"5,54 €/KG","img":"https://fd14-photos.leclercdrive.fr/image.ashx?id=2869125&use=l&cat=p&typeid=i","cat":284416},{"id":160145,"n":"Liegeois Andros Pomme/mangue/passion 4x100g","p":2.25,"u":"5,63 €/KG","img":"https://fd14-photos.leclercdrive.fr/image.ashx?id=2787269&use=l&cat=p&typeid=i","cat":285042},{"id":160147,"n":"Yaourt gourmand Mamie Nova Citron lemon curd - 2x150g","p":1.35,"u":"4,50 €/KG","img":"https://fd14-photos.leclercdrive.fr/image.ashx?id=2144638&use=l&cat=p&typeid=i","cat":284410},{"id":160392,"n":"Yaourt bifidus Activia vanille - 8x125g","p":3.1,"u":"3,10 €/KG","img":"https://fd14-photos.leclercdrive.fr/image.ashx?id=2291513&use=l&cat=p&typeid=i","cat":315000},{"id":160394,"n":"Yaourt à boire Actimel Nature - 6x100g","p":2.75,"u":"4,58 €/KG","img":"https://fd14-photos.leclercdrive.fr/image.ashx?id=2992723&use=l&cat=p&typeid=i","cat":284415},{"id":160428,"n":"Lessive liquide fraicheur Epsil 40 lavages - 2L","p":4.6,"u":"2,30 €/L","img":"https://fd14-photos.leclercdrive.fr/image.ashx?id=2602982&use=l&cat=p&typeid=i","cat":284640},{"id":160756,"n":"Papier Toilette Humide - Aloe Vera Lotus - x80","p":3.5,"u":"0,04 €/P","img":"https://fd14-photos.leclercdrive.fr/image.ashx?id=2842927&use=l&cat=p&typeid=i","cat":284634},{"id":160820,"n":"Mozza Sticks Pickers by McCain Batonnets de mozzarella - 230g","p":3.2,"u":"13,91 €/KG","img":"https://fd14-photos.leclercdrive.fr/image.ashx?id=2920021&use=l&cat=p&typeid=i","cat":319822},{"id":160821,"n":"Onion rings Pickers by McCain 350g","p":2.95,"u":"8,43 €/KG","img":"https://fd14-photos.leclercdrive.fr/image.ashx?id=2920024&use=l&cat=p&typeid=i","cat":319822},{"id":160822,"n":"Italian Pops Pickers by McCain Bouchées tomates mozza - 230g","p":3.2,"u":"13,91 €/KG","img":"https://fd14-photos.leclercdrive.fr/image.ashx?id=2911588&use=l&cat=p&typeid=i","cat":319822},{"id":160823,"n":"Nacho cheese Pickers by McCain Triangles fromage poivron 230g","p":3.1,"u":"13,48 €/KG","img":"https://fd14-photos.leclercdrive.fr/image.ashx?id=2752227&use=l&cat=p&typeid=i","cat":319822},{"id":160924,"n":"Portion de cheddar Les Délices d'Amélie - 200g","p":3.5,"u":"17,50 €/KG","img":"https://fd14-photos.leclercdrive.fr/image.ashx?id=2156632&use=l&cat=p&typeid=i","cat":314028},{"id":160992,"n":"Sandwich ciabatta Daunat Bacon Emmental - 200g","p":2.8,"u":"14,00 €/KG","img":"https://fd14-photos.leclercdrive.fr/image.ashx?id=2194993&use=l&cat=p&typeid=i","cat":333658},{"id":160993,"n":"Sandwich ciabatta Daunat Poulet rôti Gruyère IGP - 200g","p":2.8,"u":"14,00 €/KG","img":"https://fd14-photos.leclercdrive.fr/image.ashx?id=2194232&use=l&cat=p&typeid=i","cat":333658},{"id":161105,"n":"Morceaux de thon Petit Navire 2x112g","p":3.79,"u":"16,92 €/KG","img":"https://fd14-photos.leclercdrive.fr/image.ashx?id=2785130&use=l&cat=p&typeid=i","cat":303867},{"id":161123,"n":"Boisson aux fruits Jafun Fraise Framboise - 2L","p":2.12,"u":"1,06 €/L","img":"https://fd14-photos.leclercdrive.fr/image.ashx?id=2865287&use=l&cat=p&typeid=i","cat":295018},{"id":161126,"n":"Boisson aux fruits Jafun Multifruits - 2L","p":1.99,"u":"1,00 €/L","img":"https://fd14-photos.leclercdrive.fr/image.ashx?id=2366361&use=l&cat=p&typeid=i","cat":295018},{"id":161130,"n":"Boissons à base de fruit Jafun Pêche Abricot - 2L","p":1.99,"u":"1,00 €/L","img":"https://fd14-photos.leclercdrive.fr/image.ashx?id=2366364&use=l&cat=p&typeid=i","cat":295018},{"id":161131,"n":"Boisson à base de fruits Jafun Pomme Kiwi - 2L","p":2.6,"u":"1,30 €/L","img":"https://fd14-photos.leclercdrive.fr/image.ashx?id=2366370&use=l&cat=p&typeid=i","cat":295018},{"id":161432,"n":"Lessive liquide Briochin Peaux sensibles - 2,27L","p":8.25,"u":"3,63 €/L","img":"https://fd14-photos.leclercdrive.fr/image.ashx?id=3000770&use=l&cat=p&typeid=i","cat":284640},{"id":161434,"n":"Lessive détachante savon noir  50 lavages - 2,27L","p":7.8,"u":"3,44 €/L","img":"https://fd14-photos.leclercdrive.fr/image.ashx?id=3000767&use=l&cat=p&typeid=i","cat":284640},{"id":161437,"n":"Happy Cola Pik Haribo Sachet bonbons acidulés - 200g","p":1.85,"u":"9,25 €/KG","img":"https://fd14-photos.leclercdrive.fr/image.ashx?id=2984928&use=l&cat=p&typeid=i","cat":304250},{"id":161444,"n":"Déodorant Anti-Traces Grenade - Monsavon - x1","p":1.93,"img":"https://fd14-photos.leclercdrive.fr/image.ashx?id=2630847&use=l&cat=p&typeid=i","cat":284595},{"id":161709,"n":"Déodorant bille Men Expert Thermic Resist - 50ml","p":2.55,"u":"51,00 €/L","img":"https://fd14-photos.leclercdrive.fr/image.ashx?id=2300518&use=l&cat=p&typeid=i","cat":284618},{"id":161711,"n":"Riz Teriyaki Cereal bio  Repas express bio - 200g","p":2.5,"u":"12,50 €/KG","img":"https://fd14-photos.leclercdrive.fr/image.ashx?id=2574095&use=l&cat=p&typeid=i","cat":288992},{"id":161846,"n":"Sucre roux Tablier blanc En morceaux - 1kg","p":1.81,"u":"1,81 €/KG","img":"https://fd14-photos.leclercdrive.fr/image.ashx?id=2503281&use=l&cat=p&typeid=i","cat":284502},{"id":161848,"n":"Pâté de campagne Loussouarn 250g","p":4.3,"u":"17,20 €/KG","img":"https://fd14-photos.leclercdrive.fr/image.ashx?id=2171484&use=l&cat=p&typeid=i","cat":316008},{"id":161914,"n":"Boisson aux fruits Jafun Tropical light - 2L","p":1.39,"u":"0,70 €/L","img":"https://fd14-photos.leclercdrive.fr/image.ashx?id=2366379&use=l&cat=p&typeid=i","cat":295018},{"id":161915,"n":"Boisson tropical brick Jafun 6x20cl","p":2.19,"u":"1,83 €/L","img":"https://fd14-photos.leclercdrive.fr/image.ashx?id=3013645&use=l&cat=p&typeid=i","cat":295018},{"id":162161,"n":"Compotes Pom'Potes Gourdes  5 Fruits Rouges&Jaunes -12x90g","p":5.18,"u":"4,80 €/KG","img":"https://fd14-photos.leclercdrive.fr/image.ashx?id=3010945&use=l&cat=p&typeid=i","cat":284508},{"id":162163,"n":"Compotes Pom'Potes Gourdes  Pomme, Pomme Fraise - 12x90g","p":6.05,"u":"5,60 €/KG","img":"https://fd14-photos.leclercdrive.fr/image.ashx?id=3007927&use=l&cat=p&typeid=i","cat":284508},{"id":162164,"n":"Compotes Pom'Potes Gourdes 5 Fruits Exotiques&Vert -12x90g","p":5.6,"u":"5,19 €/KG","img":"https://fd14-photos.leclercdrive.fr/image.ashx?id=3010948&use=l&cat=p&typeid=i","cat":284508},{"id":162193,"n":"Pizza Dolce Sodebo Napoli  Mozza Poulet - 400g","p":4.2,"u":"10,50 €/KG","img":"https://fd14-photos.leclercdrive.fr/image.ashx?id=2865707&use=l&cat=p&typeid=i","cat":333679},{"id":162237,"n":"Sirop  La Maison Guiot Banane Kiwi -70cl","p":3.1,"u":"4,43 €/L","img":"https://fd14-photos.leclercdrive.fr/image.ashx?id=2857204&use=l&cat=p&typeid=i","cat":295020},{"id":162274,"n":"Sauce Crudités Benedicta  Nature légère - 295g","p":2.12,"u":"7,19 €/KG","img":"https://fd14-photos.leclercdrive.fr/image.ashx?id=2755206&use=l&cat=p&typeid=i","cat":284456},{"id":162275,"n":"Sauce Pita Heinz - 230g","p":2.27,"u":"9,87 €/KG","img":"https://fd14-photos.leclercdrive.fr/image.ashx?id=2973165&use=l&cat=p&typeid=i","cat":318431},{"id":162294,"n":"Préparation pour boisson Gerblé Cérécof - 125g","p":3.7,"u":"29,60 €/KG","img":"https://fd14-photos.leclercdrive.fr/image.ashx?id=2664109&use=l&cat=p&typeid=i","cat":284843},{"id":162358,"n":"Saucisson Mini Justin Bridou Bâton de Berger Noisette - 80g","p":2.6,"u":"32,50 €/KG","img":"https://fd14-photos.leclercdrive.fr/image.ashx?id=2165251&use=l&cat=p&typeid=i","cat":316006},{"id":162365,"n":"Eau minérale Plancoët 6x50cl","p":1.9,"u":"0,63 €/L","img":"https://fd14-photos.leclercdrive.fr/image.ashx?id=2553152&use=l&cat=p&typeid=i","cat":284535},{"id":162396,"n":"Sablés diététiques Gerblé Myrtille - 140g","p":2.25,"u":"16,07 €/KG","img":"https://fd14-photos.leclercdrive.fr/image.ashx?id=2662292&use=l&cat=p&typeid=i","cat":318651},{"id":162823,"n":"Bière blonde La Bête 8° - 6x25cl","p":8.03,"pp":5.3,"u":"3,53 €/L","img":"https://fd14-photos.leclercdrive.fr/image.ashx?id=3011245&use=l&cat=p&typeid=i","cat":334872},{"id":162851,"n":"Huile d'olive Costa d'Oro Vierge extra - 75cl","p":10.4,"u":"13,87 €/L","img":"https://fd14-photos.leclercdrive.fr/image.ashx?id=2948501&use=l&cat=p&typeid=i","cat":284453},{"id":163021,"n":"Biscuits Knoppers Lait / Noisettes - 6x25g","p":1.96,"u":"13,07 €/KG","img":"https://fd14-photos.leclercdrive.fr/image.ashx?id=2659151&use=l&cat=p&typeid=i","cat":284488},{"id":163126,"n":"Farine pizza Francine 1kg","p":1.6,"u":"1,60 €/KG","img":"https://fd14-photos.leclercdrive.fr/image.ashx?id=2173154&use=l&cat=p&typeid=i","cat":284503},{"id":163129,"n":"Petits pains grillés Krisprolls Complet - 425g","p":2.85,"u":"6,71 €/KG","img":"https://fd14-photos.leclercdrive.fr/image.ashx?id=2793716&use=l&cat=p&typeid=i","cat":284479},{"id":163130,"n":"Petits pains grillés Krisprolls Complet sans sucre ajoutés 425g","p":2.75,"u":"6,47 €/KG","img":"https://fd14-photos.leclercdrive.fr/image.ashx?id=2985558&use=l&cat=p&typeid=i","cat":284479},{"id":163143,"n":"Dragibus Soft Haribo Sachet bonbons - 300g","p":1.32,"u":"4,40 €/KG","img":"https://fd14-photos.leclercdrive.fr/image.ashx?id=2806123&use=l&cat=p&typeid=i","cat":304250},{"id":163147,"n":"Bonbons Haribo Dragolo - 750g","p":4.2,"u":"5,60 €/KG","img":"https://fd14-photos.leclercdrive.fr/image.ashx?id=2803586&use=l&cat=p&typeid=i","cat":304250},{"id":163162,"n":"Amandine aux poires La Laitière 4x85g","p":2.65,"u":"7,79 €/KG","img":"https://fd14-photos.leclercdrive.fr/image.ashx?id=2683640&use=l&cat=p&typeid=i","cat":284419},{"id":163185,"n":"Assiettes plates Homeside 23cm blanc sans film PE - x100","p":4.09,"u":"0,04 €/P","img":"https://fd14-photos.leclercdrive.fr/image.ashx?id=2177418&use=l&cat=p&typeid=i","cat":334134},{"id":163202,"n":"Feuillantine Comtoise Pierre Schmidt - 500g","p":6.3,"u":"12,60 €/KG","img":"https://fd14-photos.leclercdrive.fr/image.ashx?id=2473420&use=l&cat=p&typeid=i","cat":333680},{"id":163353,"n":"Verres à biere 35cl Homeside x12","p":1.9,"u":"0,16 €/P","img":"https://fd14-photos.leclercdrive.fr/image.ashx?id=2177358&use=l&cat=p&typeid=i","cat":334134},{"id":163354,"n":"Gobelets 20cl Eco+ Blanc - x50","p":1.26,"u":"0,03 €/P","img":"https://fd14-photos.leclercdrive.fr/image.ashx?id=2176608&use=l&cat=p&typeid=i","cat":334134},{"id":163413,"n":"Brossettes Efiseptyl Clean Expert 0.7mm - 1 pièce","p":3.9,"img":"https://fd14-photos.leclercdrive.fr/image.ashx?id=2928402&use=l&cat=p&typeid=i","cat":285159},{"id":163414,"n":"Brossettes Efiseptyl Clean Expert 0.9mm - 1 pièce","p":3.85,"img":"https://fd14-photos.leclercdrive.fr/image.ashx?id=2928405&use=l&cat=p&typeid=i","cat":285159},{"id":163420,"n":"Smarties Mini Bonbons Chocolats 21 boites - 315g","p":3.83,"u":"12,16 €/KG","img":"https://fd14-photos.leclercdrive.fr/image.ashx?id=2740862&use=l&cat=p&typeid=i","cat":304238},{"id":163434,"n":"Ampoule H1 + 50% de luminosité - x1","p":2.5,"img":"https://fd14-photos.leclercdrive.fr/image.ashx?id=2283570&use=l&cat=p&typeid=i","cat":300573},{"id":163435,"n":"Ampoules H7 + 50% de luminosité - x2","p":11.99,"u":"6,00 €/P","img":"https://fd14-photos.leclercdrive.fr/image.ashx?id=2283573&use=l&cat=p&typeid=i","cat":300573},{"id":163436,"n":"Ampoule H4 +50% de luminosité - x1","p":4.3,"img":"https://fd14-photos.leclercdrive.fr/image.ashx?id=2665883&use=l&cat=p&typeid=i","cat":300573},{"id":163437,"n":"Ampoule H7 + 50% de luminosité - x1","p":5.99,"img":"https://fd14-photos.leclercdrive.fr/image.ashx?id=2283610&use=l&cat=p&typeid=i","cat":300573},{"id":163476,"n":"Petit pot bébé Bledina 6 mois purée Carottes Choux fleurs","p":1.95,"u":"4,88 €/KG","img":"https://fd14-photos.leclercdrive.fr/image.ashx?id=2909509&use=l&cat=p&typeid=i","cat":312235},{"id":163498,"n":"Cheddar seriously strong 200g","p":3.8,"u":"19,00 €/KG","img":"https://fd14-photos.leclercdrive.fr/image.ashx?id=2629530&use=l&cat=p&typeid=i","cat":314028},{"id":163521,"n":"Petit pot bébé Blédina 4-6 mois Épinards - 2x130g","p":1.46,"u":"5,62 €/KG","img":"https://fd14-photos.leclercdrive.fr/image.ashx?id=2986167&use=l&cat=p&typeid=i","cat":312234},{"id":163529,"n":"Compote bébé Blédina 4-6 mois Pomme - 2x130g","p":1.31,"u":"5,04 €/KG","img":"https://fd14-photos.leclercdrive.fr/image.ashx?id=2911211&use=l&cat=p&typeid=i","cat":312387},{"id":163534,"n":"Isey Skyr Fraise - 400g","p":2.85,"u":"7,13 €/KG","img":"https://fd14-photos.leclercdrive.fr/image.ashx?id=2601193&use=l&cat=p&typeid=i","cat":315000},{"id":163541,"n":"Isey Skyr Stracciatella - 400g","p":2.45,"u":"6,13 €/KG","img":"https://fd14-photos.leclercdrive.fr/image.ashx?id=2598621&use=l&cat=p&typeid=i","cat":315000},{"id":163543,"n":"Isey Skyr Vanille - 400g","p":2.85,"u":"7,13 €/KG","img":"https://fd14-photos.leclercdrive.fr/image.ashx?id=2598609&use=l&cat=p&typeid=i","cat":315000},{"id":163613,"n":"Mozzarella fromage râpé  Les Croisés - 150g","p":1.39,"u":"9,27 €/KG","img":"https://fd14-photos.leclercdrive.fr/image.ashx?id=2178848&use=l&cat=p&typeid=i","cat":314035},{"id":163706,"n":"Poisson Pané Cabillaud MSC Façon Fish & Chips x4 - 400g","p":5.95,"u":"14,88 €/KG","img":"https://fd14-photos.leclercdrive.fr/image.ashx?id=2985351&use=l&cat=p&typeid=i","cat":319788},{"id":163709,"n":"Fromage à tartiner Madame Loïk Fouetté Nature - 460g","p":4.4,"u":"9,57 €/KG","img":"https://fd14-photos.leclercdrive.fr/image.ashx?id=2967801&use=l&cat=p&typeid=i","cat":314029},{"id":163774,"n":"Forêt Noire Bonne Maman - 2x100g","p":2.35,"u":"11,75 €/KG","img":"https://fd14-photos.leclercdrive.fr/image.ashx?id=2912320&use=l&cat=p&typeid=i","cat":284419},{"id":163972,"n":"Pur brebis Onetik Piment d'espelette - 180g","p":4.5,"u":"25,00 €/KG","img":"https://fd14-photos.leclercdrive.fr/image.ashx?id=2224913&use=l&cat=p&typeid=i","cat":314031},{"id":164367,"n":"Pizza Turini 4 fromages - 200g","p":1.31,"u":"6,55 €/KG","img":"https://fd14-photos.leclercdrive.fr/image.ashx?id=2839941&use=l&cat=p&typeid=i","cat":333679},{"id":164416,"n":"Concombre fromage blanc Menu Fraîcheur - 500g","p":2.49,"u":"4,98 €/KG","img":"https://fd14-photos.leclercdrive.fr/image.ashx?id=2901479&use=l&cat=p&typeid=i","cat":333657},{"id":164417,"n":"Macédoine de légumes Menu Fraîcheur - 500g","p":2.49,"u":"4,98 €/KG","img":"https://fd14-photos.leclercdrive.fr/image.ashx?id=2901482&use=l&cat=p&typeid=i","cat":333657},{"id":164537,"n":"Duo poivre sel Sainte Lucie 63g","p":1.8,"u":"28,57 €/KG","img":"https://fd14-photos.leclercdrive.fr/image.ashx?id=2775065&use=l&cat=p&typeid=i","cat":284457},{"id":164540,"n":"Bouquet garni Sainte Lucie 7.5g - lot de 3","p":2.35,"u":"335,71 €/KG","img":"https://fd14-photos.leclercdrive.fr/image.ashx?id=2774451&use=l&cat=p&typeid=i","cat":293607},{"id":164544,"n":"Colorants alimentaires Sainte L 30g","p":2.9,"u":"96,67 €/KG","img":"https://fd14-photos.leclercdrive.fr/image.ashx?id=2774319&use=l&cat=p&typeid=i","cat":284504},{"id":164547,"n":"Mélange pour paella Sainte Luci 55g","p":2.25,"u":"40,91 €/KG","img":"https://fd14-photos.leclercdrive.fr/image.ashx?id=2187763&use=l&cat=p&typeid=i","cat":298297},{"id":164548,"n":"Levure boulangère Sainte Lucie Traditionnelle - 40g","p":1.2,"u":"30,00 €/KG","img":"https://fd14-photos.leclercdrive.fr/image.ashx?id=2829949&use=l&cat=p&typeid=i","cat":284504},{"id":164550,"n":"Nappage caramel Sainte Lucie 200g","p":2.15,"u":"10,75 €/KG","img":"https://fd14-photos.leclercdrive.fr/image.ashx?id=2775709&use=l&cat=p&typeid=i","cat":284504},{"id":164551,"n":"Cannelle poudre Sainte Lucie 45g","p":2.2,"u":"48,89 €/KG","img":"https://fd14-photos.leclercdrive.fr/image.ashx?id=2972934&use=l&cat=p&typeid=i","cat":298297},{"id":164553,"n":"Ail semoule Sainte Lucie 100g","p":1.95,"u":"19,50 €/KG","img":"https://fd14-photos.leclercdrive.fr/image.ashx?id=2968160&use=l&cat=p&typeid=i","cat":298297},{"id":164554,"n":"Origan sèche Sainte Lucie 13g","p":1.65,"u":"126,92 €/KG","img":"https://fd14-photos.leclercdrive.fr/image.ashx?id=2975182&use=l&cat=p&typeid=i","cat":298297},{"id":164556,"n":"Chili poudre Sainte Lucie 45g","p":2.1,"u":"46,67 €/KG","img":"https://fd14-photos.leclercdrive.fr/image.ashx?id=2187739&use=l&cat=p&typeid=i","cat":298297},{"id":164557,"n":"Oignons frit Sainte Lucie 140g","p":4.15,"u":"29,64 €/KG","img":"https://fd14-photos.leclercdrive.fr/image.ashx?id=2187772&use=l&cat=p&typeid=i","cat":298297},{"id":164567,"n":"Eau nettoyante Cadum Bébé  Douceur - 750ml","p":3.32,"u":"4,43 €/L","img":"https://fd14-photos.leclercdrive.fr/image.ashx?id=2278451&use=l&cat=p&typeid=i","cat":284741},{"id":164569,"n":"Gel nettoyant Cadum Bébé  Corps et Cheveux - 750ml","p":3.32,"u":"4,43 €/L","img":"https://fd14-photos.leclercdrive.fr/image.ashx?id=2377799&use=l&cat=p&typeid=i","cat":284740},{"id":164570,"n":"Gel Douche Sans Savon Cadum Huile d'Amandes Douces - 750ml","p":3.23,"u":"4,31 €/L","img":"https://fd14-photos.leclercdrive.fr/image.ashx?id=2352870&use=l&cat=p&typeid=i","cat":284594},{"id":164583,"n":"Gel Lavant enfant Cadum Corps & cheveux - 750ml","p":4.25,"u":"5,67 €/L","img":"https://fd14-photos.leclercdrive.fr/image.ashx?id=2839496&use=l&cat=p&typeid=i","cat":284594},{"id":164584,"n":"Crème Douche surgras Cadum Beurre de Karité - 750ml","p":3.23,"u":"4,31 €/L","img":"https://fd14-photos.leclercdrive.fr/image.ashx?id=2395020&use=l&cat=p&typeid=i","cat":284594},{"id":164598,"n":"40 sacs congélation Alfapac avec lien Moyen modèle","p":2.25,"u":"0,06 €/P","img":"https://fd14-photos.leclercdrive.fr/image.ashx?id=2918700&use=l&cat=p&typeid=i","cat":334134},{"id":164602,"n":"Lessive liquide fraîcheur ECO+ 40 lavages - 2L","p":2.16,"u":"1,08 €/L","img":"https://fd14-photos.leclercdrive.fr/image.ashx?id=2597988&use=l&cat=p&typeid=i","cat":284640},{"id":164603,"n":"Lessive liquide fleurie Epsil 25 lavages - 1,25L","p":3.91,"u":"3,13 €/L","img":"https://fd14-photos.leclercdrive.fr/image.ashx?id=2603000&use=l&cat=p&typeid=i","cat":284640},{"id":164607,"n":"Blended whisky Eco+ 40% - 70cl","p":10.97,"u":"15,67 €/L","img":"https://fd14-photos.leclercdrive.fr/image.ashx?id=2907150&use=l&cat=p&typeid=i","cat":284547},{"id":164640,"n":"Granulés de bois Din+ - 15kg Il était une fois dans l'ouest","p":4.89,"u":"0,33 €/KG","img":"https://fd14-photos.leclercdrive.fr/image.ashx?id=2192712&use=l&cat=p&typeid=i","cat":300577},{"id":164652,"n":"Lentilles vertes bio Jardin Bio Etic - 400g","p":2.94,"u":"7,35 €/KG","img":"https://fd14-photos.leclercdrive.fr/image.ashx?id=2748515&use=l&cat=p&typeid=i","cat":284430},{"id":164654,"n":"Pâte à tartiner bio Jardin Bio Chocolat noisette - 350g","p":5.4,"u":"15,43 €/KG","img":"https://fd14-photos.leclercdrive.fr/image.ashx?id=2918304&use=l&cat=p&typeid=i","cat":284481},{"id":164656,"n":"Jus de Citron Jardin Bio Etic bio -1L","p":6.27,"u":"6,27 €/L","img":"https://fd14-photos.leclercdrive.fr/image.ashx?id=3002102&use=l&cat=p&typeid=i","cat":288383},{"id":164869,"n":"Raclette nature pasteurisée L'Atelier Fromagerie - 250g","p":3.39,"u":"13,56 €/KG","img":"https://fd14-photos.leclercdrive.fr/image.ashx?id=2856362&use=l&cat=p&typeid=i","cat":314036},{"id":165062,"n":"Gel Lubrifiant Intime Cherry Arome Cerise Durex 100ml","p":8.99,"u":"89,90 €/L","img":"https://fd14-photos.leclercdrive.fr/image.ashx?id=2960696&use=l&cat=p&typeid=i","cat":285160},{"id":165063,"n":"Gel Lubrifiant Intime Hot Durex Effet Chauffant Base Eau 100ml","p":9.3,"u":"93,00 €/L","img":"https://fd14-photos.leclercdrive.fr/image.ashx?id=2785487&use=l&cat=p&typeid=i","cat":285160},{"id":165199,"n":"Pate à tartiner Bonne Maman Noisette et cacao - 360g","p":3.65,"u":"10,14 €/KG","img":"https://fd14-photos.leclercdrive.fr/image.ashx?id=2891106&use=l&cat=p&typeid=i","cat":284481},{"id":165605,"n":"Tenders de poulet Coté Croc  - 600g","p":6.23,"u":"10,38 €/KG","img":"https://fd14-photos.leclercdrive.fr/image.ashx?id=2974819&use=l&cat=p&typeid=i","cat":319780},{"id":165655,"n":"Diffuseur Glade Aromatherapy Lavandin & Santal - 17.5ml","p":19.25,"u":"Dont 0,02 € d'éco-part.","img":"https://fd14-photos.leclercdrive.fr/image.ashx?id=2498446&use=l&cat=p&typeid=i","cat":311629},{"id":165661,"n":"Brosse à dent Dentamyl Tête rechargeable souple - x1","p":1.17,"img":"https://fd14-photos.leclercdrive.fr/image.ashx?id=2791006&use=l&cat=p&typeid=i","cat":284614},{"id":165669,"n":"Tête de recharge Dentamyl Brosse à dent souple - x3","p":1.0,"u":"0,33 €/P","img":"https://fd14-photos.leclercdrive.fr/image.ashx?id=2791015&use=l&cat=p&typeid=i","cat":284614},{"id":165670,"n":"Tête de recharge Dentamyl Brosse à dent médium - x3","p":1.0,"u":"0,33 €/P","img":"https://fd14-photos.leclercdrive.fr/image.ashx?id=2791018&use=l&cat=p&typeid=i","cat":284614},{"id":165671,"n":"Tête de recharge Dentamyl Brosse à dent dure - x3","p":1.0,"u":"0,33 €/P","img":"https://fd14-photos.leclercdrive.fr/image.ashx?id=2791021&use=l&cat=p&typeid=i","cat":284614},{"id":165699,"n":"Chocolats à la liqueur Abtey Extra fins x17 - 240g","p":5.95,"u":"24,79 €/KG","img":"https://fd14-photos.leclercdrive.fr/image.ashx?id=2870263&use=l&cat=p&typeid=i","cat":327601},{"id":165700,"n":"Chocolats à la liqueur Abtey Poire Williams x11 - 240g","p":5.95,"u":"24,79 €/KG","img":"https://fd14-photos.leclercdrive.fr/image.ashx?id=2870266&use=l&cat=p&typeid=i","cat":327601},{"id":165704,"n":"Tablette de chocolat au lait Rohan Ourson - 100g","p":2.65,"u":"26,50 €/KG","img":"https://fd14-photos.leclercdrive.fr/image.ashx?id=2198654&use=l&cat=p&typeid=i","cat":327592},{"id":165705,"n":"Tablette de chocolat au lait Rohan bonhomme de neige - 100g","p":2.4,"u":"24,00 €/KG","img":"https://fd14-photos.leclercdrive.fr/image.ashx?id=2198657&use=l&cat=p&typeid=i","cat":327592},{"id":165769,"n":"After Eight Chocolat Noël Saveur fraise - 400g","p":6.2,"u":"15,50 €/KG","img":"https://fd14-photos.leclercdrive.fr/image.ashx?id=2451489&use=l&cat=p&typeid=i","cat":327595},{"id":165801,"n":"Sauce bolognaise Eco+ 420g","p":0.99,"u":"2,36 €/KG","img":"https://fd14-photos.leclercdrive.fr/image.ashx?id=2634845&use=l&cat=p&typeid=i","cat":287599},{"id":166244,"n":"After Eight Chocolat Noël Saveur mojito - 400g","p":6.2,"u":"15,50 €/KG","img":"https://fd14-photos.leclercdrive.fr/image.ashx?id=2908327&use=l&cat=p&typeid=i","cat":327595},{"id":166299,"n":"Filet de colin d'Alaska Findus MSC x4 - 400g","p":4.45,"u":"11,13 €/KG","img":"https://fd14-photos.leclercdrive.fr/image.ashx?id=2735323&use=l&cat=p&typeid=i","cat":319786},{"id":166403,"n":"Lessive eco-recharge Uni Vert Aloe x30 lavages - 1.05L","p":4.12,"u":"3,92 €/L","img":"https://fd14-photos.leclercdrive.fr/image.ashx?id=2669780&use=l&cat=p&typeid=i","cat":284640},{"id":166404,"n":"Lessive eco-recharge Uni Vert  Aloe Vera x42 lavages - 1.5L","p":5.91,"u":"3,94 €/L","img":"https://fd14-photos.leclercdrive.fr/image.ashx?id=2838954&use=l&cat=p&typeid=i","cat":284640},{"id":166457,"n":"Masque reconstructeur Elsève Full Resist - 680ml","p":10.45,"u":"15,37 €/L","img":"https://fd14-photos.leclercdrive.fr/image.ashx?id=2520491&use=l&cat=p&typeid=i","cat":284608},{"id":166460,"n":"Shampoing solide Ultra Doux Cheveux fragiles à secs - 60g","p":4.39,"u":"73,17 €/KG","img":"https://fd14-photos.leclercdrive.fr/image.ashx?id=2647095&use=l&cat=p&typeid=i","cat":284606},{"id":166598,"n":"Sauce spaghetti bio Jardin Bio 510g","p":3.37,"u":"6,61 €/KG","img":"https://fd14-photos.leclercdrive.fr/image.ashx?id=2811164&use=l&cat=p&typeid=i","cat":288384},{"id":166601,"n":"Compote bio Jardin Bio Pomme banane - 680g","p":3.5,"u":"5,15 €/KG","img":"https://fd14-photos.leclercdrive.fr/image.ashx?id=2918307&use=l&cat=p&typeid=i","cat":284508},{"id":166674,"n":"Confiture Douceur du Verger Fraise - 750g","p":2.15,"u":"2,87 €/KG","img":"https://fd14-photos.leclercdrive.fr/image.ashx?id=2965545&use=l&cat=p&typeid=i","cat":284480},{"id":166675,"n":"Confiture Douceur du Verger Abricot - 370g","p":1.27,"u":"3,43 €/KG","img":"https://fd14-photos.leclercdrive.fr/image.ashx?id=2965569&use=l&cat=p&typeid=i","cat":284480},{"id":166686,"n":"Yaourt protéiné Hipro  Coco 0%mg - 2x160g","p":2.15,"u":"6,72 €/KG","img":"https://fd14-photos.leclercdrive.fr/image.ashx?id=2807423&use=l&cat=p&typeid=i","cat":315000},{"id":166687,"n":"Yaourt protéiné Hipro 0%mg  Banane beurre cacahuète -2x160g","p":2.15,"u":"6,72 €/KG","img":"https://fd14-photos.leclercdrive.fr/image.ashx?id=2807426&use=l&cat=p&typeid=i","cat":315000},{"id":166694,"n":"IGP Bloc de foie gras Larnaudie Au champagne - 320g","p":27.95,"u":"87,34 €/KG","img":"https://fd14-photos.leclercdrive.fr/image.ashx?id=2915829&use=l&cat=p&typeid=i","cat":316008},{"id":166753,"n":"Apéritif Apérol Spritz 12.5% vol - 1L","p":14.5,"u":"14,50 €/L","img":"https://fd14-photos.leclercdrive.fr/image.ashx?id=2957287&use=l&cat=p&typeid=i","cat":286032},{"id":166756,"n":"Blanc de poulet Fleury Michon Sans nitrite x4 - 130g","p":1.95,"u":"15,00 €/KG","img":"https://fd14-photos.leclercdrive.fr/image.ashx?id=2954833&use=l&cat=p&typeid=i","cat":316010},{"id":166757,"n":"Filet de poulet rôti Fleury Michon sans nitrite x6 - 160g","p":2.75,"u":"17,19 €/KG","img":"https://fd14-photos.leclercdrive.fr/image.ashx?id=2954830&use=l&cat=p&typeid=i","cat":316010},{"id":166759,"n":"Filet poulet rôti Fleury Michon  sans nitrite x4 - 116g","p":2.15,"u":"18,53 €/KG","img":"https://fd14-photos.leclercdrive.fr/image.ashx?id=2955173&use=l&cat=p&typeid=i","cat":316010},{"id":166828,"n":"Blanc de poulet Fleury Michon Sans nitrite x6 - 195g","p":2.95,"u":"15,13 €/KG","img":"https://fd14-photos.leclercdrive.fr/image.ashx?id=2962848&use=l&cat=p&typeid=i","cat":316010},{"id":166831,"n":"Mini batonnet surimi Pêche MSC Océan Avec mayonnaise - 210g","p":1.9,"u":"9,05 €/KG","img":"https://fd14-photos.leclercdrive.fr/image.ashx?id=2212039&use=l&cat=p&typeid=i","cat":285189},{"id":166839,"n":"Fruits de mer Hamlet Chocolat praliné - 250g","p":6.89,"pp":4.55,"u":"18,20 €/KG","img":"https://fd14-photos.leclercdrive.fr/image.ashx?id=2753247&use=l&cat=p&typeid=i","cat":327595},{"id":166940,"n":"Glace Mystère Nestlé Crème brulée - 4x77g","p":4.6,"u":"14,94 €/KG","img":"https://fd14-photos.leclercdrive.fr/image.ashx?id=2878399&use=l&cat=p&typeid=i","cat":284266},{"id":167011,"n":"Pur jus de clémentine Jafaden 90cl","p":2.15,"u":"2,39 €/L","img":"https://fd14-photos.leclercdrive.fr/image.ashx?id=2723162&use=l&cat=p&typeid=i","cat":285435},{"id":167143,"n":"Nocciolato minis Novi 130g","p":4.95,"u":"38,08 €/KG","img":"https://fd14-photos.leclercdrive.fr/image.ashx?id=2615176&use=l&cat=p&typeid=i","cat":327595},{"id":167177,"n":"Praliné crème The belgian 200g","p":7.49,"pp":4.94,"u":"24,70 €/KG","img":"https://fd14-photos.leclercdrive.fr/image.ashx?id=2214141&use=l&cat=p&typeid=i","cat":327595},{"id":167178,"n":"Praliné tiramisu The belgian 200g","p":7.49,"pp":4.94,"u":"24,70 €/KG","img":"https://fd14-photos.leclercdrive.fr/image.ashx?id=2214144&use=l&cat=p&typeid=i","cat":327595},{"id":167181,"n":"Truffles caramel The belgian Truffles caramel - 200g","p":3.95,"u":"19,75 €/KG","img":"https://fd14-photos.leclercdrive.fr/image.ashx?id=2214147&use=l&cat=p&typeid=i","cat":327600},{"id":167238,"n":"Escargots noir et lait Revillon Papillotes Noir Lait - 370g","p":10.15,"u":"27,43 €/KG","img":"https://fd14-photos.leclercdrive.fr/image.ashx?id=2661205&use=l&cat=p&typeid=i","cat":327597},{"id":167239,"n":"Festif Truffes Revillon Noir 70% - 370g","p":10.25,"u":"27,70 €/KG","img":"https://fd14-photos.leclercdrive.fr/image.ashx?id=2661199&use=l&cat=p&typeid=i","cat":327597},{"id":167240,"n":"Festif rochers Revillon Noir 70% & lait - 370g","p":10.45,"u":"28,24 €/KG","img":"https://fd14-photos.leclercdrive.fr/image.ashx?id=2661661&use=l&cat=p&typeid=i","cat":327597},{"id":167241,"n":"Festif Malakoffs Revillon Noir 70% & lait - 370g","p":10.9,"u":"29,46 €/KG","img":"https://fd14-photos.leclercdrive.fr/image.ashx?id=2661202&use=l&cat=p&typeid=i","cat":327597},{"id":167242,"n":"Nougats noir et lait  Revillon Noir 70% & lait - 300g","p":10.35,"u":"34,50 €/KG","img":"https://fd14-photos.leclercdrive.fr/image.ashx?id=2661658&use=l&cat=p&typeid=i","cat":327597},{"id":167243,"n":"Papillotes Révillon Noir 70% Féerique- 360g","p":10.55,"u":"29,31 €/KG","img":"https://fd14-photos.leclercdrive.fr/image.ashx?id=2863272&use=l&cat=p&typeid=i","cat":327597},{"id":167244,"n":"Papillotes Revillon Lait   Féerique - 360g","p":10.55,"u":"29,31 €/KG","img":"https://fd14-photos.leclercdrive.fr/image.ashx?id=2863269&use=l&cat=p&typeid=i","cat":327597},{"id":167245,"n":"Papillotes Révillon Blanc Féerique - 360g","p":9.95,"u":"27,64 €/KG","img":"https://fd14-photos.leclercdrive.fr/image.ashx?id=2409124&use=l&cat=p&typeid=i","cat":327597},{"id":167246,"n":"Papillotes Revillon Noir Lait Féerique - 360g","p":9.95,"u":"27,64 €/KG","img":"https://fd14-photos.leclercdrive.fr/image.ashx?id=2863275&use=l&cat=p&typeid=i","cat":327597},{"id":167247,"n":"Papillotes Révillon Lait et Blanc - 360g","p":9.95,"u":"27,64 €/KG","img":"https://fd14-photos.leclercdrive.fr/image.ashx?id=2863278&use=l&cat=p&typeid=i","cat":327597},{"id":167248,"n":"Papillote Révillon Noir Lait et Blanc Féerique - 360g","p":10.25,"u":"28,47 €/KG","img":"https://fd14-photos.leclercdrive.fr/image.ashx?id=2863121&use=l&cat=p&typeid=i","cat":327597},{"id":167306,"n":"Soupe Déshydratée Oignon KNORR 4 portions - 94g","p":1.35,"u":"14,36 €/KG","img":"https://fd14-photos.leclercdrive.fr/image.ashx?id=2780088&use=l&cat=p&typeid=i","cat":284463},{"id":167362,"n":"Chips Tuiles Pringles Sel et Vinaigre - 165g","p":2.34,"u":"14,18 €/KG","img":"https://fd14-photos.leclercdrive.fr/image.ashx?id=2661742&use=l&cat=p&typeid=i","cat":287899},{"id":167389,"n":"Pur jus d'orange Jafaden Sans pulpe - 90cl","p":2.15,"u":"2,39 €/L","img":"https://fd14-photos.leclercdrive.fr/image.ashx?id=2723159&use=l&cat=p&typeid=i","cat":285435},{"id":167390,"n":"Pur jus de pamplemousse Jafaden Avec pulpe - 90cl","p":1.88,"u":"2,09 €/L","img":"https://fd14-photos.leclercdrive.fr/image.ashx?id=2819639&use=l&cat=p&typeid=i","cat":285435},{"id":167391,"n":"Jus de pomme Jafaden 90cl","p":1.91,"u":"2,12 €/L","img":"https://fd14-photos.leclercdrive.fr/image.ashx?id=2723171&use=l&cat=p&typeid=i","cat":285435},{"id":167397,"n":"Pur jus d'orange Jafaden Avec pulpe - 90cl","p":2.21,"u":"2,46 €/L","img":"https://fd14-photos.leclercdrive.fr/image.ashx?id=2723156&use=l&cat=p&typeid=i","cat":285435},{"id":167399,"n":"Mini cheese burgers Côté Croc x10 - 155g","p":6.29,"u":"40,58 €/KG","img":"https://fd14-photos.leclercdrive.fr/image.ashx?id=2898266&use=l&cat=p&typeid=i","cat":319774},{"id":167416,"n":"Gel douche Le Petit Marseillais Noix de coco - 250ml","p":1.65,"u":"6,60 €/L","img":"https://fd14-photos.leclercdrive.fr/image.ashx?id=2681856&use=l&cat=p&typeid=i","cat":284594},{"id":167420,"n":"Compote bébé Blédina 6 mois  Pomme mangue - 4x130g","p":2.98,"u":"5,73 €/KG","img":"https://fd14-photos.leclercdrive.fr/image.ashx?id=2901656&use=l&cat=p&typeid=i","cat":312387},{"id":167421,"n":"Shampooing Le Petit Marseillais Calendula & Argan bio - 250ml","p":2.15,"u":"8,60 €/L","img":"https://fd14-photos.leclercdrive.fr/image.ashx?id=2328118&use=l&cat=p&typeid=i","cat":284606},{"id":167494,"n":"Choucroute IGP garnie d'Alsace Stoeffler - 700g","p":6.7,"u":"9,57 €/KG","img":"https://fd14-photos.leclercdrive.fr/image.ashx?id=2574110&use=l&cat=p&typeid=i","cat":333666},{"id":167529,"n":"Lait bébé en poudre Gallia Calisma 1er âge 0-6 mois 830g","p":15.45,"u":"18,61 €/KG","img":"https://fd14-photos.leclercdrive.fr/image.ashx?id=2456201&use=l&cat=p&typeid=i","cat":284726},{"id":167530,"n":"Lait bébé en poudre Gallia Calisma 2e âge 6-12 mois 830g","p":14.96,"u":"18,02 €/KG","img":"https://fd14-photos.leclercdrive.fr/image.ashx?id=2479730&use=l&cat=p&typeid=i","cat":284727},{"id":167531,"n":"Lait bébé poudre Gallia Relais Calisma  1er âge 0-6 mois 830g","p":18.52,"u":"22,31 €/KG","img":"https://fd14-photos.leclercdrive.fr/image.ashx?id=2462460&use=l&cat=p&typeid=i","cat":284726},{"id":167532,"n":"Lait bébé poudre Gallia Relais Calisma 2e âge 6-12 mois 830g","p":17.6,"u":"21,20 €/KG","img":"https://fd14-photos.leclercdrive.fr/image.ashx?id=2911217&use=l&cat=p&typeid=i","cat":284727},{"id":167533,"n":"Tagliatelle Lustucru Selection  360g","p":1.5,"u":"4,17 €/KG","img":"https://fd14-photos.leclercdrive.fr/image.ashx?id=2885351&use=l&cat=p&typeid=i","cat":333682},{"id":167534,"n":"Tagliatelle Lustucru Selection  Maxi 600g","p":2.45,"u":"4,08 €/KG","img":"https://fd14-photos.leclercdrive.fr/image.ashx?id=2792399&use=l&cat=p&typeid=i","cat":333682},{"id":167535,"n":"Fettucini Lustucru Selection  350g","p":1.7,"u":"4,86 €/KG","img":"https://fd14-photos.leclercdrive.fr/image.ashx?id=2792402&use=l&cat=p&typeid=i","cat":333682},{"id":167549,"n":"Découpe de canard  La Nouvelle Agriculture - 200g","p":6.7,"u":"33,50 €/KG","img":"https://fd14-photos.leclercdrive.fr/image.ashx?id=2364285&use=l&cat=p&typeid=i","cat":284339},{"id":167600,"n":"Comté Le Montarlier Président Affiné 12 mois - 200g","p":4.75,"u":"23,75 €/KG","img":"https://fd14-photos.leclercdrive.fr/image.ashx?id=2623753&use=l&cat=p&typeid=i","cat":314034},{"id":167601,"n":"Matière grasse à tartiner  Primevère demi-sel - 250g","p":1.8,"u":"7,20 €/KG","img":"https://fd14-photos.leclercdrive.fr/image.ashx?id=2939322&use=l&cat=p&typeid=i","cat":315229},{"id":167713,"n":"Sésame Doré 100g","p":2.45,"u":"24,50 €/KG","img":"https://fd14-photos.leclercdrive.fr/image.ashx?id=2963025&use=l&cat=p&typeid=i","cat":298297},{"id":168065,"n":"Eau aromatisée Cristaline Citron - 1.5L","p":0.5,"u":"0,33 €/L","img":"https://fd14-photos.leclercdrive.fr/image.ashx?id=2817542&use=l&cat=p&typeid=i","cat":284537},{"id":168076,"n":"Pavé de biche façon Chimichurri Saveurs Forestières - 2x125g","p":6.85,"u":"27,40 €/KG","img":"https://fd14-photos.leclercdrive.fr/image.ashx?id=2223737&use=l&cat=p&typeid=i","cat":287008},{"id":168078,"n":"Foie gras de canard Les Eleveurs de l'Ouest - 250g","p":18.95,"u":"75,80 €/KG","img":"https://fd14-photos.leclercdrive.fr/image.ashx?id=2923909&use=l&cat=p&typeid=i","cat":316008},{"id":168080,"n":"Foie gras de canard Les Eleveurs de l'Ouest - 180g","p":15.5,"u":"86,11 €/KG","img":"https://fd14-photos.leclercdrive.fr/image.ashx?id=2923912&use=l&cat=p&typeid=i","cat":316008},{"id":168083,"n":"Foie gras 100% morceau Les Eleveurs de l'Ouest - 200g","p":18.95,"u":"94,75 €/KG","img":"https://fd14-photos.leclercdrive.fr/image.ashx?id=2827575&use=l&cat=p&typeid=i","cat":316008},{"id":168093,"n":"Bière aromatisée GrimbergenRoug Rouge 5,5° - 12x25cl","p":9.9,"u":"3,30 €/L","img":"https://fd14-photos.leclercdrive.fr/image.ashx?id=2873324&use=l&cat=p&typeid=i","cat":334878},{"id":168108,"n":"Foie gras de canard au torchon Les Eleveurs de l'Ouest - 230g","p":21.9,"u":"95,22 €/KG","img":"https://fd14-photos.leclercdrive.fr/image.ashx?id=2923915&use=l&cat=p&typeid=i","cat":316008},{"id":168151,"n":"Biscuit bébé Blédina 15 mois  Céréales pépites chocolat -168g","p":2.7,"u":"16,07 €/KG","img":"https://fd14-photos.leclercdrive.fr/image.ashx?id=2892421&use=l&cat=p&typeid=i","cat":312227},{"id":168154,"n":"Repas bébé Blédichef 12 mois Pdt céleri saumon -230g","p":2.19,"u":"9,52 €/KG","img":"https://fd14-photos.leclercdrive.fr/image.ashx?id=2223238&use=l&cat=p&typeid=i","cat":312237},{"id":168205,"n":"Foie gras de canard Jean Larnaudie - 170g","p":25.95,"pp":17.13,"u":"100,76 €/KG","img":"https://fd14-photos.leclercdrive.fr/image.ashx?id=2915823&use=l&cat=p&typeid=i","cat":316008},{"id":168301,"n":"Skyr Yoplait  Nature 0%Mg - 850g","p":3.2,"u":"3,76 €/KG","img":"https://fd14-photos.leclercdrive.fr/image.ashx?id=2884444&use=l&cat=p&typeid=i","cat":315000},{"id":168372,"n":"Mascara L'Oréal Paris Volume  Millions de cils baume Noir","p":14.9,"pp":9.83,"img":"https://fd14-photos.leclercdrive.fr/image.ashx?id=2418420&use=l&cat=p&typeid=i","cat":287029},{"id":168576,"n":"Liégeois au café Andros  Au lait d'amande - 4x90g","p":2.6,"u":"7,22 €/KG","img":"https://fd14-photos.leclercdrive.fr/image.ashx?id=2871994&use=l&cat=p&typeid=i","cat":316071},{"id":168656,"n":"Schoko-bons white Kinder Chocolat - 300g","p":6.65,"u":"22,17 €/KG","img":"https://fd14-photos.leclercdrive.fr/image.ashx?id=2918071&use=l&cat=p&typeid=i","cat":327592},{"id":168725,"n":"Riz au lait La Laitière Nature - 4x115g","p":1.75,"u":"3,80 €/KG","img":"https://fd14-photos.leclercdrive.fr/image.ashx?id=2642201&use=l&cat=p&typeid=i","cat":284418},{"id":168751,"n":"Foie gras de canard entier Douce Foie - 500g","p":43.5,"u":"87,00 €/KG","img":"https://fd14-photos.leclercdrive.fr/image.ashx?id=2278625&use=l&cat=p&typeid=i","cat":316008},{"id":168990,"n":"Burgers Eco+ x10 - 1kg","p":6.53,"u":"6,53 €/KG","img":"https://fd14-photos.leclercdrive.fr/image.ashx?id=2966523&use=l&cat=p&typeid=i","cat":319778},{"id":168992,"n":"Nuggets de volaille Eco+ 500g","p":2.18,"u":"4,36 €/KG","img":"https://fd14-photos.leclercdrive.fr/image.ashx?id=2965795&use=l&cat=p&typeid=i","cat":319780},{"id":168993,"n":"Viande hachée Eco+  800g","p":8.41,"u":"10,51 €/KG","img":"https://fd14-photos.leclercdrive.fr/image.ashx?id=2966526&use=l&cat=p&typeid=i","cat":319779},{"id":168994,"n":"Yaourt Enfant Petits Filous Tubs Aromatisés - x15","p":2.95,"u":"5,32 €/KG","img":"https://fd14-photos.leclercdrive.fr/image.ashx?id=2811038&use=l&cat=p&typeid=i","cat":284415},{"id":168995,"n":"Yaourt brassé Perle de Lait Vanille - 4x125g","p":1.95,"u":"3,90 €/KG","img":"https://fd14-photos.leclercdrive.fr/image.ashx?id=2939715&use=l&cat=p&typeid=i","cat":314999},{"id":169003,"n":"Yaourt brassé Perle de Lait Nature - 4x125g","p":1.85,"u":"3,70 €/KG","img":"https://fd14-photos.leclercdrive.fr/image.ashx?id=2939706&use=l&cat=p&typeid=i","cat":314999},{"id":169006,"n":"Cocktail de fruits de mer Eco+ Précuit - 500g","p":3.74,"u":"7,48 €/KG","img":"https://fd14-photos.leclercdrive.fr/image.ashx?id=2800219&use=l&cat=p&typeid=i","cat":319787},{"id":169057,"n":"Pizza Margherita Eco+ x3 - 900g","p":2.67,"u":"2,97 €/KG","img":"https://fd14-photos.leclercdrive.fr/image.ashx?id=2626778&use=l&cat=p&typeid=i","cat":284256},{"id":169069,"n":"Tranches saveur Emmental  Violife 100% végan - 200g","p":2.45,"u":"12,25 €/KG","img":"https://fd14-photos.leclercdrive.fr/image.ashx?id=2687089&use=l&cat=p&typeid=i","cat":316070},{"id":169072,"n":"Yaourt brassé Perle de Lait Citron  - 4x125g","p":1.95,"u":"4,06 €/P","img":"https://fd14-photos.leclercdrive.fr/image.ashx?id=2939712&use=l&cat=p&typeid=i","cat":314999},{"id":169216,"n":"Yaourt brassé Perle de Lait Coco - 4x125g","p":1.95,"u":"3,90 €/KG","img":"https://fd14-photos.leclercdrive.fr/image.ashx?id=2939709&use=l&cat=p&typeid=i","cat":286006},{"id":169218,"n":"Yaourt brassé Perle de Lait Nature - 8x125g","p":3.25,"u":"3,25 €/KG","img":"https://fd14-photos.leclercdrive.fr/image.ashx?id=2989225&use=l&cat=p&typeid=i","cat":284409},{"id":169297,"n":"Soupe Velouté de Poireaux Knorr - 1L","p":2.8,"u":"2,80 €/L","img":"https://fd14-photos.leclercdrive.fr/image.ashx?id=2395814&use=l&cat=p&typeid=i","cat":284462},{"id":169298,"n":"Velouté Carottes Française Knorr - 1L","p":2.59,"u":"2,59 €/L","img":"https://fd14-photos.leclercdrive.fr/image.ashx?id=2395811&use=l&cat=p&typeid=i","cat":284463},{"id":169353,"n":"Pâte feuilletée Herta Tarte en Or - 230g","p":0.98,"u":"4,26 €/KG","img":"https://fd14-photos.leclercdrive.fr/image.ashx?id=2918658&use=l&cat=p&typeid=i","cat":333681},{"id":169354,"n":"Pâte brisée Herta Tarte en Or - 230g","p":1.05,"u":"4,57 €/KG","img":"https://fd14-photos.leclercdrive.fr/image.ashx?id=2739189&use=l&cat=p&typeid=i","cat":333681},{"id":169365,"n":"Pâte feuilletée rectangulaire  Herta Tarte en Or - 230g","p":1.25,"u":"5,43 €/KG","img":"https://fd14-photos.leclercdrive.fr/image.ashx?id=2721697&use=l&cat=p&typeid=i","cat":333681},{"id":169367,"n":"Pâte feuilletée Herta Tarte en Or -30%MG - 230g","p":1.3,"u":"5,65 €/KG","img":"https://fd14-photos.leclercdrive.fr/image.ashx?id=2814524&use=l&cat=p&typeid=i","cat":333681},{"id":169429,"n":"Tendres Effilés en Gelée Felix Selection poissons 12x85g","p":4.9,"u":"4,80 €/KG","img":"https://fd14-photos.leclercdrive.fr/image.ashx?id=2995439&use=l&cat=p&typeid=i","cat":285286},{"id":169430,"n":"Tendres Effilés en Gelée Felix Selection campagne 12x85g","p":4.85,"u":"4,75 €/KG","img":"https://fd14-photos.leclercdrive.fr/image.ashx?id=2957668&use=l&cat=p&typeid=i","cat":285286},{"id":169432,"n":"Tendres Effilés en Gelée Felix Selection mixte - 24x85g","p":8.75,"u":"4,29 €/KG","img":"https://fd14-photos.leclercdrive.fr/image.ashx?id=2869651&use=l&cat=p&typeid=i","cat":285286},{"id":169436,"n":"Tendres Effilés en Gelée Felix Selection Mixte - 24x85g","p":9.45,"u":"4,63 €/KG","img":"https://fd14-photos.leclercdrive.fr/image.ashx?id=2957677&use=l&cat=p&typeid=i","cat":285286},{"id":169447,"n":"Emincés En Gelée Felix Selection mixte - 12x85g","p":4.1,"u":"4,02 €/KG","img":"https://fd14-photos.leclercdrive.fr/image.ashx?id=2869657&use=l&cat=p&typeid=i","cat":285286},{"id":169448,"n":"Emincés En Gelée  Felix Volaille légumes - 12x85g","p":4.05,"u":"3,97 €/KG","img":"https://fd14-photos.leclercdrive.fr/image.ashx?id=2909212&use=l&cat=p&typeid=i","cat":285286},{"id":169454,"n":"FELIX Sensations En Gelée Felix Selection de la campagne 12x85g","p":5.35,"u":"5,25 €/KG","img":"https://fd14-photos.leclercdrive.fr/image.ashx?id=2986909&use=l&cat=p&typeid=i","cat":285286},{"id":169484,"n":"crème dessert petit beurre danette - 4x125g","p":1.6,"u":"2,67 €/P","img":"https://fd14-photos.leclercdrive.fr/image.ashx?id=2902651&use=l&cat=p&typeid=i","cat":285041},{"id":169511,"n":"Margarine Oméga 3 Fruit d'Or Sans huile de palme - 450g","p":2.85,"u":"6,33 €/KG","img":"https://fd14-photos.leclercdrive.fr/image.ashx?id=2887329&use=l&cat=p&typeid=i","cat":315229},{"id":169732,"n":"Plateau Saveurs de Terroirs 5 fromages - 300g","p":6.5,"u":"21,67 €/KG","img":"https://fd14-photos.leclercdrive.fr/image.ashx?id=2580122&use=l&cat=p&typeid=i","cat":314036},{"id":170268,"n":"Bloc de foie gras Douce Foie Mi-cuit 30% morceaux - 1kg","p":52.95,"u":"52,95 €/KG","img":"https://fd14-photos.leclercdrive.fr/image.ashx?id=2248762&use=l&cat=p&typeid=i","cat":316008},{"id":170778,"n":"Bloc de foie gras Jean Larnaudie - 230g","p":24.97,"u":"108,57 €/KG","img":"https://fd14-photos.leclercdrive.fr/image.ashx?id=2915811&use=l&cat=p&typeid=i","cat":316008},{"id":170828,"n":"Chips Tortilla Old El Paso Chili - 185g","p":2.25,"u":"12,16 €/KG","img":"https://fd14-photos.leclercdrive.fr/image.ashx?id=2444525&use=l&cat=p&typeid=i","cat":288993},{"id":170900,"n":"Emmental râpé Paysan Breton Spécial pizza - 200g","p":2.8,"u":"14,00 €/KG","img":"https://fd14-photos.leclercdrive.fr/image.ashx?id=2774556&use=l&cat=p&typeid=i","cat":314035},{"id":170957,"n":"Confiture Douceur du Verger Abricot - 750g","p":2.49,"u":"3,32 €/KG","img":"https://fd14-photos.leclercdrive.fr/image.ashx?id=2965581&use=l&cat=p&typeid=i","cat":284480},{"id":171010,"n":"Foie gras de canard IGP Nos Régions ont du Talent 125g","p":12.47,"u":"99,76 €/KG","img":"https://fd14-photos.leclercdrive.fr/image.ashx?id=2743912&use=l&cat=p&typeid=i","cat":316008},{"id":171105,"n":"Foie gras de canard Delpeyrat Barquette 360g","p":40.9,"u":"113,61 €/KG","img":"https://fd14-photos.leclercdrive.fr/image.ashx?id=2901710&use=l&cat=p&typeid=i","cat":316008},{"id":171108,"n":"Bloc de foie gras Delpeyrat Barquette 540g","p":40.9,"u":"75,74 €/KG","img":"https://fd14-photos.leclercdrive.fr/image.ashx?id=2904691&use=l&cat=p&typeid=i","cat":316008},{"id":171110,"n":"Foie gras de canard Delpeyrat Bocal 360g","p":40.9,"u":"113,61 €/KG","img":"https://fd14-photos.leclercdrive.fr/image.ashx?id=2730565&use=l&cat=p&typeid=i","cat":316008},{"id":171188,"n":"Glace Barre Glacée Snickers  Caramel & Cacahuètes x6 - 274g","p":2.6,"u":"9,49 €/KG","img":"https://fd14-photos.leclercdrive.fr/image.ashx?id=2295508&use=l&cat=p&typeid=i","cat":284264},{"id":171191,"n":"Barre glacée Mars  Caramel x6 - 240g","p":2.55,"img":"https://fd14-photos.leclercdrive.fr/image.ashx?id=2295924&use=l&cat=p&typeid=i","cat":284264},{"id":171192,"n":"Barre glacée Mars  Chocolat & Caramel x12 - 480g","p":4.6,"u":"9,58 €/KG","img":"https://fd14-photos.leclercdrive.fr/image.ashx?id=2295927&use=l&cat=p&typeid=i","cat":284264},{"id":171265,"n":"Bûchettes Smarties  Chocolat Vanille x4 - 228g","p":2.6,"u":"11,40 €/KG","img":"https://fd14-photos.leclercdrive.fr/image.ashx?id=2757325&use=l&cat=p&typeid=i","cat":284266},{"id":171267,"n":"Bûchettes Smarties Chocolat Noisette - 228g","p":2.9,"u":"12,72 €/KG","img":"https://fd14-photos.leclercdrive.fr/image.ashx?id=2757322&use=l&cat=p&typeid=i","cat":284266},{"id":171738,"n":"Foie gras de canard Delpeyrat Au sel de Guérande - 180g","p":14.99,"u":"83,28 €/KG","img":"https://fd14-photos.leclercdrive.fr/image.ashx?id=2569359&use=l&cat=p&typeid=i","cat":305148},{"id":171825,"n":"Joue de porc Brient Aux cornichons - 160g","p":4.9,"u":"30,63 €/KG","img":"https://fd14-photos.leclercdrive.fr/image.ashx?id=2256089&use=l&cat=p&typeid=i","cat":316009},{"id":171836,"n":"Céréales Trésor Kellogg's Chocolat au lait - 620g","p":4.42,"u":"7,13 €/KG","img":"https://fd14-photos.leclercdrive.fr/image.ashx?id=2598334&use=l&cat=p&typeid=i","cat":309513},{"id":172584,"n":"Fromage blanc 0%MG Light & Free Fraise - 4x120g","p":1.95,"u":"4,06 €/KG","img":"https://fd14-photos.leclercdrive.fr/image.ashx?id=3007999&use=l&cat=p&typeid=i","cat":315000},{"id":172585,"n":"Fromage blanc 0%MG Light & Free Pêche - 4x120g","p":1.95,"u":"4,06 €/KG","img":"https://fd14-photos.leclercdrive.fr/image.ashx?id=3008002&use=l&cat=p&typeid=i","cat":315000},{"id":172592,"n":"Fromage blanc 0%MG Light & Free Vanille - 4x120g","p":1.95,"u":"4,06 €/KG","img":"https://fd14-photos.leclercdrive.fr/image.ashx?id=3008005&use=l&cat=p&typeid=i","cat":315000},{"id":172595,"n":"Mousse fromage blanc Light&Free Fraise et pêche 0%mg - 4x120g","p":1.81,"u":"3,93 €/KG","img":"https://fd14-photos.leclercdrive.fr/image.ashx?id=3008020&use=l&cat=p&typeid=i","cat":315000},{"id":172601,"n":"Yaourt brassé 0%MG Light & Free 8x125g","p":2.45,"u":"2,45 €/KG","img":"https://fd14-photos.leclercdrive.fr/image.ashx?id=3008011&use=l&cat=p&typeid=i","cat":315000},{"id":172718,"n":"Lessive en poudre Xeor Savon de Marseille x50 - 2.5kg","p":5.99,"u":"2,40 €/KG","img":"https://fd14-photos.leclercdrive.fr/image.ashx?id=2450161&use=l&cat=p&typeid=i","cat":284642},{"id":172829,"n":"Yaourt à boire protéiné Hipro  Mangue 0%mg - 300g","p":1.95,"u":"6,50 €/KG","img":"https://fd14-photos.leclercdrive.fr/image.ashx?id=2807432&use=l&cat=p&typeid=i","cat":315000},{"id":173441,"n":"Crème Fleurette Extra Président Entière 33%MG - 35cl","p":2.3,"u":"6,57 €/L","img":"https://fd14-photos.leclercdrive.fr/image.ashx?id=2962260&use=l&cat=p&typeid=i","cat":284381},{"id":173448,"n":"Cacahuètes Curly Sweety Caramélisées - 150g","p":1.6,"u":"10,67 €/KG","img":"https://fd14-photos.leclercdrive.fr/image.ashx?id=2599233&use=l&cat=p&typeid=i","cat":284449},{"id":173998,"n":"Cylindre d'échange CO2 Sodastream - A clipser - 60L","p":9.85,"img":"https://fd14-photos.leclercdrive.fr/image.ashx?id=2650816&use=l&cat=p&typeid=i","cat":334140},{"id":174145,"n":"Confiture Douceur du Verger Cerises - 370 g","p":1.27,"u":"3,43 €/KG","img":"https://fd14-photos.leclercdrive.fr/image.ashx?id=2965599&use=l&cat=p&typeid=i","cat":284480},{"id":174148,"n":"Confiture Douceur du Verger Pêches - 370 g","p":1.6,"u":"4,32 €/KG","img":"https://fd14-photos.leclercdrive.fr/image.ashx?id=2502501&use=l&cat=p&typeid=i","cat":284480},{"id":174149,"n":"Confiture Douceur du Verger Fraises - 370 g","p":1.12,"u":"3,03 €/KG","img":"https://fd14-photos.leclercdrive.fr/image.ashx?id=2965539&use=l&cat=p&typeid=i","cat":284480},{"id":174150,"n":"Confiture Douceur du Verger Framboises - 370 g","p":1.99,"u":"5,38 €/KG","img":"https://fd14-photos.leclercdrive.fr/image.ashx?id=2415456&use=l&cat=p&typeid=i","cat":284480},{"id":174151,"n":"Confiture Douceur du Verger 4 fruits rouges - 370 g","p":1.18,"u":"3,19 €/KG","img":"https://fd14-photos.leclercdrive.fr/image.ashx?id=2965548&use=l&cat=p&typeid=i","cat":284480},{"id":174152,"n":"Sauce Tomate Provençale Panzani - 210G","p":1.2,"u":"5,71 €/KG","img":"https://fd14-photos.leclercdrive.fr/image.ashx?id=2880691&use=l&cat=p&typeid=i","cat":299047},{"id":174153,"n":"Sauce tomates cuisinées Panzani 210g","p":1.16,"u":"5,52 €/KG","img":"https://fd14-photos.leclercdrive.fr/image.ashx?id=2880688&use=l&cat=p&typeid=i","cat":299047},{"id":174154,"n":"Sauce Tomate Basilic Panzani - 210G","p":1.2,"u":"5,71 €/KG","img":"https://fd14-photos.leclercdrive.fr/image.ashx?id=2881290&use=l&cat=p&typeid=i","cat":288384},{"id":174155,"n":"Sauce tomate Panzani Provençale - 425g","p":1.4,"u":"3,29 €/KG","img":"https://fd14-photos.leclercdrive.fr/image.ashx?id=2742866&use=l&cat=p&typeid=i","cat":288384},{"id":174156,"n":"Sauce tomates cuisinées Panzani 425g","p":1.55,"u":"3,65 €/KG","img":"https://fd14-photos.leclercdrive.fr/image.ashx?id=2977276&use=l&cat=p&typeid=i","cat":288384},{"id":174157,"n":"Sauce Tomate Basilic Panzani - 400G","p":1.95,"u":"4,88 €/KG","img":"https://fd14-photos.leclercdrive.fr/image.ashx?id=2968088&use=l&cat=p&typeid=i","cat":288384},{"id":174158,"n":"Sauce Tomate Provençale Panzani - 650G","p":2.1,"u":"3,23 €/KG","img":"https://fd14-photos.leclercdrive.fr/image.ashx?id=2977942&use=l&cat=p&typeid=i","cat":299047},{"id":174159,"n":"Sauce Tomate Basilic Panzani - 650G","p":2.4,"u":"3,69 €/KG","img":"https://fd14-photos.leclercdrive.fr/image.ashx?id=2977945&use=l&cat=p&typeid=i","cat":288384},{"id":174160,"n":"Sauce tomates fraîches Panzani 3x190g","p":2.55,"u":"4,47 €/KG","img":"https://fd14-photos.leclercdrive.fr/image.ashx?id=2835274&use=l&cat=p&typeid=i","cat":288384},{"id":174161,"n":"Queues de langouste crue Ronde des Mers - 340g","p":24.9,"u":"73,24 €/KG","img":"https://fd14-photos.leclercdrive.fr/image.ashx?id=2523470&use=l&cat=p&typeid=i","cat":327284},{"id":174188,"n":"Crevettes décortiquées Eco+ 500g","p":4.95,"u":"9,90 €/KG","img":"https://fd14-photos.leclercdrive.fr/image.ashx?id=2690877&use=l&cat=p&typeid=i","cat":319787},{"id":174417,"n":"L'Ortolan Fromagerie Milleret Maxi - 500g","p":5.25,"u":"10,50 €/KG","img":"https://fd14-photos.leclercdrive.fr/image.ashx?id=2624625&use=l&cat=p&typeid=i","cat":314033},{"id":174489,"n":"Mini saucisson sec Saint Azay 160g","p":2.72,"u":"17,00 €/KG","img":"https://fd14-photos.leclercdrive.fr/image.ashx?id=2922709&use=l&cat=p&typeid=i","cat":316006},{"id":174517,"n":"Pur jus multifruits Jafaden 90cl","p":1.7,"u":"1,89 €/L","img":"https://fd14-photos.leclercdrive.fr/image.ashx?id=2723153&use=l&cat=p&typeid=i","cat":285435},{"id":174658,"n":"Eau gazeuse Plancoët Fines Bulles - 6x50 cl","p":2.1,"u":"0,70 €/L","img":"https://fd14-photos.leclercdrive.fr/image.ashx?id=2574284&use=l&cat=p&typeid=i","cat":284536},{"id":174709,"n":"Confiture Douceur du Verger 4 fruits rouges - 750 g","p":2.39,"u":"3,19 €/KG","img":"https://fd14-photos.leclercdrive.fr/image.ashx?id=2965554&use=l&cat=p&typeid=i","cat":284480},{"id":174712,"n":"Confiture Douceur du Verger Figues - 370g","p":1.57,"u":"4,24 €/KG","img":"https://fd14-photos.leclercdrive.fr/image.ashx?id=2965587&use=l&cat=p&typeid=i","cat":284480},{"id":174714,"n":"Confiture Douceur du Verger Mûres - 370g","p":1.99,"u":"5,38 €/KG","img":"https://fd14-photos.leclercdrive.fr/image.ashx?id=2970587&use=l&cat=p&typeid=i","cat":284480},{"id":174815,"n":"Confiture Douceur du Verger Myrtilles - 370g","p":1.72,"u":"4,65 €/KG","img":"https://fd14-photos.leclercdrive.fr/image.ashx?id=2965590&use=l&cat=p&typeid=i","cat":284480},{"id":174832,"n":"Saucisses de Toulouse x4 Soutenons Nos Agriculteurs 400g","p":4.02,"u":"10,05 €/KG","img":"https://fd14-photos.leclercdrive.fr/image.ashx?id=2835232&use=l&cat=p&typeid=i","cat":284334},{"id":174833,"n":"Chipolatas x6 Soutenons Nos Agriculteurs 330g","p":4.5,"u":"13,64 €/KG","img":"https://fd14-photos.leclercdrive.fr/image.ashx?id=2716018&use=l&cat=p&typeid=i","cat":284334},{"id":174834,"n":"Chair à saucisse Soutenons Nos Agriculteurs 500g","p":5.1,"u":"10,20 €/KG","img":"https://fd14-photos.leclercdrive.fr/image.ashx?id=2831305&use=l&cat=p&typeid=i","cat":284332},{"id":174836,"n":"Steak haché façon bouchère x2 Soutenons Nos Agriculteurs 200g","p":4.29,"u":"21,45 €/KG","img":"https://fd14-photos.leclercdrive.fr/image.ashx?id=2930561&use=l&cat=p&typeid=i","cat":284332},{"id":174844,"n":"Amandes en poudre d'Espagne Sainte Lucie - 100g","p":2.7,"u":"27,00 €/KG","img":"https://fd14-photos.leclercdrive.fr/image.ashx?id=2774331&use=l&cat=p&typeid=i","cat":284504},{"id":174867,"n":"Râpé saveur Emmental Violife 24%MG - 200g","p":2.55,"u":"12,75 €/KG","img":"https://fd14-photos.leclercdrive.fr/image.ashx?id=2603486&use=l&cat=p&typeid=i","cat":316070},{"id":174875,"n":"Gelée douceur du Verger Groseilles - 370g","p":1.29,"u":"3,49 €/KG","img":"https://fd14-photos.leclercdrive.fr/image.ashx?id=2965563&use=l&cat=p&typeid=i","cat":284480},{"id":174881,"n":"Carottes râpées Bonduelle Au Citron de Sicile - 320g","p":1.45,"u":"4,53 €/KG","img":"https://fd14-photos.leclercdrive.fr/image.ashx?id=2894194&use=l&cat=p&typeid=i","cat":333657},{"id":174882,"n":"Carottes râpées Bonduelle Au citron de Sicile - 500g","p":2.2,"u":"4,40 €/KG","img":"https://fd14-photos.leclercdrive.fr/image.ashx?id=2904706&use=l&cat=p&typeid=i","cat":333657},{"id":174884,"n":"Céleri remoulade Bonduelle Au Fromage blanc - 320g","p":1.7,"u":"5,31 €/KG","img":"https://fd14-photos.leclercdrive.fr/image.ashx?id=2904709&use=l&cat=p&typeid=i","cat":333657},{"id":174885,"n":"Céleri rémoulade Bonduelle Au Fromage blanc - 500g","p":2.4,"u":"4,80 €/KG","img":"https://fd14-photos.leclercdrive.fr/image.ashx?id=3004819&use=l&cat=p&typeid=i","cat":333657},{"id":174887,"n":"Concombre Bonduelle Au Fromage blanc - 320g","p":2.0,"u":"6,25 €/KG","img":"https://fd14-photos.leclercdrive.fr/image.ashx?id=2905309&use=l&cat=p&typeid=i","cat":333657},{"id":174888,"n":"Betteraves Bonduelle Moutarde à l'ancienne - 320g","p":1.85,"u":"5,78 €/KG","img":"https://fd14-photos.leclercdrive.fr/image.ashx?id=2894200&use=l&cat=p&typeid=i","cat":333657},{"id":174904,"n":"Huile essentielle So Bio Etic Ravintsara bio - 10ml","p":6.08,"u":"608,00 €/L","img":"https://fd14-photos.leclercdrive.fr/image.ashx?id=2389797&use=l&cat=p&typeid=i","cat":284630},{"id":174927,"n":"Viande hachée 15% MG Soutenons Nos Agriculteurs 300g","p":5.59,"u":"18,63 €/KG","img":"https://fd14-photos.leclercdrive.fr/image.ashx?id=2930558&use=l&cat=p&typeid=i","cat":284332},{"id":174940,"n":"Dentifrice Sanogyl Soin essentiel gencives - 75ml","p":3.5,"u":"46,67 €/L","img":"https://fd14-photos.leclercdrive.fr/image.ashx?id=2453487&use=l&cat=p&typeid=i","cat":284612},{"id":175037,"n":"Protège-slips Tena Lady Ultra mini+ - x24","p":2.65,"u":"0,11 €/P","img":"https://fd14-photos.leclercdrive.fr/image.ashx?id=2285522&use=l&cat=p&typeid=i","cat":284628},{"id":175058,"n":"Pois chiches Bonduelle Cuits Dans Très Peu De Jus 265g","p":1.18,"u":"4,45 €/KG","img":"https://fd14-photos.leclercdrive.fr/image.ashx?id=2926272&use=l&cat=p&typeid=i","cat":312609},{"id":175062,"n":"Yaourt à la grecque YAOS Nature lit de cerises 4x125g","p":2.6,"u":"5,20 €/KG","img":"https://fd14-photos.leclercdrive.fr/image.ashx?id=2614951&use=l&cat=p&typeid=i","cat":284410},{"id":175093,"n":"Piperade - Jardin Bio' 650G","p":4.35,"u":"6,69 €/KG","img":"https://fd14-photos.leclercdrive.fr/image.ashx?id=2862623&use=l&cat=p&typeid=i","cat":318430},{"id":175122,"n":"Crème Douche Nourrissante Cadum Surgras Coco - 750ml","p":3.45,"u":"4,60 €/L","img":"https://fd14-photos.leclercdrive.fr/image.ashx?id=2393284&use=l&cat=p&typeid=i","cat":284594},{"id":175125,"n":"Sauce Deluxe AMORA 250ml","p":1.9,"u":"7,60 €/L","img":"https://fd14-photos.leclercdrive.fr/image.ashx?id=3009266&use=l&cat=p&typeid=i","cat":318431},{"id":175303,"n":"Skyr Siggi's  Citron - 2x140g","p":2.0,"u":"7,14 €/KG","img":"https://fd14-photos.leclercdrive.fr/image.ashx?id=2673082&use=l&cat=p&typeid=i","cat":315000},{"id":175339,"n":"Poivrons bicolores Eco+ x2","p":0.99,"u":"0,50 €/P","img":"https://fd14-photos.leclercdrive.fr/image.ashx?id=2709716&use=l&cat=p&typeid=i","cat":284352},{"id":175423,"n":"Mandarines Panier du Primeur Filet 1.5kg","p":3.49,"u":"2,33 €/KG","img":"https://fd14-photos.leclercdrive.fr/image.ashx?id=2922433&use=l&cat=p&typeid=i","cat":284356},{"id":175556,"n":"Gel Douche Le Petit Marseillais  Haute tolerance amandier-400ml","p":2.32,"u":"5,80 €/L","img":"https://fd14-photos.leclercdrive.fr/image.ashx?id=2685174&use=l&cat=p&typeid=i","cat":284594},{"id":175557,"n":"Crème Visage Jour Nivea Matifiante Peaux Mixtes - 50ml","p":3.79,"u":"75,80 €/L","img":"https://fd14-photos.leclercdrive.fr/image.ashx?id=2659139&use=l&cat=p&typeid=i","cat":325345},{"id":175560,"n":"Sérum nutrition Vitanove 100ml","p":3.99,"u":"39,90 €/L","img":"https://fd14-photos.leclercdrive.fr/image.ashx?id=2691441&use=l&cat=p&typeid=i","cat":284608},{"id":175564,"n":"Gel Douche Le Petit Marseillais  Haute tolerance aloevera 400ml","p":2.32,"u":"5,80 €/L","img":"https://fd14-photos.leclercdrive.fr/image.ashx?id=2677429&use=l&cat=p&typeid=i","cat":284594},{"id":175573,"n":"Tagliatelle Barilla Aux oeufs - 450g","p":2.09,"u":"4,64 €/KG","img":"https://fd14-photos.leclercdrive.fr/image.ashx?id=2590342&use=l&cat=p&typeid=i","cat":284427},{"id":175586,"n":"Lentilles vertes Vivien Paille 1kg","p":3.6,"pp":2.38,"u":"2,38 €/KG","img":"https://fd14-photos.leclercdrive.fr/image.ashx?id=2285093&use=l&cat=p&typeid=i","cat":284430},{"id":175588,"n":"Cannelle entière Sainte Lucie 15g","p":2.5,"u":"166,67 €/KG","img":"https://fd14-photos.leclercdrive.fr/image.ashx?id=2984380&use=l&cat=p&typeid=i","cat":298297},{"id":175611,"n":"Tasse Smart'360° 250ml Tigex","p":8.2,"img":"https://fd14-photos.leclercdrive.fr/image.ashx?id=2286705&use=l&cat=p&typeid=i","cat":284742},{"id":175615,"n":"5 Slips filet extensible Tigex","p":6.95,"img":"https://fd14-photos.leclercdrive.fr/image.ashx?id=2689829&use=l&cat=p&typeid=i","cat":289435},{"id":175713,"n":"Bière \"La Goudale\" Rubis - 6x25cl","p":4.8,"u":"3,20 €/L","img":"https://fd14-photos.leclercdrive.fr/image.ashx?id=2778245&use=l&cat=p&typeid=i","cat":334878},{"id":175751,"n":"Crêpes fraîches fait main Fontaine Saint-Père x3 - 225g","p":2.48,"u":"11,02 €/KG","img":"https://fd14-photos.leclercdrive.fr/image.ashx?id=2287370&use=l&cat=p&typeid=i","cat":284494},{"id":175752,"n":"Crêpes fraîches fait main Fontaine Saint-Père x6 - 450g","p":4.64,"u":"10,31 €/KG","img":"https://fd14-photos.leclercdrive.fr/image.ashx?id=2287373&use=l&cat=p&typeid=i","cat":284494},{"id":175753,"n":"Galettes fraîches fait main Fontaine Saint-Père x3 - 230g","p":2.48,"u":"10,78 €/KG","img":"https://fd14-photos.leclercdrive.fr/image.ashx?id=2287364&use=l&cat=p&typeid=i","cat":284494},{"id":175754,"n":"Galettes fraîches fait main Fontaine Saint-Père x6 - 460g","p":4.64,"u":"10,09 €/KG","img":"https://fd14-photos.leclercdrive.fr/image.ashx?id=2287367&use=l&cat=p&typeid=i","cat":284494},{"id":175933,"n":"Pain de mie La Boulangère Avoine et graines - 500g","p":1.95,"u":"3,90 €/KG","img":"https://fd14-photos.leclercdrive.fr/image.ashx?id=2912431&use=l&cat=p&typeid=i","cat":325068},{"id":175954,"n":"Sauce Bolognaise Panzani Extra riche - 200g","p":1.5,"u":"7,50 €/KG","img":"https://fd14-photos.leclercdrive.fr/image.ashx?id=2918574&use=l&cat=p&typeid=i","cat":287599},{"id":176027,"n":"Frites Classiques McCain Just Au Four - 700g","p":2.45,"u":"3,50 €/KG","img":"https://fd14-photos.leclercdrive.fr/image.ashx?id=2997340&use=l&cat=p&typeid=i","cat":319791},{"id":176030,"n":"Frites Allumettes McCain Just Au Four - 700g","p":2.5,"u":"3,57 €/KG","img":"https://fd14-photos.leclercdrive.fr/image.ashx?id=2772491&use=l&cat=p&typeid=i","cat":319791},{"id":176033,"n":"Frites Steakhouse McCain Just Au Four - 700g","p":2.5,"u":"3,57 €/KG","img":"https://fd14-photos.leclercdrive.fr/image.ashx?id=2737921&use=l&cat=p&typeid=i","cat":319791},{"id":176036,"n":"Frites friteuse McCain Tradition - 1,080kg","p":2.7,"u":"2,50 €/KG","img":"https://fd14-photos.leclercdrive.fr/image.ashx?id=2737930&use=l&cat=p&typeid=i","cat":319791},{"id":176040,"n":"Frites friteuse McCain Golden Allumette - 1,080kg","p":2.85,"u":"2,64 €/KG","img":"https://fd14-photos.leclercdrive.fr/image.ashx?id=2737939&use=l&cat=p&typeid=i","cat":319791},{"id":176238,"n":"Le rapé de Chèvre Soignon 150g","p":2.95,"u":"19,67 €/KG","img":"https://fd14-photos.leclercdrive.fr/image.ashx?id=2773694&use=l&cat=p&typeid=i","cat":314035},{"id":176239,"n":"Gnocchi Lustucru Selection  390g","p":1.75,"u":"4,49 €/KG","img":"https://fd14-photos.leclercdrive.fr/image.ashx?id=2965999&use=l&cat=p&typeid=i","cat":333682},{"id":176299,"n":"Biscottes Cracotte LU Fibre - 250g","p":1.95,"u":"7,80 €/KG","img":"https://fd14-photos.leclercdrive.fr/image.ashx?id=2871154&use=l&cat=p&typeid=i","cat":284479},{"id":176384,"n":"Soin Cheveux Magique Elsève Dream Long Embellisseur - 200ml","p":7.09,"u":"35,45 €/L","img":"https://fd14-photos.leclercdrive.fr/image.ashx?id=2439308&use=l&cat=p&typeid=i","cat":284608},{"id":176387,"n":"Masque Hydra-Régénérant Elsève Hyaluron Repulp - 310ml","p":5.4,"u":"17,42 €/L","img":"https://fd14-photos.leclercdrive.fr/image.ashx?id=2865878&use=l&cat=p&typeid=i","cat":284608},{"id":176391,"n":"Sérum Hydra-Texturisant Elsève Cheveux Déshydratés - 150ml","p":11.25,"u":"75,00 €/L","img":"https://fd14-photos.leclercdrive.fr/image.ashx?id=2870677&use=l&cat=p&typeid=i","cat":284608},{"id":176453,"n":"Jambon supérieur Tradilège 640g","p":8.99,"u":"14,05 €/KG","img":"https://fd14-photos.leclercdrive.fr/image.ashx?id=2943704&use=l&cat=p&typeid=i","cat":316009},{"id":176455,"n":"Allumettes nature Tradilège 1kg","p":8.75,"u":"8,75 €/KG","img":"https://fd14-photos.leclercdrive.fr/image.ashx?id=2709544&use=l&cat=p&typeid=i","cat":316011},{"id":176533,"n":"Allumettes fumées Tradilège 1kg","p":8.7,"u":"8,70 €/KG","img":"https://fd14-photos.leclercdrive.fr/image.ashx?id=2721385&use=l&cat=p&typeid=i","cat":316011},{"id":176535,"n":"Beurre bio Bio Village  Demi-sel - 80% MG - 250g","p":2.99,"u":"11,96 €/KG","img":"https://fd14-photos.leclercdrive.fr/image.ashx?id=2961719&use=l&cat=p&typeid=i","cat":284379},{"id":176677,"n":"Sablés noisettes chocolat Bonne Maman - 150g","p":2.31,"u":"15,40 €/KG","img":"https://fd14-photos.leclercdrive.fr/image.ashx?id=2984386&use=l&cat=p&typeid=i","cat":284488},{"id":176709,"n":"Palette cuite fumée Stoeffler - 400g","p":5.2,"u":"13,00 €/KG","img":"https://fd14-photos.leclercdrive.fr/image.ashx?id=2574287&use=l&cat=p&typeid=i","cat":316009},{"id":176824,"n":"Le Poulet rôti Fleury Michon Frites dorées au four - 280g","p":4.35,"u":"15,54 €/KG","img":"https://fd14-photos.leclercdrive.fr/image.ashx?id=3003251&use=l&cat=p&typeid=i","cat":333665},{"id":176929,"n":"Burger Moelleux Férial x2 - 220g","p":2.93,"u":"13,32 €/KG","img":"https://fd14-photos.leclercdrive.fr/image.ashx?id=2888407&use=l&cat=p&typeid=i","cat":284332},{"id":176930,"n":"Burger Moelleux Férial x4 - 440g","p":5.39,"u":"12,25 €/KG","img":"https://fd14-photos.leclercdrive.fr/image.ashx?id=2888410&use=l&cat=p&typeid=i","cat":284332},{"id":176940,"n":"Cuisse de canard 275g","p":3.72,"u":"13,53 €/KG","img":"https://fd14-photos.leclercdrive.fr/image.ashx?id=2415332&use=l&cat=p&typeid=i","cat":284339},{"id":176983,"n":"Escalope de dinde  Volailles de Korrigan - 120g","p":2.2,"u":"18,33 €/KG","img":"https://fd14-photos.leclercdrive.fr/image.ashx?id=2307868&use=l&cat=p&typeid=i","cat":284337},{"id":176988,"n":"Bonbon à sucer Ricola Menthol Stévia - 50g","p":1.45,"u":"29,00 €/KG","img":"https://fd14-photos.leclercdrive.fr/image.ashx?id=2382201&use=l&cat=p&typeid=i","cat":304252},{"id":176989,"n":"Bonbon à sucer Ricola Sans sucres -50g","p":1.45,"u":"29,00 €/KG","img":"https://fd14-photos.leclercdrive.fr/image.ashx?id=2382204&use=l&cat=p&typeid=i","cat":304252},{"id":176990,"n":"Bonbon à sucer Ricola Citron melisse stévia - 50g","p":1.45,"u":"29,00 €/KG","img":"https://fd14-photos.leclercdrive.fr/image.ashx?id=2382207&use=l&cat=p&typeid=i","cat":304252},{"id":176993,"n":"Bonbon à sucer Ricola Cassis Stevia - 50g","p":1.5,"u":"30,00 €/KG","img":"https://fd14-photos.leclercdrive.fr/image.ashx?id=2382213&use=l&cat=p&typeid=i","cat":304252},{"id":177003,"n":"Tiramisu au spéculoos Equador 2x100g","p":2.25,"u":"11,25 €/KG","img":"https://fd14-photos.leclercdrive.fr/image.ashx?id=2566691&use=l&cat=p&typeid=i","cat":284419},{"id":177004,"n":"Tiramisu au Citron Equador 2x100g","p":2.39,"u":"11,95 €/KG","img":"https://fd14-photos.leclercdrive.fr/image.ashx?id=2609610&use=l&cat=p&typeid=i","cat":284419},{"id":177005,"n":"Tiramisu à la Framboise Equador 2x100g","p":2.45,"u":"12,25 €/KG","img":"https://fd14-photos.leclercdrive.fr/image.ashx?id=2566697&use=l&cat=p&typeid=i","cat":284419},{"id":177070,"n":"Pâte d'argile verte Le petit olivier - 300 g","p":3.9,"u":"13,00 €/KG","img":"https://fd14-photos.leclercdrive.fr/image.ashx?id=2305610&use=l&cat=p&typeid=i","cat":325346},{"id":177111,"n":"Pralines Raffaello Noix de coco amandes x26 - 260g","p":7.1,"u":"27,31 €/KG","img":"https://fd14-photos.leclercdrive.fr/image.ashx?id=2964030&use=l&cat=p&typeid=i","cat":327595},{"id":177112,"n":"Moulage chocolat Kinder Pain d'épice - 35g","p":1.65,"u":"47,14 €/KG","img":"https://fd14-photos.leclercdrive.fr/image.ashx?id=2619291&use=l&cat=p&typeid=i","cat":327592},{"id":177216,"n":"Bière blanche sans alcool 1664 0,0° - 6x25cl","p":4.9,"u":"3,27 €/L","img":"https://fd14-photos.leclercdrive.fr/image.ashx?id=2907890&use=l&cat=p&typeid=i","cat":334877},{"id":177221,"n":"Cônes Extrême Nestlé Sorbets Citrons x6 - 426g","p":3.4,"u":"7,98 €/KG","img":"https://fd14-photos.leclercdrive.fr/image.ashx?id=2346320&use=l&cat=p&typeid=i","cat":284264},{"id":177246,"n":"Pizza Crust Sodebo Mythic  Bœuf Cheddar - 600g","p":5.4,"u":"9,00 €/KG","img":"https://fd14-photos.leclercdrive.fr/image.ashx?id=3011200&use=l&cat=p&typeid=i","cat":333679},{"id":177247,"n":"Pizza Crust Sodebo Spicy Chorizo Poivrons - 600g","p":5.25,"u":"8,75 €/KG","img":"https://fd14-photos.leclercdrive.fr/image.ashx?id=2346912&use=l&cat=p&typeid=i","cat":333679},{"id":177275,"n":"La Bûche de Chèvre Soignon Nature - 150g","p":2.1,"u":"14,00 €/KG","img":"https://fd14-photos.leclercdrive.fr/image.ashx?id=2995322&use=l&cat=p&typeid=i","cat":314031},{"id":177276,"n":"La bûche de Chèvre Soignon Cendrée - 150g","p":2.1,"u":"14,00 €/KG","img":"https://fd14-photos.leclercdrive.fr/image.ashx?id=2995319&use=l&cat=p&typeid=i","cat":314031},{"id":177367,"n":"Coeur de Laitue Bonduelle 280g","p":2.45,"pp":1.62,"u":"5,79 €/KG","img":"https://fd14-photos.leclercdrive.fr/image.ashx?id=2939265&use=l&cat=p&typeid=i","cat":284353},{"id":177458,"n":"Bière blonde La Goudale 0° - 6x25cl","p":3.5,"u":"2,33 €/L","img":"https://fd14-photos.leclercdrive.fr/image.ashx?id=2970963&use=l&cat=p&typeid=i","cat":334877},{"id":177643,"n":"Gnocchi Roll à poêler Lustucru Format maxi - 500g","p":2.85,"u":"5,70 €/KG","img":"https://fd14-photos.leclercdrive.fr/image.ashx?id=2786210&use=l&cat=p&typeid=i","cat":333682},{"id":177644,"n":"Gnocchi à poêler Lustucru Extra Chèvre - 280g","p":2.5,"u":"8,93 €/KG","img":"https://fd14-photos.leclercdrive.fr/image.ashx?id=2915979&use=l&cat=p&typeid=i","cat":333682},{"id":177650,"n":"Jambon Le Fumé Fleury Michon Sans nitrite x4 - 140g","p":2.9,"u":"20,71 €/KG","img":"https://fd14-photos.leclercdrive.fr/image.ashx?id=2923948&use=l&cat=p&typeid=i","cat":316009},{"id":177652,"n":"Jambon Label Rouge Fleury Michon sans nitrite x4- 160g","p":3.85,"u":"24,06 €/KG","img":"https://fd14-photos.leclercdrive.fr/image.ashx?id=2923957&use=l&cat=p&typeid=i","cat":316009},{"id":177657,"n":"Blanc de dinde Fleury Michon Doré au Four x4 - 160g","p":2.25,"u":"14,06 €/KG","img":"https://fd14-photos.leclercdrive.fr/image.ashx?id=2816868&use=l&cat=p&typeid=i","cat":316010},{"id":177670,"n":"Crème fraîche entière Yoplait 30%MG - 450g","p":1.95,"u":"4,33 €/KG","img":"https://fd14-photos.leclercdrive.fr/image.ashx?id=2811044&use=l&cat=p&typeid=i","cat":284381},{"id":177672,"n":"Crème fraîche entière Yoplait 30%MG - 190g","p":0.93,"u":"4,89 €/KG","img":"https://fd14-photos.leclercdrive.fr/image.ashx?id=2811041&use=l&cat=p&typeid=i","cat":284381},{"id":177676,"n":"Skyr Yoplait  Nature 0%MG - 8x100G","p":3.15,"u":"3,94 €/KG","img":"https://fd14-photos.leclercdrive.fr/image.ashx?id=2884450&use=l&cat=p&typeid=i","cat":315000},{"id":177677,"n":"Skyr Yoplait  Lit Fruits Rouges 0%MG - 8x100G","p":3.15,"u":"3,94 €/KG","img":"https://fd14-photos.leclercdrive.fr/image.ashx?id=2884453&use=l&cat=p&typeid=i","cat":315000},{"id":177709,"n":"Chou-fleur Florette 180g","p":1.86,"u":"10,33 €/KG","img":"https://fd14-photos.leclercdrive.fr/image.ashx?id=2786486&use=l&cat=p&typeid=i","cat":284352},{"id":177719,"n":"Soin contour des yeux Nivea Cellular Luminous - 15ml","p":16.65,"img":"https://fd14-photos.leclercdrive.fr/image.ashx?id=2839274&use=l&cat=p&typeid=i","cat":325345},{"id":177721,"n":"Crème Visage Nuit Nivea Anti-taches Luminous - 50ml","p":19.1,"u":"382,00 €/L","img":"https://fd14-photos.leclercdrive.fr/image.ashx?id=3000345&use=l&cat=p&typeid=i","cat":325345},{"id":177941,"n":"Courgettes Bio Bio Village Filet - 750g","p":2.99,"u":"3,99 €/KG","img":"https://fd14-photos.leclercdrive.fr/image.ashx?id=2625698&use=l&cat=p&typeid=i","cat":284352},{"id":178097,"n":"L'Ovale de Chèvre  Soignon - 160g","p":2.75,"u":"17,19 €/KG","img":"https://fd14-photos.leclercdrive.fr/image.ashx?id=2995328&use=l&cat=p&typeid=i","cat":314031},{"id":178108,"n":"Burrata de vache Casa Azzurra 125g","p":2.95,"u":"23,60 €/KG","img":"https://fd14-photos.leclercdrive.fr/image.ashx?id=2927549&use=l&cat=p&typeid=i","cat":314026},{"id":178110,"n":"Pizza Dr.Oetker Ristorante Thon - 355g","p":2.6,"u":"7,32 €/KG","img":"https://fd14-photos.leclercdrive.fr/image.ashx?id=2993056&use=l&cat=p&typeid=i","cat":284256},{"id":178111,"n":"Pizza Dr.Oetker Ristorante 4 fromages - 340g","p":2.5,"u":"7,35 €/KG","img":"https://fd14-photos.leclercdrive.fr/image.ashx?id=2993050&use=l&cat=p&typeid=i","cat":284256},{"id":178112,"n":"Pizza Dr.Oetker Ristorante Mozzarella - 335g","p":2.6,"u":"7,76 €/KG","img":"https://fd14-photos.leclercdrive.fr/image.ashx?id=2993062&use=l&cat=p&typeid=i","cat":284256},{"id":178113,"n":"Pizza Dr.Oetker Ristorante  Vegetale aux légumes - 385g","p":2.6,"u":"6,75 €/KG","img":"https://fd14-photos.leclercdrive.fr/image.ashx?id=2993068&use=l&cat=p&typeid=i","cat":284256},{"id":178114,"n":"Pizza Ristorante Dr Oetker Royale - 350g","p":2.6,"u":"7,43 €/KG","img":"https://fd14-photos.leclercdrive.fr/image.ashx?id=2993044&use=l&cat=p&typeid=i","cat":284256},{"id":178147,"n":"Céréales Trésor Kellogg's Chocolat noisettes - 620g","p":4.4,"u":"7,10 €/KG","img":"https://fd14-photos.leclercdrive.fr/image.ashx?id=2598331&use=l&cat=p&typeid=i","cat":309513},{"id":178161,"n":"Pizza Dr.Oetker Ristorante Jambon salami champignons 345g","p":2.6,"u":"7,54 €/KG","img":"https://fd14-photos.leclercdrive.fr/image.ashx?id=2993059&use=l&cat=p&typeid=i","cat":284256},{"id":178253,"n":"Yaourt aux fruits Eco+ Panaché - 12x125g","p":2.47,"u":"1,65 €/KG","img":"https://fd14-photos.leclercdrive.fr/image.ashx?id=2849635&use=l&cat=p&typeid=i","cat":284410},{"id":178260,"n":"Truite fumée Eco+ 100g","p":2.33,"u":"23,30 €/KG","img":"https://fd14-photos.leclercdrive.fr/image.ashx?id=2973505&use=l&cat=p&typeid=i","cat":285188},{"id":178266,"n":"Gel Douche Lait Cottage Le Caramel - 250 ml","p":2.15,"u":"8,60 €/L","img":"https://fd14-photos.leclercdrive.fr/image.ashx?id=2314936&use=l&cat=p&typeid=i","cat":284594},{"id":178267,"n":"Gel Douche Lait Cottage Fleur d'oranger - 250 ml","p":2.15,"u":"8,60 €/L","img":"https://fd14-photos.leclercdrive.fr/image.ashx?id=2315934&use=l&cat=p&typeid=i","cat":284594},{"id":178355,"n":"Hachis Parmentier Fleury Michon à l'Emmental - 300g","p":3.1,"u":"10,33 €/KG","img":"https://fd14-photos.leclercdrive.fr/image.ashx?id=3003248&use=l&cat=p&typeid=i","cat":333665},{"id":178362,"n":"Gelée Eclaircissante 100% Ultra Blond effet soleil","p":8.0,"u":"53,33 €/L","img":"https://fd14-photos.leclercdrive.fr/image.ashx?id=2575603&use=l&cat=p&typeid=i","cat":288899},{"id":178553,"n":"Eau Cologne Eco + Lavande 1L","p":2.53,"u":"2,53 €/L","img":"https://fd14-photos.leclercdrive.fr/image.ashx?id=2690859&use=l&cat=p&typeid=i","cat":291525},{"id":178554,"n":"Eau de Cologne Eco + Fraîcheur 500ml","p":1.97,"u":"3,94 €/L","img":"https://fd14-photos.leclercdrive.fr/image.ashx?id=3001196&use=l&cat=p&typeid=i","cat":291525},{"id":178567,"n":"Shampoing Douche Eco + Marine 300ml","p":0.9,"u":"3,00 €/L","img":"https://fd14-photos.leclercdrive.fr/image.ashx?id=2779181&use=l&cat=p&typeid=i","cat":284594},{"id":178572,"n":"Patchs Chauffants Primoplast X2","p":4.99,"u":"2,50 €/P","img":"https://fd14-photos.leclercdrive.fr/image.ashx?id=2856600&use=l&cat=p&typeid=i","cat":284630},{"id":178620,"n":"Dentifrice L'Arbre Vert Bien-être - 75ml","p":2.49,"u":"33,20 €/L","img":"https://fd14-photos.leclercdrive.fr/image.ashx?id=2892808&use=l&cat=p&typeid=i","cat":284612},{"id":178625,"n":"Recharge gel douche Sanex Zéro% Tous types de peaux - 500ml","p":3.15,"u":"6,30 €/L","img":"https://fd14-photos.leclercdrive.fr/image.ashx?id=2859986&use=l&cat=p&typeid=i","cat":284594},{"id":178837,"n":"Shampooing solide Ultra Doux Délicatesse - 60g","p":4.1,"u":"68,33 €/KG","img":"https://fd14-photos.leclercdrive.fr/image.ashx?id=2647098&use=l&cat=p&typeid=i","cat":284606},{"id":178844,"n":"Tampon Tampax Compak Avec applicateur - Super - x24","p":3.1,"u":"0,13 €/P","img":"https://fd14-photos.leclercdrive.fr/image.ashx?id=2850246&use=l&cat=p&typeid=i","cat":284626},{"id":178845,"n":"Tampons Tampax Compak  Avec applicateur - Super+ - x22","p":3.02,"u":"0,14 €/P","img":"https://fd14-photos.leclercdrive.fr/image.ashx?id=2850405&use=l&cat=p&typeid=i","cat":284626},{"id":178950,"n":"Eponge Spontex  Flash - x2","p":2.2,"u":"73,33 €/KG","img":"https://fd14-photos.leclercdrive.fr/image.ashx?id=2657781&use=l&cat=p&typeid=i","cat":284667},{"id":178951,"n":"Sacs poubelle Handy Bag   Ultra résistant 50L - x10","p":2.75,"u":"0,28 €/P","img":"https://fd14-photos.leclercdrive.fr/image.ashx?id=2918970&use=l&cat=p&typeid=i","cat":285168},{"id":178954,"n":"Mouchoirs Family Kleenex® Boîte x128","p":1.75,"u":"0,01 €/P","img":"https://fd14-photos.leclercdrive.fr/image.ashx?id=3009017&use=l&cat=p&typeid=i","cat":284638},{"id":178974,"n":"Mouchoirs Balsam Kleenex® Boîte x64","p":1.3,"u":"0,02 €/P","img":"https://fd14-photos.leclercdrive.fr/image.ashx?id=2853353&use=l&cat=p&typeid=i","cat":284638},{"id":178976,"n":"Beurre moulé Grand Fermage Sel de mer - 80% MG - 125g","p":1.6,"u":"12,80 €/KG","img":"https://fd14-photos.leclercdrive.fr/image.ashx?id=2985330&use=l&cat=p&typeid=i","cat":284379},{"id":178977,"n":"Bûche de Chèvre Soignon  120g","p":1.8,"u":"15,00 €/KG","img":"https://fd14-photos.leclercdrive.fr/image.ashx?id=2676717&use=l&cat=p&typeid=i","cat":314031},{"id":179002,"n":"Préservatifs Durex Confort Essential Confiance x24","p":7.85,"u":"0,33 €/P","img":"https://fd14-photos.leclercdrive.fr/image.ashx?id=2962029&use=l&cat=p&typeid=i","cat":284631},{"id":179010,"n":"Cheddar Cathedral City Extra mature - 200g","p":3.8,"u":"19,00 €/KG","img":"https://fd14-photos.leclercdrive.fr/image.ashx?id=2461210&use=l&cat=p&typeid=i","cat":314034},{"id":179013,"n":"Petit Camembert  E. Graindorge - 150g","p":2.95,"u":"19,67 €/KG","img":"https://fd14-photos.leclercdrive.fr/image.ashx?id=2860934&use=l&cat=p&typeid=i","cat":314033},{"id":179025,"n":"Sacs poubelle 30L Handy Bag Ultra résistant - x20","p":2.7,"u":"0,14 €/P","img":"https://fd14-photos.leclercdrive.fr/image.ashx?id=2603800&use=l&cat=p&typeid=i","cat":285168},{"id":179026,"n":"Sacs poubelle 50L Handy Bag Ultra résistant - x10","p":2.1,"u":"0,21 €/P","img":"https://fd14-photos.leclercdrive.fr/image.ashx?id=2906730&use=l&cat=p&typeid=i","cat":285168},{"id":179027,"n":"Sacs poubelle 30L Handy Bag Ultra résistant - x15","p":2.75,"u":"0,18 €/P","img":"https://fd14-photos.leclercdrive.fr/image.ashx?id=2992278&use=l&cat=p&typeid=i","cat":285168},{"id":179028,"n":"Gel douche Sanex zéro 0% Peaux normales - 725ml","p":4.6,"u":"6,34 €/L","img":"https://fd14-photos.leclercdrive.fr/image.ashx?id=2685540&use=l&cat=p&typeid=i","cat":284594},{"id":179030,"n":"Sacs poubelle 30L Handy Bag Ultra résistant - x15","p":3.09,"u":"0,21 €/P","img":"https://fd14-photos.leclercdrive.fr/image.ashx?id=2633145&use=l&cat=p&typeid=i","cat":285168},{"id":179031,"n":"Gel douche Sanex zéro 0% Peaux normales - 475ml","p":3.17,"u":"6,67 €/L","img":"https://fd14-photos.leclercdrive.fr/image.ashx?id=2648851&use=l&cat=p&typeid=i","cat":284594},{"id":179039,"n":"Film fraîcheur Albal 30m","p":1.9,"img":"https://fd14-photos.leclercdrive.fr/image.ashx?id=2929056&use=l&cat=p&typeid=i","cat":334134},{"id":179056,"n":"Dentifrice Signal Integral 8  Fraîcheur et détox -75ml","p":2.03,"u":"27,07 €/L","img":"https://fd14-photos.leclercdrive.fr/image.ashx?id=2960228&use=l&cat=p&typeid=i","cat":284612},{"id":179087,"n":"Liquide Vaisselle Paic Citron - 750ml","p":1.7,"u":"2,27 €/L","img":"https://fd14-photos.leclercdrive.fr/image.ashx?id=2322835&use=l&cat=p&typeid=i","cat":284655},{"id":179088,"n":"Liquide Vaisselle Paic Citron Vert - 750ml","p":1.85,"u":"2,47 €/L","img":"https://fd14-photos.leclercdrive.fr/image.ashx?id=2322838&use=l&cat=p&typeid=i","cat":284655},{"id":179256,"n":"Jus Ocean Spray Classic  Cranberry - 1L","p":2.0,"u":"2,00 €/L","img":"https://fd14-photos.leclercdrive.fr/image.ashx?id=2324021&use=l&cat=p&typeid=i","cat":284915},{"id":179263,"n":"Sérum de nuit L'Oréal Paris Age Perfect anti-âge - 30ml","p":11.97,"pp":7.9,"u":"263,33 €/L","img":"https://fd14-photos.leclercdrive.fr/image.ashx?id=2867536&use=l&cat=p&typeid=i","cat":325345},{"id":179264,"n":"Sérum repulpant L'Oréal Paris Revitalift anti-rides - 20ml","p":14.4,"u":"720,00 €/L","img":"https://fd14-photos.leclercdrive.fr/image.ashx?id=2867539&use=l&cat=p&typeid=i","cat":325345},{"id":179265,"n":"Crème de Jour L'Oréal Paris Age Perfect SPF30 - 50ml","p":14.8,"u":"296,00 €/L","img":"https://fd14-photos.leclercdrive.fr/image.ashx?id=2887968&use=l&cat=p&typeid=i","cat":325345},{"id":179301,"n":"Eau Micellaire Garnier Peaux Sèches, Sensibles - 400ml","p":2.87,"u":"7,18 €/L","img":"https://fd14-photos.leclercdrive.fr/image.ashx?id=2323637&use=l&cat=p&typeid=i","cat":284603},{"id":179326,"n":"Gel douche Sanex Zéro 0% Peaux sèches - 475ml","p":3.17,"u":"6,67 €/L","img":"https://fd14-photos.leclercdrive.fr/image.ashx?id=2692857&use=l&cat=p&typeid=i","cat":284594},{"id":179352,"n":"Eco recharge gel douche Sanex 0% Peaux sèches - 500ml","p":3.05,"u":"6,10 €/L","img":"https://fd14-photos.leclercdrive.fr/image.ashx?id=2866199&use=l&cat=p&typeid=i","cat":284594},{"id":179355,"n":"Eco recharge gel douche Sanex Zéro 0% famille hydratant - 1L","p":7.5,"u":"7,50 €/L","img":"https://fd14-photos.leclercdrive.fr/image.ashx?id=2676927&use=l&cat=p&typeid=i","cat":284594},{"id":179356,"n":"Gel douche Sanex Zéro 0% Peaux sèches - 725ml","p":4.53,"u":"6,25 €/L","img":"https://fd14-photos.leclercdrive.fr/image.ashx?id=2738392&use=l&cat=p&typeid=i","cat":284594},{"id":179357,"n":"Eco recharge shampooing bio N.A.E. nutrition - 500ML","p":7.45,"u":"14,90 €/L","img":"https://fd14-photos.leclercdrive.fr/image.ashx?id=2464042&use=l&cat=p&typeid=i","cat":284606},{"id":179377,"n":"Masque SO'BiO étic charbon  purifiant Yuzu bio - 75ml","p":8.09,"u":"107,87 €/L","img":"https://fd14-photos.leclercdrive.fr/image.ashx?id=2325236&use=l&cat=p&typeid=i","cat":284603},{"id":179380,"n":"Crème hydratante SO'BiO étic men Guarana - 50ml","p":12.35,"u":"247,00 €/L","img":"https://fd14-photos.leclercdrive.fr/image.ashx?id=2505564&use=l&cat=p&typeid=i","cat":284622},{"id":179382,"n":"Crème nutritive SO'BiO étic bio Argan Peaux matures - 50ml","p":13.7,"u":"274,00 €/L","img":"https://fd14-photos.leclercdrive.fr/image.ashx?id=2775628&use=l&cat=p&typeid=i","cat":325345},{"id":179384,"n":"Pâte à tartiner Eco+ 750g - aux noissettes","p":2.47,"u":"3,29 €/KG","img":"https://fd14-photos.leclercdrive.fr/image.ashx?id=2841148&use=l&cat=p&typeid=i","cat":284481},{"id":179403,"n":"Eau gazeuse Vichy Célestins 6x1,15L","p":3.5,"u":"0,51 €/L","img":"https://fd14-photos.leclercdrive.fr/image.ashx?id=2376542&use=l&cat=p&typeid=i","cat":284536},{"id":179413,"n":"Piles Alcalines Energizer Max 9V - pack de 2","p":7.95,"img":"https://fd14-photos.leclercdrive.fr/image.ashx?id=2850713&use=l&cat=p&typeid=i","cat":300572},{"id":179416,"n":"Pile Alcalines Energizer Max Plus AAA/LR03 - x4","p":5.95,"img":"https://fd14-photos.leclercdrive.fr/image.ashx?id=2393368&use=l&cat=p&typeid=i","cat":300572},{"id":179417,"n":"Pile Alcalines Energizer  Max AA/LR6 - x6","p":6.9,"img":"https://fd14-photos.leclercdrive.fr/image.ashx?id=2737198&use=l&cat=p&typeid=i","cat":300572},{"id":179418,"n":"Pile Alcalines Energizer Max AAA/LR03 - x6","p":6.9,"img":"https://fd14-photos.leclercdrive.fr/image.ashx?id=2850722&use=l&cat=p&typeid=i","cat":300572},{"id":179431,"n":"Brioche Pitch Chocolat x8 - 300g","p":1.82,"u":"6,07 €/KG","img":"https://fd14-photos.leclercdrive.fr/image.ashx?id=2452119&use=l&cat=p&typeid=i","cat":293505},{"id":179432,"n":"Brioches Pitch Fraise x8 - 300g","p":2.1,"u":"7,00 €/KG","img":"https://fd14-photos.leclercdrive.fr/image.ashx?id=2452116&use=l&cat=p&typeid=i","cat":293505},{"id":179433,"n":"Brioche Pitch Chocolat au lait x8 - 300g","p":2.2,"u":"7,33 €/KG","img":"https://fd14-photos.leclercdrive.fr/image.ashx?id=2452113&use=l&cat=p&typeid=i","cat":293505},{"id":179435,"n":"Brioche Pitch Chocolat x12 - 450g","p":3.11,"u":"6,91 €/KG","img":"https://fd14-photos.leclercdrive.fr/image.ashx?id=2452110&use=l&cat=p&typeid=i","cat":293505},{"id":179437,"n":"Brioches Pitch Pépites chocolat x8 - 300g","p":2.2,"u":"7,33 €/KG","img":"https://fd14-photos.leclercdrive.fr/image.ashx?id=2452107&use=l&cat=p&typeid=i","cat":293505},{"id":179438,"n":"Brioche Pitch Pépites de chocolat x12 - 450g","p":3.17,"u":"7,04 €/KG","img":"https://fd14-photos.leclercdrive.fr/image.ashx?id=2452104&use=l&cat=p&typeid=i","cat":293505},{"id":179439,"n":"Brioches Pitch Choco barre noir x8-  300g","p":2.7,"u":"9,00 €/KG","img":"https://fd14-photos.leclercdrive.fr/image.ashx?id=2452101&use=l&cat=p&typeid=i","cat":293505},{"id":179440,"n":"Brioches Pitch  Choco barre lait x8 - 300g","p":2.29,"u":"7,63 €/KG","img":"https://fd14-photos.leclercdrive.fr/image.ashx?id=2454115&use=l&cat=p&typeid=i","cat":293505},{"id":179487,"n":"Gel douche Sanex Zéro 0% Peaux sèches - 2x475ml","p":6.3,"u":"6,63 €/L","img":"https://fd14-photos.leclercdrive.fr/image.ashx?id=2676921&use=l&cat=p&typeid=i","cat":284594},{"id":179488,"n":"Gel douche Sanex Zéro 0% Peaux normales - 2x475ml","p":6.3,"u":"6,63 €/L","img":"https://fd14-photos.leclercdrive.fr/image.ashx?id=2676924&use=l&cat=p&typeid=i","cat":284594},{"id":179529,"n":"Blanc de poulet Fleury Michon 100% Filet x2 - 65g","p":1.3,"u":"20,00 €/KG","img":"https://fd14-photos.leclercdrive.fr/image.ashx?id=2954839&use=l&cat=p&typeid=i","cat":316010},{"id":179603,"n":"Bonbons Tic Tac  49g - Framboise myrtille","p":1.6,"u":"32,65 €/KG","img":"https://fd14-photos.leclercdrive.fr/image.ashx?id=2479492&use=l&cat=p&typeid=i","cat":304256},{"id":179640,"n":"Jus Ocean Spray Classic Light Cranberry - 1L","p":1.9,"u":"1,90 €/L","img":"https://fd14-photos.leclercdrive.fr/image.ashx?id=2328415&use=l&cat=p&typeid=i","cat":284915},{"id":179669,"n":"Liquide vaisselle Paic Citron - 1,5L","p":2.88,"u":"1,92 €/L","img":"https://fd14-photos.leclercdrive.fr/image.ashx?id=2328673&use=l&cat=p&typeid=i","cat":284655},{"id":179698,"n":"Bâtonnets de merlu panés MSC Pescanova -  450 g","p":3.6,"u":"8,00 €/KG","img":"https://fd14-photos.leclercdrive.fr/image.ashx?id=2653696&use=l&cat=p&typeid=i","cat":319788},{"id":179759,"n":"Croque Bistrot Fromage Côté Table - 2x150g","p":2.99,"u":"9,97 €/KG","img":"https://fd14-photos.leclercdrive.fr/image.ashx?id=2819950&use=l&cat=p&typeid=i","cat":333671},{"id":179860,"n":"Glaces Kinder Bueno noisettes chocolat lait x4 248g","p":3.75,"u":"15,12 €/KG","img":"https://fd14-photos.leclercdrive.fr/image.ashx?id=2759068&use=l&cat=p&typeid=i","cat":284264},{"id":179870,"n":"Mochi glacé  Vanille - 210g","p":5.3,"u":"25,24 €/KG","img":"https://fd14-photos.leclercdrive.fr/image.ashx?id=2336329&use=l&cat=p&typeid=i","cat":284266},{"id":179939,"n":"Bâtonnets Trium vanille choco blanc fruits rouges x4 - 274g","p":2.69,"u":"9,82 €/KG","img":"https://fd14-photos.leclercdrive.fr/image.ashx?id=2758312&use=l&cat=p&typeid=i","cat":284265},{"id":179946,"n":"Croques bistrot Coté table  jambon emmental - 2x150g","p":2.99,"u":"9,97 €/KG","img":"https://fd14-photos.leclercdrive.fr/image.ashx?id=2819953&use=l&cat=p&typeid=i","cat":333671},{"id":179953,"n":"Salade museau Menu fraîcheur porc - 500g","p":3.29,"u":"6,58 €/KG","img":"https://fd14-photos.leclercdrive.fr/image.ashx?id=2816606&use=l&cat=p&typeid=i","cat":333657},{"id":179961,"n":"Haricots verts Jardin Bio Etic Bio - sans sel ajouté - 185g","p":2.7,"u":"14,59 €/KG","img":"https://fd14-photos.leclercdrive.fr/image.ashx?id=2835421&use=l&cat=p&typeid=i","cat":312606},{"id":179970,"n":"Thé noir bio Jardin Bio Etic Fruits rouges x20 - 28g","p":2.82,"u":"100,71 €/KG","img":"https://fd14-photos.leclercdrive.fr/image.ashx?id=2419089&use=l&cat=p&typeid=i","cat":293233},{"id":180030,"n":"Sauce Crudités Bénédicta Nature - 735g","p":3.32,"u":"4,52 €/KG","img":"https://fd14-photos.leclercdrive.fr/image.ashx?id=2549777&use=l&cat=p&typeid=i","cat":284456},{"id":180065,"n":"Rillettes de thon Petit Navire 125g","p":1.9,"u":"15,20 €/KG","img":"https://fd14-photos.leclercdrive.fr/image.ashx?id=2533388&use=l&cat=p&typeid=i","cat":303867},{"id":180069,"n":"Rillettes au saumon  Petit Navire - 125g","p":1.75,"u":"14,00 €/KG","img":"https://fd14-photos.leclercdrive.fr/image.ashx?id=2533391&use=l&cat=p&typeid=i","cat":305147},{"id":180071,"n":"Cidre doux Eco+ 2% - 75cl","p":1.59,"u":"2,12 €/L","img":"https://fd14-photos.leclercdrive.fr/image.ashx?id=2903926&use=l&cat=p&typeid=i","cat":334880},{"id":180081,"n":"Moulin 3 poivres Sainte Lucie - 44g","p":3.1,"u":"70,45 €/KG","img":"https://fd14-photos.leclercdrive.fr/image.ashx?id=2774457&use=l&cat=p&typeid=i","cat":284457},{"id":180090,"n":"Baies de Genièvre Sainte Lucie - 30g","p":1.7,"u":"56,67 €/KG","img":"https://fd14-photos.leclercdrive.fr/image.ashx?id=2776130&use=l&cat=p&typeid=i","cat":298297},{"id":180153,"n":"Gâche des gourmands tranchée La Fournée dorée - 450g","p":2.75,"u":"6,11 €/KG","img":"https://fd14-photos.leclercdrive.fr/image.ashx?id=2424557&use=l&cat=p&typeid=i","cat":284478},{"id":180157,"n":"Gelée de Groseilles Bonne Maman - 370g","p":1.8,"u":"4,86 €/KG","img":"https://fd14-photos.leclercdrive.fr/image.ashx?id=2482975&use=l&cat=p&typeid=i","cat":284480},{"id":180173,"n":"Pâté de foie Hénaff supérieur  sel de Guérande - 3x78g","p":2.15,"u":"9,19 €/KG","img":"https://fd14-photos.leclercdrive.fr/image.ashx?id=2582132&use=l&cat=p&typeid=i","cat":305149},{"id":180196,"n":"Brioches Pitch  Pomme poire - x8 - 300g","p":2.3,"u":"7,67 €/KG","img":"https://fd14-photos.leclercdrive.fr/image.ashx?id=2454100&use=l&cat=p&typeid=i","cat":293505},{"id":180202,"n":"Purée de tomate Panzani Tomacouli ail & herbes - 500g","p":1.45,"u":"2,90 €/KG","img":"https://fd14-photos.leclercdrive.fr/image.ashx?id=2890610&use=l&cat=p&typeid=i","cat":288384},{"id":180204,"n":"Nouilles instantanées Tanoshi Blé bœuf - sachet 85g","p":0.75,"u":"8,82 €/KG","img":"https://fd14-photos.leclercdrive.fr/image.ashx?id=2955791&use=l&cat=p&typeid=i","cat":288992},{"id":180240,"n":"Sucre roux de canne  Blonvilliers - 750g","p":2.57,"u":"3,43 €/KG","img":"https://fd14-photos.leclercdrive.fr/image.ashx?id=2460092&use=l&cat=p&typeid=i","cat":284502},{"id":180302,"n":"Biscuits Palmier St Michel  au beurre - 87g","p":1.1,"u":"12,64 €/KG","img":"https://fd14-photos.leclercdrive.fr/image.ashx?id=2555379&use=l&cat=p&typeid=i","cat":284487},{"id":180304,"n":"Semoule de couscous moyen Eco+ - 1kg","p":1.05,"u":"1,05 €/KG","img":"https://fd14-photos.leclercdrive.fr/image.ashx?id=2757906&use=l&cat=p&typeid=i","cat":284429},{"id":180325,"n":"Palmiers feuilletés Tokapi  tomate épicée - 75g","p":1.85,"u":"24,67 €/KG","img":"https://fd14-photos.leclercdrive.fr/image.ashx?id=2330963&use=l&cat=p&typeid=i","cat":297000},{"id":180330,"n":"Rice Crackers N.A Sel de mer - 85g","p":1.75,"u":"20,59 €/KG","img":"https://fd14-photos.leclercdrive.fr/image.ashx?id=2339757&use=l&cat=p&typeid=i","cat":297000},{"id":180333,"n":"Grignot' cacahuètes Tokapi - 140g","p":0.99,"u":"7,07 €/KG","img":"https://fd14-photos.leclercdrive.fr/image.ashx?id=2331066&use=l&cat=p&typeid=i","cat":284449},{"id":180335,"n":"Chocolat noir Poulain extra-fin à cuisiner - 2x180g","p":3.8,"u":"10,56 €/KG","img":"https://fd14-photos.leclercdrive.fr/image.ashx?id=2986672&use=l&cat=p&typeid=i","cat":284956},{"id":180340,"n":"Lait bébé 1A GUIGOZ OPTIPRO  0-6 mois - 2x600g","p":20.67,"u":"17,23 €/KG","img":"https://fd14-photos.leclercdrive.fr/image.ashx?id=2846147&use=l&cat=p&typeid=i","cat":284726},{"id":180344,"n":"Fromage enfant Mini Babybel 6 portions goûter - 132g","p":2.25,"u":"17,05 €/KG","img":"https://fd14-photos.leclercdrive.fr/image.ashx?id=2970822&use=l&cat=p&typeid=i","cat":314030},{"id":180345,"n":"Fromage enfant Mini Babybel 12 portions goûter - 264g","p":4.24,"u":"16,06 €/KG","img":"https://fd14-photos.leclercdrive.fr/image.ashx?id=2970825&use=l&cat=p&typeid=i","cat":314030},{"id":180397,"n":"Barres Chocolatées KINDER BUENO  Chocolat au Lait x3 - 129g","p":2.23,"u":"17,29 €/KG","img":"https://fd14-photos.leclercdrive.fr/image.ashx?id=2762295&use=l&cat=p&typeid=i","cat":284498},{"id":180401,"n":"Mayonnaise Bénédicta Nature - 255g","p":1.73,"u":"6,78 €/KG","img":"https://fd14-photos.leclercdrive.fr/image.ashx?id=2658734&use=l&cat=p&typeid=i","cat":298295},{"id":180414,"n":"Chips Tuiles Pringles Pizza - 175g","p":2.52,"u":"14,40 €/KG","img":"https://fd14-photos.leclercdrive.fr/image.ashx?id=2661748&use=l&cat=p&typeid=i","cat":287899},{"id":180418,"n":"Pois chiches Sultanines 530g","p":1.5,"u":"2,83 €/KG","img":"https://fd14-photos.leclercdrive.fr/image.ashx?id=2331363&use=l&cat=p&typeid=i","cat":312609},{"id":180421,"n":"Bûchettes de sucre Saint Louis 4g x 125 - coffret de 500g","p":2.51,"u":"5,02 €/KG","img":"https://fd14-photos.leclercdrive.fr/image.ashx?id=2331387&use=l&cat=p&typeid=i","cat":284502},{"id":180432,"n":"Thé noir Twinings vanille x20 - 32g","p":2.6,"u":"81,25 €/KG","img":"https://fd14-photos.leclercdrive.fr/image.ashx?id=2893057&use=l&cat=p&typeid=i","cat":293233},{"id":180444,"n":"Isey Skyr Cheesecake Citron - 400g","p":2.85,"u":"7,13 €/KG","img":"https://fd14-photos.leclercdrive.fr/image.ashx?id=2598618&use=l&cat=p&typeid=i","cat":315000},{"id":180453,"n":"Thé glacé Fuze Tea  Pêche Intense - 6x33cl","p":3.4,"u":"1,72 €/L","img":"https://fd14-photos.leclercdrive.fr/image.ashx?id=2940405&use=l&cat=p&typeid=i","cat":295019},{"id":180545,"n":"Serviettes hygiéniques Nana Ultra - Régulier+ - x14","p":1.9,"u":"0,14 €/P","img":"https://fd14-photos.leclercdrive.fr/image.ashx?id=3011881&use=l&cat=p&typeid=i","cat":284624},{"id":180546,"n":"Serviettes Ultra Régulier+ Nana Deo Ailettes Flux modéré - x14","p":1.9,"u":"0,14 €/P","img":"https://fd14-photos.leclercdrive.fr/image.ashx?id=2767225&use=l&cat=p&typeid=i","cat":284624},{"id":180547,"n":"Serviettes hygiéniques Nana Ultra - Régulier- x16","p":1.9,"u":"0,12 €/P","img":"https://fd14-photos.leclercdrive.fr/image.ashx?id=3000860&use=l&cat=p&typeid=i","cat":284624},{"id":180549,"n":"Serviettes Ultra Régulier Nana Deo Ailettes Flux modéré - x28","p":3.05,"u":"0,11 €/P","img":"https://fd14-photos.leclercdrive.fr/image.ashx?id=3005299&use=l&cat=p&typeid=i","cat":284624},{"id":180550,"n":"Serviettes hygiéniques Nana Ultra - Spécial Nuit - x10","p":1.85,"u":"0,19 €/P","img":"https://fd14-photos.leclercdrive.fr/image.ashx?id=2944990&use=l&cat=p&typeid=i","cat":284624},{"id":180551,"n":"Serviettes hygiéniques Nana Ultra - Spécial Nuit - x20","p":2.99,"u":"0,15 €/P","img":"https://fd14-photos.leclercdrive.fr/image.ashx?id=2756401&use=l&cat=p&typeid=i","cat":284624},{"id":180552,"n":"Soda à l'orange Orangina 6x25cl verre","p":4.7,"u":"3,13 €/L","img":"https://fd14-photos.leclercdrive.fr/image.ashx?id=2476431&use=l&cat=p&typeid=i","cat":284532},{"id":180685,"n":"Riz à la Basquaise Bonduelle Poulet rôti et Poivrons - 300g","p":2.2,"u":"7,33 €/KG","img":"https://fd14-photos.leclercdrive.fr/image.ashx?id=2392999&use=l&cat=p&typeid=i","cat":333657},{"id":180797,"n":"Mouchoirs UltraSoft Kleenex® Boîte x64","p":1.45,"img":"https://fd14-photos.leclercdrive.fr/image.ashx?id=2853350&use=l&cat=p&typeid=i","cat":284638},{"id":180800,"n":"Lait Corps Le Petit Marseillais  Bio miel argan - 250ml","p":4.94,"u":"19,76 €/L","img":"https://fd14-photos.leclercdrive.fr/image.ashx?id=2904856&use=l&cat=p&typeid=i","cat":325349},{"id":180922,"n":"Boîte crayons couleurs Maped Harry Potter - x12","p":2.4,"img":"https://fd14-photos.leclercdrive.fr/image.ashx?id=2381865&use=l&cat=p&typeid=i","cat":284696},{"id":181684,"n":"Roller Frixion ball fin Pilot + 3 Recharges","p":6.5,"img":"https://fd14-photos.leclercdrive.fr/image.ashx?id=2578034&use=l&cat=p&typeid=i","cat":284696},{"id":181704,"n":"Duo de quinoa Bio par Nature Blanc et rouge bio - 400g","p":4.15,"u":"10,38 €/KG","img":"https://fd14-photos.leclercdrive.fr/image.ashx?id=2912476&use=l&cat=p&typeid=i","cat":284429},{"id":181724,"n":"Chips Bret's Cheddar oignons - 125g","p":1.55,"u":"12,40 €/KG","img":"https://fd14-photos.leclercdrive.fr/image.ashx?id=2341582&use=l&cat=p&typeid=i","cat":284447},{"id":182003,"n":"Saint Félicien Sainte Colombe 160g","p":3.0,"u":"18,75 €/KG","img":"https://fd14-photos.leclercdrive.fr/image.ashx?id=2342403&use=l&cat=p&typeid=i","cat":329558},{"id":182047,"n":"Jambon de Bayonne Saint Azay 6 tranches - 150g","p":3.72,"u":"24,80 €/KG","img":"https://fd14-photos.leclercdrive.fr/image.ashx?id=2342190&use=l&cat=p&typeid=i","cat":316007},{"id":182071,"n":"Croquettes chien Ultima Mini Adulte poulet - 1.35kg","p":5.45,"u":"4,04 €/KG","img":"https://fd14-photos.leclercdrive.fr/image.ashx?id=2926645&use=l&cat=p&typeid=i","cat":294526},{"id":182152,"n":"Emmental râpé fondant Président 350g","p":3.57,"u":"10,20 €/KG","img":"https://fd14-photos.leclercdrive.fr/image.ashx?id=2490599&use=l&cat=p&typeid=i","cat":314035},{"id":182157,"n":"Dentifrice enfants Bionaia Bio - 50ml","p":1.15,"u":"23,00 €/L","img":"https://fd14-photos.leclercdrive.fr/image.ashx?id=2498837&use=l&cat=p&typeid=i","cat":288898},{"id":182212,"n":"Semoule moyenne panzani 500g","p":1.4,"u":"2,80 €/KG","img":"https://fd14-photos.leclercdrive.fr/image.ashx?id=2745562&use=l&cat=p&typeid=i","cat":284429},{"id":182227,"n":"AOP Champagne brut  Brochet Prevost 75cl","p":21.17,"u":"28,23 €/L","img":"https://fd14-photos.leclercdrive.fr/image.ashx?id=2364438&use=l&cat=p&typeid=i","cat":284542},{"id":182242,"n":"Vin mousseux Charles Volner Brut - 3x20cl","p":4.4,"u":"7,33 €/L","img":"https://fd14-photos.leclercdrive.fr/image.ashx?id=2344903&use=l&cat=p&typeid=i","cat":284544},{"id":182243,"n":"Vin mousseux Charles Volner 1/2 sec - 3x20cl","p":4.4,"u":"7,33 €/L","img":"https://fd14-photos.leclercdrive.fr/image.ashx?id=2344906&use=l&cat=p&typeid=i","cat":284544},{"id":182266,"n":"Shampooing sec Batiste Original - 200ml","p":3.25,"u":"16,25 €/L","img":"https://fd14-photos.leclercdrive.fr/image.ashx?id=2344046&use=l&cat=p&typeid=i","cat":289143},{"id":182267,"n":"Shampooing sec Batiste Blush - 200ml","p":3.25,"u":"16,25 €/L","img":"https://fd14-photos.leclercdrive.fr/image.ashx?id=2630454&use=l&cat=p&typeid=i","cat":289143},{"id":182317,"n":"Sauce tomate Jardin Bio Etic bio 200g","p":1.41,"u":"7,05 €/KG","img":"https://fd14-photos.leclercdrive.fr/image.ashx?id=3000195&use=l&cat=p&typeid=i","cat":288384},{"id":182340,"n":"Lait en poudre Guigoz Optipro 2ème âge - 6-12 mois - 830g","p":15.26,"u":"18,39 €/KG","img":"https://fd14-photos.leclercdrive.fr/image.ashx?id=2737747&use=l&cat=p&typeid=i","cat":284727},{"id":182342,"n":"Lait bébé en poudre Guigoz Gest 2ème âge - 6-12 mois - 830g","p":17.2,"u":"20,72 €/KG","img":"https://fd14-photos.leclercdrive.fr/image.ashx?id=2469478&use=l&cat=p&typeid=i","cat":284727},{"id":182345,"n":"Margarine Fruit d'Or Oméga 3&6 Sel de mer - 450g","p":2.9,"u":"6,44 €/KG","img":"https://fd14-photos.leclercdrive.fr/image.ashx?id=2347407&use=l&cat=p&typeid=i","cat":315229},{"id":182347,"n":"Emincés de porc marinés Hénaff Au Caramel - 280g","p":4.6,"u":"16,43 €/KG","img":"https://fd14-photos.leclercdrive.fr/image.ashx?id=2794502&use=l&cat=p&typeid=i","cat":284331},{"id":182352,"n":"Emincés de porc marinés Hénaff Tex Mex - 280g","p":4.6,"u":"16,43 €/KG","img":"https://fd14-photos.leclercdrive.fr/image.ashx?id=2794505&use=l&cat=p&typeid=i","cat":284331},{"id":182354,"n":"Emincés de porc marinés Hénaff Au Curry - 280g","p":4.6,"u":"16,43 €/KG","img":"https://fd14-photos.leclercdrive.fr/image.ashx?id=2794508&use=l&cat=p&typeid=i","cat":284331},{"id":182365,"n":"Jambon de Bayonne Saint Azay 4 tranches - 100g","p":2.48,"u":"24,80 €/KG","img":"https://fd14-photos.leclercdrive.fr/image.ashx?id=2345848&use=l&cat=p&typeid=i","cat":316007},{"id":182373,"n":"Skyr Siggi's  Mangue Passion - 2x140g","p":2.0,"u":"7,14 €/KG","img":"https://fd14-photos.leclercdrive.fr/image.ashx?id=2792027&use=l&cat=p&typeid=i","cat":315000},{"id":182396,"n":"Le Lait Ribot Bio Paysan Breton - 1L","p":2.45,"u":"2,45 €/L","img":"https://fd14-photos.leclercdrive.fr/image.ashx?id=3000153&use=l&cat=p&typeid=i","cat":285609},{"id":182465,"n":"Bière sans alcool Tourtel Twist Ananas 0,0° - 6x27,5cl","p":4.47,"u":"2,71 €/L","img":"https://fd14-photos.leclercdrive.fr/image.ashx?id=2684925&use=l&cat=p&typeid=i","cat":334877},{"id":182470,"n":"Bière Gallia champ libre  12x33cl","p":15.95,"u":"4,03 €/L","img":"https://fd14-photos.leclercdrive.fr/image.ashx?id=2971209&use=l&cat=p&typeid=i","cat":334872},{"id":182480,"n":"Lait bébé en poudre Guigoz Gest 1er âge - 0-6 mois - 830g","p":17.44,"u":"21,01 €/KG","img":"https://fd14-photos.leclercdrive.fr/image.ashx?id=2895047&use=l&cat=p&typeid=i","cat":284726},{"id":182505,"n":"Croquettes chien Ultima Mini Adulte saumon - 1,35kg","p":5.4,"u":"4,00 €/KG","img":"https://fd14-photos.leclercdrive.fr/image.ashx?id=2921915&use=l&cat=p&typeid=i","cat":294526},{"id":182519,"n":"Croquettes petit chien Ultima  Adulte bœuf - 1,35kg","p":5.5,"u":"4,07 €/KG","img":"https://fd14-photos.leclercdrive.fr/image.ashx?id=2921909&use=l&cat=p&typeid=i","cat":294526},{"id":182542,"n":"Céréales Oreo 350g","p":3.45,"u":"9,86 €/KG","img":"https://fd14-photos.leclercdrive.fr/image.ashx?id=2764583&use=l&cat=p&typeid=i","cat":309513},{"id":182752,"n":"Sandwich Mega Club Sodebo  Pain Suédois Jambon ChedD -230g","p":2.3,"u":"10,00 €/KG","img":"https://fd14-photos.leclercdrive.fr/image.ashx?id=2936443&use=l&cat=p&typeid=i","cat":333658},{"id":182791,"n":"Croquettes chiens adultes Poulet - 7kg","p":21.85,"u":"3,12 €/KG","img":"https://fd14-photos.leclercdrive.fr/image.ashx?id=2894968&use=l&cat=p&typeid=i","cat":294526},{"id":182820,"n":"Céréales Weetabix original  430g","p":2.95,"u":"6,86 €/KG","img":"https://fd14-photos.leclercdrive.fr/image.ashx?id=2853347&use=l&cat=p&typeid=i","cat":309512},{"id":182887,"n":"Fromage à tartiner Boursin Ail & fines herbes - 150g","p":2.09,"u":"13,93 €/KG","img":"https://fd14-photos.leclercdrive.fr/image.ashx?id=2964449&use=l&cat=p&typeid=i","cat":314029},{"id":182888,"n":"Lait bébé poudre Guigoz Optipro 1er âge - 0-6mois - 830g","p":16.34,"u":"19,69 €/KG","img":"https://fd14-photos.leclercdrive.fr/image.ashx?id=2806423&use=l&cat=p&typeid=i","cat":284726},{"id":182910,"n":"Curry thai bio Céréal Bio  Lentilles repas express - 240g","p":2.6,"u":"10,83 €/KG","img":"https://fd14-photos.leclercdrive.fr/image.ashx?id=2664079&use=l&cat=p&typeid=i","cat":287600},{"id":182912,"n":"Yakisoba Céréal Bio   Bio légumes repas express 240g","p":2.62,"u":"10,92 €/KG","img":"https://fd14-photos.leclercdrive.fr/image.ashx?id=2665628&use=l&cat=p&typeid=i","cat":287600},{"id":182913,"n":"Mayonnaise Bénédicta Comme à la maison - 500g","p":3.32,"u":"6,64 €/KG","img":"https://fd14-photos.leclercdrive.fr/image.ashx?id=2889658&use=l&cat=p&typeid=i","cat":298295},{"id":182925,"n":"Pâtes Collezione Barilla Bucatini Grandi -  500g","p":1.9,"u":"3,80 €/KG","img":"https://fd14-photos.leclercdrive.fr/image.ashx?id=2726521&use=l&cat=p&typeid=i","cat":284427},{"id":182938,"n":"Sauce crudités Caesar Amora 380ml","p":2.85,"u":"7,50 €/L","img":"https://fd14-photos.leclercdrive.fr/image.ashx?id=2655223&use=l&cat=p&typeid=i","cat":284456},{"id":182939,"n":"Chips Tuiles Pringles Barbecue - 175g","p":2.29,"u":"13,09 €/KG","img":"https://fd14-photos.leclercdrive.fr/image.ashx?id=2662502&use=l&cat=p&typeid=i","cat":287899},{"id":182963,"n":"Glace Trium Vanille - x4 - 294g","p":3.03,"u":"10,31 €/KG","img":"https://fd14-photos.leclercdrive.fr/image.ashx?id=2911714&use=l&cat=p&typeid=i","cat":284265},{"id":183034,"n":"Mousse au chocolat Marie Morin Noir intense - 2x100g","p":4.2,"u":"21,00 €/KG","img":"https://fd14-photos.leclercdrive.fr/image.ashx?id=2631723&use=l&cat=p&typeid=i","cat":284417},{"id":183049,"n":"Masque Tissu Skinactive Garnier Booster d'éclat Vitamine C","p":2.0,"img":"https://fd14-photos.leclercdrive.fr/image.ashx?id=2849100&use=l&cat=p&typeid=i","cat":325346},{"id":183159,"n":"Pizza Ristorante Dr.Oetker Bolognaise - 375g","p":2.6,"u":"6,93 €/KG","img":"https://fd14-photos.leclercdrive.fr/image.ashx?id=2993071&use=l&cat=p&typeid=i","cat":284256},{"id":183175,"n":"Isey Skyr Framboise Myrtille - 400g","p":2.85,"u":"7,13 €/KG","img":"https://fd14-photos.leclercdrive.fr/image.ashx?id=2598612&use=l&cat=p&typeid=i","cat":315000},{"id":183186,"n":"Isey Skyr Chocolat blanc/Fraise - 400 g","p":2.85,"u":"7,13 €/KG","img":"https://fd14-photos.leclercdrive.fr/image.ashx?id=2354144&use=l&cat=p&typeid=i","cat":315000},{"id":183213,"n":"Eau Micellaire Garnier Tout en 1 Vitamine C - 400mL","p":4.6,"u":"11,50 €/L","img":"https://fd14-photos.leclercdrive.fr/image.ashx?id=2353782&use=l&cat=p&typeid=i","cat":284603},{"id":183259,"n":"Crème Corps Avocat Superfood Peaux sèches - 380ml","p":5.5,"u":"14,47 €/L","img":"https://fd14-photos.leclercdrive.fr/image.ashx?id=2867551&use=l&cat=p&typeid=i","cat":325350},{"id":183262,"n":"Sérum Éclat Vitamine C Garnier Anti-taches - 30ml","p":7.98,"u":"266,00 €/L","img":"https://fd14-photos.leclercdrive.fr/image.ashx?id=2908180&use=l&cat=p&typeid=i","cat":325345},{"id":183285,"n":"Goupillon XXL col large Tigex","p":3.79,"img":"https://fd14-photos.leclercdrive.fr/image.ashx?id=2355578&use=l&cat=p&typeid=i","cat":284742},{"id":183287,"n":"Boites dose poudre de lait Tigex","p":5.5,"img":"https://fd14-photos.leclercdrive.fr/image.ashx?id=2354794&use=l&cat=p&typeid=i","cat":289435},{"id":183291,"n":"Biberon col étroit Air Control  Minnie Tigex +6 mois - 330ml","p":4.9,"img":"https://fd14-photos.leclercdrive.fr/image.ashx?id=2354788&use=l&cat=p&typeid=i","cat":284742},{"id":183306,"n":"Peluche Mimsy La Souris Tigex","p":11.95,"img":"https://fd14-photos.leclercdrive.fr/image.ashx?id=2355536&use=l&cat=p&typeid=i","cat":289435},{"id":183381,"n":"Tranches Cheddar Violife - 200g","p":2.55,"u":"12,75 €/KG","img":"https://fd14-photos.leclercdrive.fr/image.ashx?id=2603477&use=l&cat=p&typeid=i","cat":316070},{"id":183414,"n":"Croquettes Ultima Light Petit chien - 1,35kg","p":5.4,"u":"4,00 €/KG","img":"https://fd14-photos.leclercdrive.fr/image.ashx?id=2921912&use=l&cat=p&typeid=i","cat":294526},{"id":183496,"n":"Brocolis fleurette Notre Jardin 900g","p":1.99,"u":"2,21 €/KG","img":"https://fd14-photos.leclercdrive.fr/image.ashx?id=2873162&use=l&cat=p&typeid=i","cat":319805},{"id":183520,"n":"Déodorant Spray Rexona Anti- Transpirant 72H Invisible 200ml","p":2.92,"u":"14,60 €/L","img":"https://fd14-photos.leclercdrive.fr/image.ashx?id=2850306&use=l&cat=p&typeid=i","cat":284595},{"id":183523,"n":"Rexona Déodorant Femme Spray   72H Musc 200ml","p":3.3,"u":"16,50 €/L","img":"https://fd14-photos.leclercdrive.fr/image.ashx?id=2850312&use=l&cat=p&typeid=i","cat":284595},{"id":183526,"n":"Rexona Déodorant Femme Spray Anti-Transpirant 72H","p":2.85,"u":"14,25 €/L","img":"https://fd14-photos.leclercdrive.fr/image.ashx?id=2850309&use=l&cat=p&typeid=i","cat":284595},{"id":183795,"n":"Yaourt brassé Ker Ronan Mangue Passion - 4x125g","p":2.55,"u":"5,10 €/KG","img":"https://fd14-photos.leclercdrive.fr/image.ashx?id=2359843&use=l&cat=p&typeid=i","cat":284410},{"id":183806,"n":"Bière blonde Morgane Bio 12x25cl","p":12.6,"u":"4,20 €/L","img":"https://fd14-photos.leclercdrive.fr/image.ashx?id=2359546&use=l&cat=p&typeid=i","cat":334873},{"id":183808,"n":"Bière blonde Duchesse Anne Triple - 12x25cl","p":11.95,"u":"3,98 €/L","img":"https://fd14-photos.leclercdrive.fr/image.ashx?id=2361957&use=l&cat=p&typeid=i","cat":334873},{"id":183849,"n":"Déodorant L'Arbre Vert Argan   Hamamélis - 50ml","p":2.9,"u":"58,00 €/L","img":"https://fd14-photos.leclercdrive.fr/image.ashx?id=2862491&use=l&cat=p&typeid=i","cat":284595},{"id":183854,"n":"Déodorant Rexona Men anti transpirant Cobalt Dry - 200ml","p":3.5,"u":"17,50 €/L","img":"https://fd14-photos.leclercdrive.fr/image.ashx?id=2858711&use=l&cat=p&typeid=i","cat":284618},{"id":183856,"n":"Yaourt Gourmand Mamie Nova Mandarine Citron x2 - 300g","p":1.35,"u":"4,50 €/KG","img":"https://fd14-photos.leclercdrive.fr/image.ashx?id=2879053&use=l&cat=p&typeid=i","cat":284410},{"id":183857,"n":"Gel Douche Le Petit Marseillais  Lait d'amande douce - 650ml","p":3.44,"u":"5,29 €/L","img":"https://fd14-photos.leclercdrive.fr/image.ashx?id=2684197&use=l&cat=p&typeid=i","cat":284594},{"id":183858,"n":"Coeur de Liégeois Mamie Nova Cappuccino x2 - 240g","p":1.55,"u":"6,46 €/KG","img":"https://fd14-photos.leclercdrive.fr/image.ashx?id=2909026&use=l&cat=p&typeid=i","cat":285042},{"id":183862,"n":"Bloc WC Bref Brilliant Gel Toilettes propres - 42g x1","p":1.99,"u":"47,38 €/KG","img":"https://fd14-photos.leclercdrive.fr/image.ashx?id=2976782&use=l&cat=p&typeid=i","cat":284662},{"id":183866,"n":"Dentifrice blancheur Colgate Max white one - 75ml","p":2.65,"u":"35,33 €/L","img":"https://fd14-photos.leclercdrive.fr/image.ashx?id=2767255&use=l&cat=p&typeid=i","cat":284612},{"id":183877,"n":"Désodorisant diffuseur Airwick  Electrique Vanille - 19ml","p":3.5,"u":"184,21 €/L","img":"https://fd14-photos.leclercdrive.fr/image.ashx?id=2768237&use=l&cat=p&typeid=i","cat":311629},{"id":183907,"n":"Dentifrice blancheur Colgate Max white optic - 75ml","p":2.25,"u":"30,00 €/L","img":"https://fd14-photos.leclercdrive.fr/image.ashx?id=2738395&use=l&cat=p&typeid=i","cat":284612},{"id":183910,"n":"Perles de Cire Chaude Expert  Veet A la Cire d'abeille 250ml","p":6.25,"u":"27,17 €/KG","img":"https://fd14-photos.leclercdrive.fr/image.ashx?id=2960678&use=l&cat=p&typeid=i","cat":325351},{"id":183917,"n":"Huile Miraculeuse Expert Veet Pré et Post Epilation 100ml","p":8.99,"u":"89,90 €/L","img":"https://fd14-photos.leclercdrive.fr/image.ashx?id=2828547&use=l&cat=p&typeid=i","cat":325351},{"id":183935,"n":"Fond de Teint L'Oréal Paris Infaillible 24H 130 Beige Peau","p":16.5,"pp":10.89,"img":"https://fd14-photos.leclercdrive.fr/image.ashx?id=2358183&use=l&cat=p&typeid=i","cat":287029},{"id":184000,"n":"Déodorant L'Arbre Vert Fleurs de cerisiers, Hamamélis - 50ml","p":2.9,"u":"58,00 €/L","img":"https://fd14-photos.leclercdrive.fr/image.ashx?id=2865824&use=l&cat=p&typeid=i","cat":284595},{"id":184005,"n":"Gel Douche Le Petit Marseillais  Fleur d'oranger - 650ml","p":3.79,"u":"5,83 €/L","img":"https://fd14-photos.leclercdrive.fr/image.ashx?id=2684533&use=l&cat=p&typeid=i","cat":284594},{"id":184096,"n":"Barre de céréales Trésor Stix Chocolat noisettes - 5x20,5g","p":2.33,"u":"22,84 €/KG","img":"https://fd14-photos.leclercdrive.fr/image.ashx?id=2358647&use=l&cat=p&typeid=i","cat":284488},{"id":184141,"n":"Desserts Lactés P'TIT BRASSE Mangue 6M+ - 4x90g","p":2.7,"u":"7,50 €/KG","img":"https://fd14-photos.leclercdrive.fr/image.ashx?id=2594226&use=l&cat=p&typeid=i","cat":312392},{"id":184142,"n":"Desserts Lactés P'TIT BRASSE Fruits rouges 6M+ - 4x90g","p":2.26,"u":"6,28 €/KG","img":"https://fd14-photos.leclercdrive.fr/image.ashx?id=2599943&use=l&cat=p&typeid=i","cat":312392},{"id":184143,"n":"Desserts Lactés P'TIT BRASSE Fraise banane 6M+ - 4x90g","p":2.7,"u":"7,50 €/KG","img":"https://fd14-photos.leclercdrive.fr/image.ashx?id=2594229&use=l&cat=p&typeid=i","cat":312392},{"id":184148,"n":"Biscuits croquants Délichoc Chocolat au lait - 150g","p":1.8,"u":"12,00 €/KG","img":"https://fd14-photos.leclercdrive.fr/image.ashx?id=2867365&use=l&cat=p&typeid=i","cat":284488},{"id":184218,"n":"Le Râpé Moelleux Fleury Michon MSC - 170g","p":2.1,"u":"12,35 €/KG","img":"https://fd14-photos.leclercdrive.fr/image.ashx?id=2954836&use=l&cat=p&typeid=i","cat":285189},{"id":184305,"n":"Carré de porc sans os L'Atelier Boucherie x10 - 440g","p":4.94,"u":"11,23 €/KG","img":"https://fd14-photos.leclercdrive.fr/image.ashx?id=2932701&use=l&cat=p&typeid=i","cat":284331},{"id":184307,"n":"Côtes de porc première L'Atelier Boucherie x2 - 300g","p":2.7,"u":"9,00 €/KG","img":"https://fd14-photos.leclercdrive.fr/image.ashx?id=2930552&use=l&cat=p&typeid=i","cat":284331},{"id":184308,"n":"Côtes de porc échine L'Atelier Boucherie x4 - 680g","p":5.14,"u":"7,56 €/KG","img":"https://fd14-photos.leclercdrive.fr/image.ashx?id=2930555&use=l&cat=p&typeid=i","cat":284331},{"id":184353,"n":"Soda Coca-Cola Vanille Canette - Pack 6x33CL","p":4.5,"u":"2,27 €/L","img":"https://fd14-photos.leclercdrive.fr/image.ashx?id=2997238&use=l&cat=p&typeid=i","cat":284530},{"id":184376,"n":"Cidre brut Val de Rance 4v25cl","p":2.95,"u":"2,95 €/L","img":"https://fd14-photos.leclercdrive.fr/image.ashx?id=2362693&use=l&cat=p&typeid=i","cat":334880},{"id":184377,"n":"Cidre doux Val de Rance 4x25cl","p":2.95,"u":"2,95 €/L","img":"https://fd14-photos.leclercdrive.fr/image.ashx?id=2364138&use=l&cat=p&typeid=i","cat":334880},{"id":184411,"n":"Croquettes chiens Ultima mini stérilisé poulet - 1,35kg","p":5.45,"u":"4,04 €/KG","img":"https://fd14-photos.leclercdrive.fr/image.ashx?id=2902184&use=l&cat=p&typeid=i","cat":294526},{"id":184420,"n":"Sirop de citron Eco+ - 1L","p":1.66,"u":"1,66 €/L","img":"https://fd14-photos.leclercdrive.fr/image.ashx?id=2901416&use=l&cat=p&typeid=i","cat":295020},{"id":184427,"n":"Thé glacé Oasis Ice Tea Saveur Pêche - 1,5L","p":1.75,"u":"1,17 €/L","img":"https://fd14-photos.leclercdrive.fr/image.ashx?id=2688836&use=l&cat=p&typeid=i","cat":295019},{"id":184548,"n":"Dessert Liégeois Délisse Café noisette - 4x100g","p":1.39,"u":"3,48 €/KG","img":"https://fd14-photos.leclercdrive.fr/image.ashx?id=2602370&use=l&cat=p&typeid=i","cat":285042},{"id":184551,"n":"Lessive en poudre Xeor fraîcheur x50 - 2.5kg","p":5.99,"u":"2,40 €/KG","img":"https://fd14-photos.leclercdrive.fr/image.ashx?id=2450101&use=l&cat=p&typeid=i","cat":284642},{"id":184553,"n":"Blocs WC Syphon fraîcheur marine x2 - 110g","p":2.0,"u":"18,18 €/KG","img":"https://fd14-photos.leclercdrive.fr/image.ashx?id=2670359&use=l&cat=p&typeid=i","cat":284662},{"id":184561,"n":"Glaces Kinder Bueno x4 noisettes chocolat blanc - 248g","p":3.75,"u":"15,12 €/KG","img":"https://fd14-photos.leclercdrive.fr/image.ashx?id=2759071&use=l&cat=p&typeid=i","cat":284264},{"id":184569,"n":"Muesli croustillant Bio Village Bio Chocolat - 500g","p":3.72,"u":"7,44 €/KG","img":"https://fd14-photos.leclercdrive.fr/image.ashx?id=2559984&use=l&cat=p&typeid=i","cat":309512},{"id":184570,"n":"Muesli croustillant Bio village 3 noix Bio - 500g","p":4.31,"u":"8,62 €/KG","img":"https://fd14-photos.leclercdrive.fr/image.ashx?id=2591488&use=l&cat=p&typeid=i","cat":309512},{"id":184571,"n":"Sauce barbecue Amora 285g","p":1.7,"u":"5,96 €/KG","img":"https://fd14-photos.leclercdrive.fr/image.ashx?id=3004447&use=l&cat=p&typeid=i","cat":318431},{"id":184917,"n":"Saucisses cocktail Madrange Classique x30 - 225g","p":2.8,"u":"12,44 €/KG","img":"https://fd14-photos.leclercdrive.fr/image.ashx?id=2941562&use=l&cat=p&typeid=i","cat":316012},{"id":184999,"n":"Infusion bio Elephant Relax - x20","p":2.15,"u":"82,69 €/KG","img":"https://fd14-photos.leclercdrive.fr/image.ashx?id=2507572&use=l&cat=p&typeid=i","cat":293234},{"id":185165,"n":"Skyr Yoplait  Coco 1%Mg - 4x100g","p":2.15,"u":"5,38 €/KG","img":"https://fd14-photos.leclercdrive.fr/image.ashx?id=2884459&use=l&cat=p&typeid=i","cat":315000},{"id":185264,"n":"Piles Energizer AA - x10","p":9.9,"u":"0,99 €/P","img":"https://fd14-photos.leclercdrive.fr/image.ashx?id=2850719&use=l&cat=p&typeid=i","cat":300572},{"id":185274,"n":"Chips Tuiles Pringles Bacon - 175g","p":2.4,"u":"13,71 €/KG","img":"https://fd14-photos.leclercdrive.fr/image.ashx?id=2661754&use=l&cat=p&typeid=i","cat":287899},{"id":185276,"n":"Soufflés Donuts Curly Cacahuètes caramélisées - 160g","p":1.6,"u":"10,00 €/KG","img":"https://fd14-photos.leclercdrive.fr/image.ashx?id=2373125&use=l&cat=p&typeid=i","cat":284449},{"id":185282,"n":"Nouilles Ramen Tanoshi Japon Nature Bio - 340g","p":3.35,"u":"9,85 €/KG","img":"https://fd14-photos.leclercdrive.fr/image.ashx?id=2906241&use=l&cat=p&typeid=i","cat":288992},{"id":185459,"n":"Crème dessert La Laitière  Frais Fondant chocolat - 4x115g","p":1.75,"u":"3,80 €/KG","img":"https://fd14-photos.leclercdrive.fr/image.ashx?id=2904062&use=l&cat=p&typeid=i","cat":285041},{"id":185460,"n":"Crème dessert La Laitière  Frais Fondant vanille - 4x115g","p":1.75,"u":"3,80 €/KG","img":"https://fd14-photos.leclercdrive.fr/image.ashx?id=2674548&use=l&cat=p&typeid=i","cat":285041},{"id":185461,"n":"Crème dessert La Laitière  Frais Fondant caramel - 4x115g","p":1.75,"u":"3,80 €/KG","img":"https://fd14-photos.leclercdrive.fr/image.ashx?id=2742794&use=l&cat=p&typeid=i","cat":285041},{"id":185516,"n":"Lait de coco fluide Jardin Bio bio 200ml","p":1.65,"u":"8,25 €/L","img":"https://fd14-photos.leclercdrive.fr/image.ashx?id=2375307&use=l&cat=p&typeid=i","cat":294991},{"id":185533,"n":"Melange Maitre Prunille Anti-stress - 180g","p":3.69,"u":"20,50 €/KG","img":"https://fd14-photos.leclercdrive.fr/image.ashx?id=2374914&use=l&cat=p&typeid=i","cat":284448},{"id":185567,"n":"Liniment oléo-calcaire Biolane  700 ml","p":7.34,"u":"10,49 €/L","img":"https://fd14-photos.leclercdrive.fr/image.ashx?id=2586864&use=l&cat=p&typeid=i","cat":284741},{"id":185568,"n":"Gel Lavant Biolane Corps et cheveux 750 ml","p":5.65,"u":"7,53 €/L","img":"https://fd14-photos.leclercdrive.fr/image.ashx?id=2586867&use=l&cat=p&typeid=i","cat":284740},{"id":185571,"n":"Eau pure H2O Biolane 750 ml","p":5.4,"u":"7,20 €/L","img":"https://fd14-photos.leclercdrive.fr/image.ashx?id=2733247&use=l&cat=p&typeid=i","cat":284741},{"id":185595,"n":"Yaourts nature Malo Pot carton - 8x125g","p":3.1,"u":"3,10 €/KG","img":"https://fd14-photos.leclercdrive.fr/image.ashx?id=2377001&use=l&cat=p&typeid=i","cat":284409},{"id":185789,"n":"Myrtilles Panier du Primeur 125g","p":1.89,"u":"15,12 €/KG","img":"https://fd14-photos.leclercdrive.fr/image.ashx?id=2375773&use=l&cat=p&typeid=i","cat":284356},{"id":185791,"n":"Groseilles Panier du Primeur 125g","p":2.49,"u":"19,92 €/KG","img":"https://fd14-photos.leclercdrive.fr/image.ashx?id=2928297&use=l&cat=p&typeid=i","cat":284356},{"id":185841,"n":"Cornichons extra fins Rustica 6 aromates - 550g","p":3.1,"u":"5,64 €/KG","img":"https://fd14-photos.leclercdrive.fr/image.ashx?id=2916728&use=l&cat=p&typeid=i","cat":284458},{"id":185842,"n":"Soufflés Snack's Tokapi  Cacahuète - 160g","p":0.72,"u":"4,50 €/KG","img":"https://fd14-photos.leclercdrive.fr/image.ashx?id=2864942&use=l&cat=p&typeid=i","cat":284449},{"id":185854,"n":"Bière blonde Tripel Karmeliet 8,4% - 12x25cl","p":15.9,"u":"5,30 €/L","img":"https://fd14-photos.leclercdrive.fr/image.ashx?id=2457485&use=l&cat=p&typeid=i","cat":334872},{"id":185950,"n":"Cristaline fontaine 8L","p":2.2,"u":"0,28 €/L","img":"https://fd14-photos.leclercdrive.fr/image.ashx?id=2418891&use=l&cat=p&typeid=i","cat":284535},{"id":185999,"n":"Boisson végétale Bio Village Riz nature bio - 1l","p":1.65,"u":"1,65 €/L","img":"https://fd14-photos.leclercdrive.fr/image.ashx?id=2601016&use=l&cat=p&typeid=i","cat":316067},{"id":186048,"n":"Masque 2 en 1 Energie Fruit Sans silicone Monoi - 300ml","p":4.45,"u":"14,83 €/L","img":"https://fd14-photos.leclercdrive.fr/image.ashx?id=2795878&use=l&cat=p&typeid=i","cat":284608},{"id":186094,"n":"Sandwich Stellato Tramezziono Jambon fumé Champignons - 150g","p":3.15,"u":"21,00 €/KG","img":"https://fd14-photos.leclercdrive.fr/image.ashx?id=2383940&use=l&cat=p&typeid=i","cat":333658},{"id":186097,"n":"Sandwich Stellato Tramezziono Jambon rôti Fromage - 170g","p":3.25,"u":"19,12 €/KG","img":"https://fd14-photos.leclercdrive.fr/image.ashx?id=2799662&use=l&cat=p&typeid=i","cat":333658},{"id":186103,"n":"Sandwich Stellato Tramezziono Saumon fumé Crescenza - 160g","p":3.7,"u":"23,13 €/KG","img":"https://fd14-photos.leclercdrive.fr/image.ashx?id=2799668&use=l&cat=p&typeid=i","cat":333658},{"id":186108,"n":"Savon solide Bio Mots d'enfants 100g","p":1.29,"u":"12,90 €/KG","img":"https://fd14-photos.leclercdrive.fr/image.ashx?id=3015126&use=l&cat=p&typeid=i","cat":284740},{"id":186154,"n":"Oignons frits 55g","p":1.69,"u":"33,80 €/KG","img":"https://fd14-photos.leclercdrive.fr/image.ashx?id=2734045&use=l&cat=p&typeid=i","cat":298297},{"id":186202,"n":"Mozzarella Les Croisés Tranchettes - 200g","p":2.2,"u":"11,00 €/KG","img":"https://fd14-photos.leclercdrive.fr/image.ashx?id=2383094&use=l&cat=p&typeid=i","cat":314026},{"id":186258,"n":"Lessive Capsules Tout-en-1 Skip Fraîcheur Intense x26 Capsules","p":9.65,"u":"17,51 €/KG","img":"https://fd14-photos.leclercdrive.fr/image.ashx?id=2978934&use=l&cat=p&typeid=i","cat":284641},{"id":186263,"n":"Lessive Capsules Tout-en-1 Skip Fraîcheur Intense 38 Lavages","p":13.35,"u":"16,56 €/KG","img":"https://fd14-photos.leclercdrive.fr/image.ashx?id=2929236&use=l&cat=p&typeid=i","cat":284641},{"id":186267,"n":"Lingettes bébé visage et mains Biolane - 64 lingettes","p":2.19,"u":"0,03 €/P","img":"https://fd14-photos.leclercdrive.fr/image.ashx?id=2876539&use=l&cat=p&typeid=i","cat":284738},{"id":186293,"n":"Répare crevaison Tech9 400ml","p":4.99,"u":"12,48 €/L","img":"https://fd14-photos.leclercdrive.fr/image.ashx?id=2527337&use=l&cat=p&typeid=i","cat":298252},{"id":186296,"n":"Lessive Capsules Skip Tout-en-1 Active Clean x38","p":13.35,"u":"16,56 €/KG","img":"https://fd14-photos.leclercdrive.fr/image.ashx?id=2757114&use=l&cat=p&typeid=i","cat":284641},{"id":186306,"n":"Liniment oléo-calcaire Biolane 300ml","p":3.6,"u":"12,00 €/L","img":"https://fd14-photos.leclercdrive.fr/image.ashx?id=2586861&use=l&cat=p&typeid=i","cat":284741},{"id":186307,"n":"Shampooing nourissant Energie Fruit - 250ml","p":3.79,"u":"15,16 €/L","img":"https://fd14-photos.leclercdrive.fr/image.ashx?id=2795869&use=l&cat=p&typeid=i","cat":284606},{"id":186466,"n":"Mayonnaise citron Bénédicta Bocal - 255g","p":2.15,"u":"8,43 €/KG","img":"https://fd14-photos.leclercdrive.fr/image.ashx?id=2828148&use=l&cat=p&typeid=i","cat":298295},{"id":186518,"n":"Pâtes Coude-à-Coude Jardin Bio Semi-Complet bio - 500G","p":1.74,"u":"3,48 €/KG","img":"https://fd14-photos.leclercdrive.fr/image.ashx?id=2773673&use=l&cat=p&typeid=i","cat":284427},{"id":186519,"n":"Biscuits au Son d'Avoine Gerblé - x24","p":1.7,"u":"11,81 €/KG","img":"https://fd14-photos.leclercdrive.fr/image.ashx?id=2662289&use=l&cat=p&typeid=i","cat":318651},{"id":186652,"n":"Boisson végétale soja Alpro  macchiato - 1L","p":2.4,"u":"2,40 €/L","img":"https://fd14-photos.leclercdrive.fr/image.ashx?id=2981665&use=l&cat=p&typeid=i","cat":316067},{"id":186653,"n":"Boisson végétale soja Alpro  banane - 1 L","p":2.3,"u":"2,30 €/L","img":"https://fd14-photos.leclercdrive.fr/image.ashx?id=2981668&use=l&cat=p&typeid=i","cat":316067},{"id":186686,"n":"Déodorant stick Homme Mennen Marine Sans Alcool - 60ml","p":3.21,"u":"53,50 €/L","img":"https://fd14-photos.leclercdrive.fr/image.ashx?id=2869107&use=l&cat=p&typeid=i","cat":284618},{"id":186688,"n":"Déodorant stick Homme Mennen Sans Alcool Anti-Traces - 60ml","p":3.21,"u":"53,50 €/L","img":"https://fd14-photos.leclercdrive.fr/image.ashx?id=2869110&use=l&cat=p&typeid=i","cat":284618},{"id":186828,"n":"Taie d'oreiller Tissaïa Vert sauge 70x50cm coton bio","p":6.45,"img":"https://fd14-photos.leclercdrive.fr/image.ashx?id=2395300&use=l&cat=p&typeid=i","cat":286694},{"id":186830,"n":"Taie d'oreiller Tissaïa Vert sauge 63x63cm coton bio","p":6.45,"img":"https://fd14-photos.leclercdrive.fr/image.ashx?id=2395297&use=l&cat=p&typeid=i","cat":286694},{"id":186835,"n":"Drap housse Tissaïa Vert sauge 90x190cm coton bio","p":11.45,"img":"https://fd14-photos.leclercdrive.fr/image.ashx?id=2395288&use=l&cat=p&typeid=i","cat":286694},{"id":186853,"n":"Lessive Capsules Tout-en-1 Skip Touche de Cajoline 24 Lavages","p":9.65,"u":"18,96 €/KG","img":"https://fd14-photos.leclercdrive.fr/image.ashx?id=2956688&use=l&cat=p&typeid=i","cat":284641},{"id":186856,"n":"Lessive Capsules Skip Tout-en-1 Extra Détachant x24","p":9.65,"u":"18,96 €/KG","img":"https://fd14-photos.leclercdrive.fr/image.ashx?id=2956691&use=l&cat=p&typeid=i","cat":284641},{"id":186857,"n":"Lessive Capsules Skip Tout-en-1 Cajoline 36 Lavages","p":13.34,"u":"17,48 €/KG","img":"https://fd14-photos.leclercdrive.fr/image.ashx?id=2929239&use=l&cat=p&typeid=i","cat":284641},{"id":186920,"n":"Tuiles Monster Munch Crazy Original - 150g","p":1.9,"u":"12,67 €/KG","img":"https://fd14-photos.leclercdrive.fr/image.ashx?id=2921735&use=l&cat=p&typeid=i","cat":287899},{"id":186923,"n":"Tuiles Monster Munch  Crazy crème oignon - 150g","p":1.9,"u":"12,67 €/KG","img":"https://fd14-photos.leclercdrive.fr/image.ashx?id=2916881&use=l&cat=p&typeid=i","cat":287899},{"id":186926,"n":"Tuiles Monster Munch Crazy paprika - 150g","p":1.9,"u":"12,67 €/KG","img":"https://fd14-photos.leclercdrive.fr/image.ashx?id=2955339&use=l&cat=p&typeid=i","cat":287899},{"id":186935,"n":"Apér'idées mimolette gouda 450g","p":5.7,"u":"12,67 €/KG","img":"https://fd14-photos.leclercdrive.fr/image.ashx?id=2391768&use=l&cat=p&typeid=i","cat":314027},{"id":186936,"n":"Apér'idées mimolette gouda 150g","p":2.8,"u":"18,67 €/KG","img":"https://fd14-photos.leclercdrive.fr/image.ashx?id=2391765&use=l&cat=p&typeid=i","cat":314027},{"id":186938,"n":"Apér'idées Mimolette 150g","p":2.85,"u":"19,00 €/KG","img":"https://fd14-photos.leclercdrive.fr/image.ashx?id=2391762&use=l&cat=p&typeid=i","cat":314027},{"id":186989,"n":"Corbeille offrandes gourmandes Atout coeur - 537g","p":14.95,"u":"27,84 €/KG","img":"https://fd14-photos.leclercdrive.fr/image.ashx?id=2892208&use=l&cat=p&typeid=i","cat":305149},{"id":186990,"n":"Corbeille Offrandes Gourmandes Comte du Tiroir - 803g","p":21.9,"u":"27,27 €/KG","img":"https://fd14-photos.leclercdrive.fr/image.ashx?id=2897159&use=l&cat=p&typeid=i","cat":305149},{"id":186992,"n":"Corbeille Offrandes Gourmandes Bijou - 1.033kg","p":24.95,"u":"24,22 €/KG","img":"https://fd14-photos.leclercdrive.fr/image.ashx?id=2897162&use=l&cat=p&typeid=i","cat":305149},{"id":186995,"n":"Corbeille Offrandes Gourmandes Beaugency - 2.336kg","p":49.9,"u":"21,36 €/KG","img":"https://fd14-photos.leclercdrive.fr/image.ashx?id=2896777&use=l&cat=p&typeid=i","cat":305149},{"id":186998,"n":"Corbeille Offrandes Gourmandes Bûche de Noël - 520g","p":16.5,"u":"31,73 €/KG","img":"https://fd14-photos.leclercdrive.fr/image.ashx?id=2897156&use=l&cat=p&typeid=i","cat":305149},{"id":186999,"n":"Corbeille Offre Gourmande Dégustations - 403g","p":13.4,"u":"33,25 €/KG","img":"https://fd14-photos.leclercdrive.fr/image.ashx?id=2894317&use=l&cat=p&typeid=i","cat":305149},{"id":187028,"n":"Crème de change bébé bio Mots d'enfants - 75ml","p":2.5,"u":"33,33 €/L","img":"https://fd14-photos.leclercdrive.fr/image.ashx?id=3014308&use=l&cat=p&typeid=i","cat":284741},{"id":187029,"n":"Coton-tiges ouatés Inell Boîte - x300 bâtonnets","p":0.74,"img":"https://fd14-photos.leclercdrive.fr/image.ashx?id=2824301&use=l&cat=p&typeid=i","cat":284636},{"id":187059,"n":"Champignon Émincé Bonduelle Sans Sulfite, Sans Additif 230g","p":1.2,"u":"5,22 €/KG","img":"https://fd14-photos.leclercdrive.fr/image.ashx?id=2913118&use=l&cat=p&typeid=i","cat":312610},{"id":187061,"n":"Chips Bret's Pesto Mozzarella 125g","p":1.4,"u":"11,20 €/KG","img":"https://fd14-photos.leclercdrive.fr/image.ashx?id=2629115&use=l&cat=p&typeid=i","cat":284447},{"id":187062,"n":"Chips Bret's Moutarde Miel 125g","p":1.5,"u":"12,00 €/KG","img":"https://fd14-photos.leclercdrive.fr/image.ashx?id=2393257&use=l&cat=p&typeid=i","cat":284447},{"id":187124,"n":"Petits Calissons Ballotin Noël Le Roy René - Boîte - 180g","p":6.85,"u":"38,06 €/KG","img":"https://fd14-photos.leclercdrive.fr/image.ashx?id=2424254&use=l&cat=p&typeid=i","cat":327606},{"id":187125,"n":"Calissons d'Aix Le Roy René Boîte losange Noël - 475g","p":13.65,"u":"28,74 €/KG","img":"https://fd14-photos.leclercdrive.fr/image.ashx?id=2410910&use=l&cat=p&typeid=i","cat":327606},{"id":187127,"n":"Petits Calissons Le Roy René Reglette Noël - 125g","p":6.1,"u":"48,80 €/KG","img":"https://fd14-photos.leclercdrive.fr/image.ashx?id=2456804&use=l&cat=p&typeid=i","cat":327606},{"id":187128,"n":"Assortiment nougats aromatisés Chabert & Guillot - 300g","p":8.05,"u":"26,83 €/KG","img":"https://fd14-photos.leclercdrive.fr/image.ashx?id=2394132&use=l&cat=p&typeid=i","cat":327605},{"id":187160,"n":"Assortiment Novi pralinés chocolat 250g","p":8.49,"pp":5.6,"u":"22,40 €/KG","img":"https://fd14-photos.leclercdrive.fr/image.ashx?id=2615152&use=l&cat=p&typeid=i","cat":327595},{"id":187161,"n":"Pralinés Gianduiotto Novi 250g","p":8.49,"pp":5.6,"u":"22,40 €/KG","img":"https://fd14-photos.leclercdrive.fr/image.ashx?id=2615164&use=l&cat=p&typeid=i","cat":327595},{"id":187168,"n":"Assortiment Cuadro Novi 250g","p":8.49,"pp":5.6,"u":"22,40 €/KG","img":"https://fd14-photos.leclercdrive.fr/image.ashx?id=2615173&use=l&cat=p&typeid=i","cat":327595},{"id":187176,"n":"After Eight Chocolat Noël Saveur Cerise - 400g","p":6.2,"u":"15,50 €/KG","img":"https://fd14-photos.leclercdrive.fr/image.ashx?id=2394315&use=l&cat=p&typeid=i","cat":327595},{"id":187185,"n":"Foie gras de canard entier Delpeyrat - Poivre - Bocal 300g","p":22.99,"u":"76,63 €/KG","img":"https://fd14-photos.leclercdrive.fr/image.ashx?id=2569356&use=l&cat=p&typeid=i","cat":305148},{"id":187186,"n":"Foie gras de canard Delpeyrat - Armagnac Bocal 300g","p":22.99,"u":"76,63 €/KG","img":"https://fd14-photos.leclercdrive.fr/image.ashx?id=2569380&use=l&cat=p&typeid=i","cat":305148},{"id":187241,"n":"Savon Le Petit Marseillais  Solide amande douce - 2x100g","p":1.85,"u":"9,25 €/KG","img":"https://fd14-photos.leclercdrive.fr/image.ashx?id=2684203&use=l&cat=p&typeid=i","cat":284597},{"id":187287,"n":"Desserts Lactés P'TIT BRASSE Banane pêche 6M+ - 4x90g","p":2.23,"u":"6,19 €/KG","img":"https://fd14-photos.leclercdrive.fr/image.ashx?id=2616252&use=l&cat=p&typeid=i","cat":312392},{"id":187288,"n":"Desserts Lactés P'TIT BRASSE Poire SSA 6M+ - 4x90g","p":2.29,"u":"6,36 €/KG","img":"https://fd14-photos.leclercdrive.fr/image.ashx?id=2593050&use=l&cat=p&typeid=i","cat":312392},{"id":187319,"n":"Soupe de nouilles instantannées Poulet teriyaki façon jap - 67g","p":2.1,"u":"31,34 €/KG","img":"https://fd14-photos.leclercdrive.fr/image.ashx?id=2395252&use=l&cat=p&typeid=i","cat":288992},{"id":187342,"n":"Bûche Nestlé 3 Chocolats 540g","p":5.7,"u":"10,56 €/KG","img":"https://fd14-photos.leclercdrive.fr/image.ashx?id=2936713&use=l&cat=p&typeid=i","cat":284266},{"id":187343,"n":"Bûche Pilpa Exquise 3 Chocolats - 535g","p":5.27,"u":"9,85 €/KG","img":"https://fd14-photos.leclercdrive.fr/image.ashx?id=2751027&use=l&cat=p&typeid=i","cat":284266},{"id":187344,"n":"Bûche Pilpa Caramel beurre salé - 535g","p":5.27,"u":"9,85 €/KG","img":"https://fd14-photos.leclercdrive.fr/image.ashx?id=2751036&use=l&cat=p&typeid=i","cat":284266},{"id":187345,"n":"Bûche Nestlé Délice à l'Ancienne - 540g","p":5.7,"u":"10,56 €/KG","img":"https://fd14-photos.leclercdrive.fr/image.ashx?id=2749982&use=l&cat=p&typeid=i","cat":284266},{"id":187348,"n":"Bûchettes Pilpa Les Délices Fraise Vanille Chocolat x6 354g","p":3.5,"u":"9,89 €/KG","img":"https://fd14-photos.leclercdrive.fr/image.ashx?id=2395930&use=l&cat=p&typeid=i","cat":284266},{"id":187352,"n":"Bûche Pilpa Caprices des Îles - 564g","p":5.27,"u":"9,34 €/KG","img":"https://fd14-photos.leclercdrive.fr/image.ashx?id=2749961&use=l&cat=p&typeid=i","cat":284266},{"id":187353,"n":"Bûchettes Pilpa Les Délices Chocolat x6 - 360g","p":3.5,"u":"9,72 €/KG","img":"https://fd14-photos.leclercdrive.fr/image.ashx?id=2395924&use=l&cat=p&typeid=i","cat":284266},{"id":187365,"n":"Desserts Lactés P'TIT BRASSE Nature 6M+ - 4x90g","p":2.31,"u":"6,42 €/KG","img":"https://fd14-photos.leclercdrive.fr/image.ashx?id=2594223&use=l&cat=p&typeid=i","cat":312392},{"id":187373,"n":"Soda Fanta exotique 1.25L","p":1.75,"u":"1,40 €/L","img":"https://fd14-photos.leclercdrive.fr/image.ashx?id=2678170&use=l&cat=p&typeid=i","cat":284532},{"id":187379,"n":"Bûche glacée Erhard Vanille Caramel - 470g","p":9.9,"pp":6.93,"u":"14,74 €/KG","img":"https://fd14-photos.leclercdrive.fr/image.ashx?id=2395939&use=l&cat=p&typeid=i","cat":284266},{"id":187383,"n":"Fromage à tartiner Madame Loïk Fouetté Ail Fines Herbes - 275g","p":2.8,"u":"10,18 €/KG","img":"https://fd14-photos.leclercdrive.fr/image.ashx?id=2774619&use=l&cat=p&typeid=i","cat":314029},{"id":187388,"n":"Assortiment chocolats Côte d'Or Collection - 345g","p":13.6,"u":"39,42 €/KG","img":"https://fd14-photos.leclercdrive.fr/image.ashx?id=2494057&use=l&cat=p&typeid=i","cat":327595},{"id":187395,"n":"Tortellini Lustucru Selection  Poulet Crème 300g","p":2.15,"u":"7,17 €/KG","img":"https://fd14-photos.leclercdrive.fr/image.ashx?id=2975212&use=l&cat=p&typeid=i","cat":333682},{"id":187403,"n":"Feuilletés Jambon Fromage Eco+ x10 - 650g","p":2.57,"u":"3,95 €/KG","img":"https://fd14-photos.leclercdrive.fr/image.ashx?id=2814851&use=l&cat=p&typeid=i","cat":319776},{"id":187410,"n":"Yaourt Délisse Fraise - 4x150g","p":1.99,"u":"3,32 €/P","img":"https://fd14-photos.leclercdrive.fr/image.ashx?id=2883029&use=l&cat=p&typeid=i","cat":314999},{"id":187445,"n":"Sandwich jambon emmental Daunat Le Goûteux - 220g","p":2.45,"u":"11,14 €/KG","img":"https://fd14-photos.leclercdrive.fr/image.ashx?id=2623232&use=l&cat=p&typeid=i","cat":333658},{"id":187448,"n":"Frites ondulées McCain Côté Burger - 650g","p":2.45,"u":"3,77 €/KG","img":"https://fd14-photos.leclercdrive.fr/image.ashx?id=2920027&use=l&cat=p&typeid=i","cat":319791},{"id":187453,"n":"Thé noir Lipton Yellow x100 sachets - 200g","p":3.75,"u":"18,75 €/KG","img":"https://fd14-photos.leclercdrive.fr/image.ashx?id=2517655&use=l&cat=p&typeid=i","cat":293233},{"id":187454,"n":"Crème dessert Sojasun Caramel pointe de sel - 4x100g","p":1.55,"u":"3,88 €/KG","img":"https://fd14-photos.leclercdrive.fr/image.ashx?id=2397349&use=l&cat=p&typeid=i","cat":316071},{"id":187468,"n":"Bûche glacée artisanale Erhard Fraise passion - 550g","p":9.9,"pp":6.93,"u":"12,60 €/KG","img":"https://fd14-photos.leclercdrive.fr/image.ashx?id=2397400&use=l&cat=p&typeid=i","cat":284266},{"id":187469,"n":"Bûche glacée Erhard Coco exotique - 500g","p":9.9,"pp":6.93,"u":"13,86 €/KG","img":"https://fd14-photos.leclercdrive.fr/image.ashx?id=2397403&use=l&cat=p&typeid=i","cat":284266},{"id":187475,"n":"Dés de Chorizo Fleury Michon 120g","p":2.4,"u":"20,00 €/KG","img":"https://fd14-photos.leclercdrive.fr/image.ashx?id=2661196&use=l&cat=p&typeid=i","cat":316011},{"id":187547,"n":"Moutarde Fine & Forte AMORA Flacon Souple - 460g","p":2.3,"u":"5,00 €/KG","img":"https://fd14-photos.leclercdrive.fr/image.ashx?id=2877271&use=l&cat=p&typeid=i","cat":288850},{"id":187578,"n":"Pâtes Torti Panzani Complètement Bon - 500G","p":1.55,"u":"3,10 €/KG","img":"https://fd14-photos.leclercdrive.fr/image.ashx?id=2902963&use=l&cat=p&typeid=i","cat":284427},{"id":187613,"n":"Petits pots bébé P'TITE RECETTE Poisson provençal 12M+ - 2x200g","p":1.89,"u":"4,73 €/KG","img":"https://fd14-photos.leclercdrive.fr/image.ashx?id=2737150&use=l&cat=p&typeid=i","cat":312237},{"id":187672,"n":"Gel douche lait Cottage Framboise Bio - 550ml","p":3.8,"u":"6,91 €/L","img":"https://fd14-photos.leclercdrive.fr/image.ashx?id=2398880&use=l&cat=p&typeid=i","cat":284594},{"id":187690,"n":"Fond de teint L'Oréal Paris Infaillible 140 haute couvrance","p":16.5,"img":"https://fd14-photos.leclercdrive.fr/image.ashx?id=2735365&use=l&cat=p&typeid=i","cat":287029},{"id":187768,"n":"Brosse à dents électrique Oral-B Pro 3 Cross Action Noir","p":53.89,"img":"https://fd14-photos.leclercdrive.fr/image.ashx?id=2544940&use=l&cat=p&typeid=i","cat":297133},{"id":187776,"n":"Jus innocent plus  amour armure 750ml","p":2.7,"u":"3,60 €/L","img":"https://fd14-photos.leclercdrive.fr/image.ashx?id=2400394&use=l&cat=p&typeid=i","cat":284354},{"id":187929,"n":"Nouilles Sautées Yakisoba Classique - 93g","p":1.8,"u":"19,35 €/KG","img":"https://fd14-photos.leclercdrive.fr/image.ashx?id=2536140&use=l&cat=p&typeid=i","cat":288992},{"id":187932,"n":"Nouilles sautées Yakisoba Boeuf - 93g","p":1.8,"u":"19,35 €/KG","img":"https://fd14-photos.leclercdrive.fr/image.ashx?id=3004423&use=l&cat=p&typeid=i","cat":288992},{"id":187933,"n":"Nouilles sautées Yakisoba  BBQ - 93g","p":1.8,"u":"19,35 €/KG","img":"https://fd14-photos.leclercdrive.fr/image.ashx?id=2536152&use=l&cat=p&typeid=i","cat":288992},{"id":187934,"n":"Nouilles sautées Yakisoba Pad Thai - 93g","p":1.8,"u":"19,35 €/KG","img":"https://fd14-photos.leclercdrive.fr/image.ashx?id=2536155&use=l&cat=p&typeid=i","cat":288992},{"id":187987,"n":"Déodorant stick Homme Mennen 24H Musk Sans Alcool - 60ml","p":3.21,"u":"53,50 €/L","img":"https://fd14-photos.leclercdrive.fr/image.ashx?id=2869113&use=l&cat=p&typeid=i","cat":284618},{"id":187989,"n":"Lait corps hydratant Mixa Raffermissant  - 250ml","p":4.15,"u":"16,60 €/L","img":"https://fd14-photos.leclercdrive.fr/image.ashx?id=2402358&use=l&cat=p&typeid=i","cat":325349},{"id":187990,"n":"Lait Corps Réparateur Mixa Peau abîmée desséchée - 300ml","p":3.55,"u":"11,83 €/L","img":"https://fd14-photos.leclercdrive.fr/image.ashx?id=2908186&use=l&cat=p&typeid=i","cat":325349},{"id":187999,"n":"Lait Corps réparateur Mixa Peaux desséchées - 300ml","p":3.55,"u":"11,83 €/L","img":"https://fd14-photos.leclercdrive.fr/image.ashx?id=2402394&use=l&cat=p&typeid=i","cat":325349},{"id":188000,"n":"Epices curry Sainte Lucie 40g","p":2.2,"u":"55,00 €/KG","img":"https://fd14-photos.leclercdrive.fr/image.ashx?id=2996590&use=l&cat=p&typeid=i","cat":298297},{"id":188001,"n":"Gel coiffant Vivelle DOP Fixation Extrême - 190ml","p":3.75,"u":"19,74 €/L","img":"https://fd14-photos.leclercdrive.fr/image.ashx?id=2402403&use=l&cat=p&typeid=i","cat":284609},{"id":188002,"n":"Gingembre moulu Sainte Lucie 32g","p":2.9,"u":"90,63 €/KG","img":"https://fd14-photos.leclercdrive.fr/image.ashx?id=2774373&use=l&cat=p&typeid=i","cat":298297},{"id":188003,"n":"Gel Coiffant Béton Dop Vivelle Fixation 24h - 190ml","p":3.75,"u":"19,74 €/L","img":"https://fd14-photos.leclercdrive.fr/image.ashx?id=2402406&use=l&cat=p&typeid=i","cat":284609},{"id":188005,"n":"Quatre épices Sainte Lucie  35g","p":2.15,"u":"61,43 €/KG","img":"https://fd14-photos.leclercdrive.fr/image.ashx?id=2774436&use=l&cat=p&typeid=i","cat":298297},{"id":188007,"n":"Gel Coiffant Vivelle Dop Fixation invisible - 190ml","p":4.2,"u":"22,11 €/L","img":"https://fd14-photos.leclercdrive.fr/image.ashx?id=2402397&use=l&cat=p&typeid=i","cat":284609},{"id":188008,"n":"Lait corps Mixa  Peaux extra sèches - 400ml","p":4.3,"u":"10,75 €/L","img":"https://fd14-photos.leclercdrive.fr/image.ashx?id=2402355&use=l&cat=p&typeid=i","cat":325349},{"id":188010,"n":"Lait corps nutritif Mixa A l'huile de karité - 250ml","p":3.84,"u":"15,36 €/L","img":"https://fd14-photos.leclercdrive.fr/image.ashx?id=2402361&use=l&cat=p&typeid=i","cat":325349},{"id":188013,"n":"Tablette de chocolat Lindt Lait extra fin - 3x100g","p":5.61,"u":"18,70 €/KG","img":"https://fd14-photos.leclercdrive.fr/image.ashx?id=2655853&use=l&cat=p&typeid=i","cat":284497},{"id":188136,"n":"Salade coffret poulet pâné  Mix Buffet - 320g","p":5.2,"u":"16,25 €/KG","img":"https://fd14-photos.leclercdrive.fr/image.ashx?id=2735593&use=l&cat=p&typeid=i","cat":333657},{"id":188168,"n":"Féta AOP Salakis Fromage brebis et chèvre - 150g","p":2.7,"u":"18,00 €/KG","img":"https://fd14-photos.leclercdrive.fr/image.ashx?id=2879128&use=l&cat=p&typeid=i","cat":314026},{"id":188271,"n":"Matière grasse doux Astra  À tartiner à cuire 70%MG - 500g","p":2.2,"u":"4,40 €/KG","img":"https://fd14-photos.leclercdrive.fr/image.ashx?id=2406301&use=l&cat=p&typeid=i","cat":315229},{"id":188293,"n":"Moutarde Amora Mi-forte - 260g","p":2.63,"u":"10,12 €/KG","img":"https://fd14-photos.leclercdrive.fr/image.ashx?id=3005398&use=l&cat=p&typeid=i","cat":288850},{"id":194296,"n":"Bloc de fromage Leerdammer Le Moelleux - 250g","p":3.55,"u":"14,20 €/KG","img":"https://fd14-photos.leclercdrive.fr/image.ashx?id=2421606&use=l&cat=p&typeid=i","cat":314034},{"id":194298,"n":"Tranches de fromage Leerdammer L'Original - 16 Tranches - 400g","p":4.55,"u":"11,38 €/KG","img":"https://fd14-photos.leclercdrive.fr/image.ashx?id=2489196&use=l&cat=p&typeid=i","cat":314028},{"id":194299,"n":"Tranches de fromage Leerdammer Le Moelleux-10 Tranches-250g","p":3.75,"u":"15,00 €/KG","img":"https://fd14-photos.leclercdrive.fr/image.ashx?id=2507599&use=l&cat=p&typeid=i","cat":314028},{"id":194310,"n":"Bonbons KINDER Schoko-Bons Chocolat blanc - 200G","p":3.73,"u":"18,65 €/KG","img":"https://fd14-photos.leclercdrive.fr/image.ashx?id=2406265&use=l&cat=p&typeid=i","cat":304238},{"id":194579,"n":"Tic Tac Boum - Nouvelle version Dès 8 ans","p":22.5,"u":"Dont 0,26 € d'éco-part.","img":"https://fd14-photos.leclercdrive.fr/image.ashx?id=2647083&use=l&cat=p&typeid=i","cat":334378},{"id":194699,"n":"Lait Corps Nourissant Mixa Effet Soleil - 250ml","p":4.55,"u":"18,20 €/L","img":"https://fd14-photos.leclercdrive.fr/image.ashx?id=2409379&use=l&cat=p&typeid=i","cat":325349},{"id":195960,"n":"Coton-tiges bébé Mots d'Enfants Bio - x60","p":0.65,"u":"0,01 €/P","img":"https://fd14-photos.leclercdrive.fr/image.ashx?id=3015129&use=l&cat=p&typeid=i","cat":284739},{"id":195965,"n":"Mascara waterproof Maybelline Sky High volume & longueur Noir","p":9.3,"pp":6.14,"img":"https://fd14-photos.leclercdrive.fr/image.ashx?id=2833153&use=l&cat=p&typeid=i","cat":287029},{"id":195981,"n":"Liquide vaisselle Excel Paic Anti-odeur actif à froid -500ml","p":2.1,"u":"4,20 €/L","img":"https://fd14-photos.leclercdrive.fr/image.ashx?id=2413176&use=l&cat=p&typeid=i","cat":284655},{"id":195983,"n":"Liquide vaisselle Excel Paic Dégraissant actif à froid 500ml","p":1.92,"u":"3,84 €/L","img":"https://fd14-photos.leclercdrive.fr/image.ashx?id=2413182&use=l&cat=p&typeid=i","cat":284655},{"id":196171,"n":"Fromage pour tartiflette Ermitage - 450g","p":6.8,"u":"15,11 €/KG","img":"https://fd14-photos.leclercdrive.fr/image.ashx?id=2753046&use=l&cat=p&typeid=i","cat":314037},{"id":196179,"n":"Brioches Pitch pâte à tartiner x7 - 262g","p":2.65,"u":"10,11 €/KG","img":"https://fd14-photos.leclercdrive.fr/image.ashx?id=2454097&use=l&cat=p&typeid=i","cat":293505},{"id":196241,"n":"Jambon supérieur Eco+ Sans couenne 4 tranches - 160g","p":1.4,"u":"8,75 €/KG","img":"https://fd14-photos.leclercdrive.fr/image.ashx?id=2744407&use=l&cat=p&typeid=i","cat":316009},{"id":196266,"n":"Mousse à Raser 0% Alcool Mennen Peaux sensibles - 250ml","p":2.28,"u":"9,12 €/L","img":"https://fd14-photos.leclercdrive.fr/image.ashx?id=2661733&use=l&cat=p&typeid=i","cat":284617},{"id":196267,"n":"Mousse à Raser 0% Alcool Mennen Hypoallergénique - 250ml","p":2.28,"u":"9,12 €/L","img":"https://fd14-photos.leclercdrive.fr/image.ashx?id=2661736&use=l&cat=p&typeid=i","cat":284617},{"id":196278,"n":"Crème à récurer CIF Citron CleanBoost 101 Usages 750ml","p":2.6,"u":"3,47 €/L","img":"https://fd14-photos.leclercdrive.fr/image.ashx?id=2948540&use=l&cat=p&typeid=i","cat":325357},{"id":196280,"n":"Couches Jumbo Biolane Taille 5 - x40","p":16.8,"u":"0,42 €/P","img":"https://fd14-photos.leclercdrive.fr/image.ashx?id=2876527&use=l&cat=p&typeid=i","cat":284737},{"id":196319,"n":"Jambon supérieur Eco+ Avec couenne 4 tranches - 160g","p":1.59,"u":"9,94 €/KG","img":"https://fd14-photos.leclercdrive.fr/image.ashx?id=2706550&use=l&cat=p&typeid=i","cat":316009},{"id":196353,"n":"Chardons liqueurs  jacquot x4 - 300g","p":7.06,"u":"23,53 €/KG","img":"https://fd14-photos.leclercdrive.fr/image.ashx?id=2416685&use=l&cat=p&typeid=i","cat":327601},{"id":196372,"n":"Boîte de chocolats Kinder Happy Moments - 231g","p":6.35,"u":"27,49 €/KG","img":"https://fd14-photos.leclercdrive.fr/image.ashx?id=3011899&use=l&cat=p&typeid=i","cat":327592},{"id":196373,"n":"Boîte de chocolats Kinder Happy Moments - 382g","p":11.95,"u":"31,28 €/KG","img":"https://fd14-photos.leclercdrive.fr/image.ashx?id=2896435&use=l&cat=p&typeid=i","cat":327592},{"id":196374,"n":"Bueno eggs kinder Chocolat - 140g","p":5.35,"u":"38,21 €/KG","img":"https://fd14-photos.leclercdrive.fr/image.ashx?id=2764353&use=l&cat=p&typeid=i","cat":327592},{"id":196377,"n":"Mix sélection white Kinder Chocolat - 137g","p":7.65,"u":"55,84 €/KG","img":"https://fd14-photos.leclercdrive.fr/image.ashx?id=2689091&use=l&cat=p&typeid=i","cat":327592},{"id":196378,"n":"Boîte chocolats Ferrero Rocher x16 pralines - 200g","p":5.41,"u":"27,05 €/KG","img":"https://fd14-photos.leclercdrive.fr/image.ashx?id=2963841&use=l&cat=p&typeid=i","cat":327600},{"id":196379,"n":"Boîte chocolats Ferrero Rocher x30 pralines - 375g","p":8.75,"u":"23,33 €/KG","img":"https://fd14-photos.leclercdrive.fr/image.ashx?id=2938091&use=l&cat=p&typeid=i","cat":327600},{"id":196380,"n":"Pralines Raffaello Noix de coco amandes x40- 400g","p":11.15,"u":"27,88 €/KG","img":"https://fd14-photos.leclercdrive.fr/image.ashx?id=2945005&use=l&cat=p&typeid=i","cat":327595},{"id":196431,"n":"Beurre Nature de Breton  Demi-sel - 80% MG - 250g","p":2.35,"u":"9,40 €/KG","img":"https://fd14-photos.leclercdrive.fr/image.ashx?id=2872042&use=l&cat=p&typeid=i","cat":284379},{"id":196432,"n":"Chocolats de Noel Hamlet 250g","p":8.65,"u":"34,60 €/KG","img":"https://fd14-photos.leclercdrive.fr/image.ashx?id=2839322&use=l&cat=p&typeid=i","cat":327595},{"id":196449,"n":"Boite \" velours\" rouge Hamlet  250g","p":11.95,"pp":8.96,"u":"35,84 €/KG","img":"https://fd14-photos.leclercdrive.fr/image.ashx?id=2839490&use=l&cat=p&typeid=i","cat":327595},{"id":196452,"n":"Authentique Revillon  Pralinés - 360g","p":8.85,"u":"24,58 €/KG","img":"https://fd14-photos.leclercdrive.fr/image.ashx?id=2662000&use=l&cat=p&typeid=i","cat":327597},{"id":196454,"n":"Authentique Revillon  Noir - 360g","p":8.85,"u":"24,58 €/KG","img":"https://fd14-photos.leclercdrive.fr/image.ashx?id=2661997&use=l&cat=p&typeid=i","cat":327597},{"id":196457,"n":"Moulage chocolat petit biscuit Rohan - 80g","p":2.5,"u":"31,25 €/KG","img":"https://fd14-photos.leclercdrive.fr/image.ashx?id=2484197&use=l&cat=p&typeid=i","cat":327592},{"id":196488,"n":"Authentique Revillon Chocolat  Lait Voie Lactée - 360g","p":8.85,"u":"24,58 €/KG","img":"https://fd14-photos.leclercdrive.fr/image.ashx?id=2662116&use=l&cat=p&typeid=i","cat":327597},{"id":196525,"n":"Guimauves au chocolat Révillon  Noir & lait  - 300g","p":10.85,"u":"36,17 €/KG","img":"https://fd14-photos.leclercdrive.fr/image.ashx?id=2662119&use=l&cat=p&typeid=i","cat":327597},{"id":196526,"n":"Papillotes Révillon Pâtes de   fruits de nos région - 370g","p":10.25,"u":"27,70 €/KG","img":"https://fd14-photos.leclercdrive.fr/image.ashx?id=2662122&use=l&cat=p&typeid=i","cat":327597},{"id":196566,"n":"Fromage de Chèvre Chavroux Frais Nature - 150g","p":1.95,"u":"13,00 €/KG","img":"https://fd14-photos.leclercdrive.fr/image.ashx?id=2912161&use=l&cat=p&typeid=i","cat":314031},{"id":196647,"n":"Spray dégraissant Chanteclair Universel Marseille - 600ml","p":1.99,"u":"3,32 €/L","img":"https://fd14-photos.leclercdrive.fr/image.ashx?id=2419743&use=l&cat=p&typeid=i","cat":325357},{"id":196663,"n":"Boisson énergisante Monster Nitro Superdry - 50cl","p":1.5,"u":"3,00 €/L","img":"https://fd14-photos.leclercdrive.fr/image.ashx?id=2419395&use=l&cat=p&typeid=i","cat":284533},{"id":196798,"n":"Lait en poudre Picot  1er âge - 850g","p":17.85,"u":"21,00 €/KG","img":"https://fd14-photos.leclercdrive.fr/image.ashx?id=2925421&use=l&cat=p&typeid=i","cat":284726},{"id":196799,"n":"Lait en poudre Picot 2ème âge - 850g","p":15.3,"u":"18,00 €/KG","img":"https://fd14-photos.leclercdrive.fr/image.ashx?id=2925424&use=l&cat=p&typeid=i","cat":284727},{"id":196800,"n":"Lait de croissance Picot 3ème âge - 850g","p":13.14,"u":"15,46 €/KG","img":"https://fd14-photos.leclercdrive.fr/image.ashx?id=2925427&use=l&cat=p&typeid=i","cat":290219},{"id":196965,"n":"Liqueur de menthe Get 27 17,9° - 70cl","p":11.8,"u":"16,86 €/L","img":"https://fd14-photos.leclercdrive.fr/image.ashx?id=2835565&use=l&cat=p&typeid=i","cat":286032},{"id":197161,"n":"Traîneau chocolat oeuf Kinder Jaune - 75g","p":3.45,"u":"46,00 €/KG","img":"https://fd14-photos.leclercdrive.fr/image.ashx?id=2426809&use=l&cat=p&typeid=i","cat":327592},{"id":197163,"n":"Traîneau chocolat œuf Kinder Blanc - 75g","p":3.45,"u":"46,00 €/KG","img":"https://fd14-photos.leclercdrive.fr/image.ashx?id=2426812&use=l&cat=p&typeid=i","cat":327592},{"id":197164,"n":"Traîneau chocolat œuf Kinder Vert - 75g","p":3.45,"u":"46,00 €/KG","img":"https://fd14-photos.leclercdrive.fr/image.ashx?id=2426815&use=l&cat=p&typeid=i","cat":327592},{"id":197174,"n":"Colle Super glue 3 Loctite Power gel - 3x1g","p":4.3,"u":"1,43 €/P","img":"https://fd14-photos.leclercdrive.fr/image.ashx?id=2425682&use=l&cat=p&typeid=i","cat":300576},{"id":197175,"n":"Tube mastic Re-New Rubson Blanc - 5m de joint","p":7.95,"u":"99,38 €/KG","img":"https://fd14-photos.leclercdrive.fr/image.ashx?id=2425685&use=l&cat=p&typeid=i","cat":300576},{"id":197206,"n":"Oeuf maxi Kinder Surprise Vert Père noel - 100g","p":6.35,"u":"63,50 €/KG","img":"https://fd14-photos.leclercdrive.fr/image.ashx?id=2428935&use=l&cat=p&typeid=i","cat":327592},{"id":197362,"n":"Nouilles japonaises Nissin Poulet à l'asiatique - 63G","p":1.75,"u":"27,78 €/KG","img":"https://fd14-photos.leclercdrive.fr/image.ashx?id=2425913&use=l&cat=p&typeid=i","cat":288992},{"id":197436,"n":"Potée aux choux  William Saurin 420g","p":3.26,"u":"7,76 €/KG","img":"https://fd14-photos.leclercdrive.fr/image.ashx?id=2904086&use=l&cat=p&typeid=i","cat":284441},{"id":197625,"n":"Tablette de chocolat noir Lindt 3x100g","p":4.17,"u":"13,90 €/KG","img":"https://fd14-photos.leclercdrive.fr/image.ashx?id=2721422&use=l&cat=p&typeid=i","cat":284956},{"id":197634,"n":"Noisettes poudre Sainte Luci Grillées France - 100g","p":3.85,"u":"38,50 €/KG","img":"https://fd14-photos.leclercdrive.fr/image.ashx?id=2428009&use=l&cat=p&typeid=i","cat":284504},{"id":197635,"n":"Ail de France Sainte Lucie 55g","p":3.45,"u":"62,73 €/KG","img":"https://fd14-photos.leclercdrive.fr/image.ashx?id=2427970&use=l&cat=p&typeid=i","cat":298297},{"id":197637,"n":"Sainte Lucie Persillade Provençale - 19g","p":1.85,"u":"97,37 €/KG","img":"https://fd14-photos.leclercdrive.fr/image.ashx?id=2427973&use=l&cat=p&typeid=i","cat":298297},{"id":197697,"n":"Crème de nuit L'Oréal Paris Age perfect Anti-âge - 50ml","p":11.97,"pp":7.9,"u":"158,00 €/L","img":"https://fd14-photos.leclercdrive.fr/image.ashx?id=2428441&use=l&cat=p&typeid=i","cat":325345},{"id":198040,"n":"Mochi glacé  Framboise Litchi - 210g","p":5.3,"u":"25,24 €/KG","img":"https://fd14-photos.leclercdrive.fr/image.ashx?id=2435501&use=l&cat=p&typeid=i","cat":284266},{"id":198193,"n":"Bière Lindemans framboise 25cl","p":1.85,"u":"7,40 €/L","img":"https://fd14-photos.leclercdrive.fr/image.ashx?id=2433458&use=l&cat=p&typeid=i","cat":334872},{"id":198195,"n":"Bière Lindemans New Pecheresse 25cl","p":1.75,"u":"7,00 €/L","img":"https://fd14-photos.leclercdrive.fr/image.ashx?id=2433461&use=l&cat=p&typeid=i","cat":334872},{"id":198338,"n":"Confiture Douceur du Verger Fraise intense - 320 g","p":1.42,"u":"4,44 €/KG","img":"https://fd14-photos.leclercdrive.fr/image.ashx?id=2965605&use=l&cat=p&typeid=i","cat":284480},{"id":198523,"n":"Desserts Lactés P'TIT ONCTUEUX Fromage blanc 6M+ - 4x90g","p":2.02,"u":"5,61 €/KG","img":"https://fd14-photos.leclercdrive.fr/image.ashx?id=2435707&use=l&cat=p&typeid=i","cat":312392},{"id":198524,"n":"Desserts Lactés P'TIT ONCTUEUX Banane 6M+ - 4x90g","p":2.07,"u":"5,75 €/KG","img":"https://fd14-photos.leclercdrive.fr/image.ashx?id=2435710&use=l&cat=p&typeid=i","cat":312392},{"id":198528,"n":"Bouillon Cube Bio Maggi Volaille dégraissé - 80g","p":1.7,"u":"21,25 €/KG","img":"https://fd14-photos.leclercdrive.fr/image.ashx?id=2435722&use=l&cat=p&typeid=i","cat":288379},{"id":198535,"n":"Velouté Knorr Légumes français -1L","p":2.8,"u":"2,80 €/L","img":"https://fd14-photos.leclercdrive.fr/image.ashx?id=2435935&use=l&cat=p&typeid=i","cat":284462},{"id":198552,"n":"Arome vanille Sainte Lucie naturel -  50ml","p":2.8,"u":"56,00 €/KG","img":"https://fd14-photos.leclercdrive.fr/image.ashx?id=2435908&use=l&cat=p&typeid=i","cat":284504},{"id":198582,"n":"Desserts Lactés P'TIT ONCTUEUX Mangue ananas 6M+ - 4x90g","p":2.0,"u":"5,56 €/KG","img":"https://fd14-photos.leclercdrive.fr/image.ashx?id=2435932&use=l&cat=p&typeid=i","cat":312392},{"id":198636,"n":"Grosse saucisse fraîche Henaff  Fumée x2 - 225g","p":3.95,"u":"17,56 €/KG","img":"https://fd14-photos.leclercdrive.fr/image.ashx?id=2439185&use=l&cat=p&typeid=i","cat":284334},{"id":198794,"n":"Protège-slips Doulys Ultra-mince Long - x30","p":1.25,"u":"0,04 €/P","img":"https://fd14-photos.leclercdrive.fr/image.ashx?id=2882343&use=l&cat=p&typeid=i","cat":284625},{"id":198835,"n":"Gel à raser Satin Care Gillette Nettoyant 2 en 1 - 190ML","p":13.1,"u":"68,95 €/L","img":"https://fd14-photos.leclercdrive.fr/image.ashx?id=2529132&use=l&cat=p&typeid=i","cat":325352},{"id":198838,"n":"Tartélice pomme Lotus  345g","p":2.8,"u":"8,12 €/KG","img":"https://fd14-photos.leclercdrive.fr/image.ashx?id=2439626&use=l&cat=p&typeid=i","cat":284495},{"id":198867,"n":"Lames de rasoir Gillette Mach 3 - x4","p":15.5,"u":"3,88 €/P","img":"https://fd14-photos.leclercdrive.fr/image.ashx?id=2859905&use=l&cat=p&typeid=i","cat":284616},{"id":198877,"n":"Rasoir Mach 3 Gillette 3 lames -x1","p":10.1,"img":"https://fd14-photos.leclercdrive.fr/image.ashx?id=2971416&use=l&cat=p&typeid=i","cat":284616},{"id":198968,"n":"Bloc wc javel Syphon eau bleue x2 - 100g","p":1.78,"u":"17,80 €/KG","img":"https://fd14-photos.leclercdrive.fr/image.ashx?id=2437005&use=l&cat=p&typeid=i","cat":284662},{"id":198977,"n":"Bûche Nestlé Caramel Beurre Salé, 1l","p":5.7,"u":"5,70 €/L","img":"https://fd14-photos.leclercdrive.fr/image.ashx?id=2936701&use=l&cat=p&typeid=i","cat":284266},{"id":198979,"n":"Bûche glacée Nestlé Poire Chocolat - 540g","p":5.7,"u":"10,56 €/KG","img":"https://fd14-photos.leclercdrive.fr/image.ashx?id=2750456&use=l&cat=p&typeid=i","cat":284266},{"id":198980,"n":"Bûche glacée Nestlé Nougatine - 540g","p":5.7,"u":"10,56 €/KG","img":"https://fd14-photos.leclercdrive.fr/image.ashx?id=2936716&use=l&cat=p&typeid=i","cat":284266},{"id":199097,"n":"Chocolat Père Noel Kinder 160g","p":5.1,"u":"31,88 €/KG","img":"https://fd14-photos.leclercdrive.fr/image.ashx?id=2764308&use=l&cat=p&typeid=i","cat":327592},{"id":199108,"n":"Oranges givrées X4 288g","p":6.71,"u":"23,30 €/KG","img":"https://fd14-photos.leclercdrive.fr/image.ashx?id=2533808&use=l&cat=p&typeid=i","cat":284266},{"id":199111,"n":"Citrons givrés  x4 - 288g","p":6.71,"u":"23,30 €/KG","img":"https://fd14-photos.leclercdrive.fr/image.ashx?id=2533805&use=l&cat=p&typeid=i","cat":284266},{"id":199134,"n":"Moulage chocolat Kinder Père Noel - 110g","p":3.65,"u":"33,18 €/KG","img":"https://fd14-photos.leclercdrive.fr/image.ashx?id=2438108&use=l&cat=p&typeid=i","cat":327592},{"id":199267,"n":"Bûche glacée Pilpa Douceur Citron Meringue 464g","p":5.27,"u":"11,36 €/KG","img":"https://fd14-photos.leclercdrive.fr/image.ashx?id=2751030&use=l&cat=p&typeid=i","cat":284266},{"id":199287,"n":"Bûche sorbet L'Angelys Mangue Passion - 500g","p":8.9,"u":"17,80 €/KG","img":"https://fd14-photos.leclercdrive.fr/image.ashx?id=2963670&use=l&cat=p&typeid=i","cat":284266},{"id":199290,"n":"Bûche crème glacée L'Angelys Chocolat noir Vanille - 500g","p":8.9,"u":"1,78 €/L","img":"https://fd14-photos.leclercdrive.fr/image.ashx?id=2442671&use=l&cat=p&typeid=i","cat":284266},{"id":199293,"n":"Bûche crème glacée L'Angelys  Menthe verte Chocolat - 500g","p":8.9,"u":"17,80 €/KG","img":"https://fd14-photos.leclercdrive.fr/image.ashx?id=2963676&use=l&cat=p&typeid=i","cat":284266},{"id":199298,"n":"Bûche glacée Eskiss Façon Pêche Melba - 565g","p":3.89,"u":"6,88 €/KG","img":"https://fd14-photos.leclercdrive.fr/image.ashx?id=2969003&use=l&cat=p&typeid=i","cat":284266},{"id":199461,"n":"Chocolat Kinder Surprise x6 oeufs - 6x20g","p":7.65,"u":"63,75 €/KG","img":"https://fd14-photos.leclercdrive.fr/image.ashx?id=2826336&use=l&cat=p&typeid=i","cat":327592},{"id":199530,"n":"Lait corps Mixa Anti-dessèchement - 400ml","p":4.29,"u":"10,73 €/L","img":"https://fd14-photos.leclercdrive.fr/image.ashx?id=2444372&use=l&cat=p&typeid=i","cat":325349},{"id":199552,"n":"Dentifrice Elmex Anti-caries Original - 75ml","p":4.3,"u":"57,33 €/L","img":"https://fd14-photos.leclercdrive.fr/image.ashx?id=2852181&use=l&cat=p&typeid=i","cat":284612},{"id":199553,"n":"Dentifrice Elmex Sensitive Original - 75ml","p":4.3,"u":"57,33 €/L","img":"https://fd14-photos.leclercdrive.fr/image.ashx?id=2738404&use=l&cat=p&typeid=i","cat":284612},{"id":199554,"n":"Dentifrice Elmex Sensitive  Haleine fraîche - 75ml","p":3.9,"u":"52,00 €/L","img":"https://fd14-photos.leclercdrive.fr/image.ashx?id=2738407&use=l&cat=p&typeid=i","cat":284612},{"id":199557,"n":"Dentifrice Elmex Anti-caries Haleine fraîche - 75 ml","p":3.5,"u":"46,67 €/MT","img":"https://fd14-photos.leclercdrive.fr/image.ashx?id=2738419&use=l&cat=p&typeid=i","cat":284612},{"id":199559,"n":"Dentifrice Elmex Sensitive  Blancheur douce - 2x75ml","p":9.1,"u":"60,67 €/MT","img":"https://fd14-photos.leclercdrive.fr/image.ashx?id=2738425&use=l&cat=p&typeid=i","cat":284612},{"id":199655,"n":"Bûchettes Délices Pilpa Vanille Fruits  x6 - 351g","p":3.5,"u":"9,97 €/KG","img":"https://fd14-photos.leclercdrive.fr/image.ashx?id=2444060&use=l&cat=p&typeid=i","cat":284266},{"id":199860,"n":"Bûche glacée Nestlé Menthe Chocolat - 540g","p":5.7,"u":"10,56 €/KG","img":"https://fd14-photos.leclercdrive.fr/image.ashx?id=2936719&use=l&cat=p&typeid=i","cat":284266},{"id":199863,"n":"Bûche glacée Nestlé  Framboise Citron Fraise - 540g","p":5.7,"u":"10,56 €/KG","img":"https://fd14-photos.leclercdrive.fr/image.ashx?id=2749991&use=l&cat=p&typeid=i","cat":284266},{"id":199864,"n":"Bûche glacée Nestlé Sensations Ananas Mangue Citron - 540g","p":5.7,"u":"10,56 €/KG","img":"https://fd14-photos.leclercdrive.fr/image.ashx?id=2936698&use=l&cat=p&typeid=i","cat":284266},{"id":199865,"n":"Bûche glacée Nestlé L'Amandière - 540g","p":5.7,"u":"10,56 €/KG","img":"https://fd14-photos.leclercdrive.fr/image.ashx?id=2749979&use=l&cat=p&typeid=i","cat":284266},{"id":200060,"n":"Bûchettes Nestlé Signature Tout chocolat x4 - 310g","p":5.2,"u":"16,77 €/KG","img":"https://fd14-photos.leclercdrive.fr/image.ashx?id=2446755&use=l&cat=p&typeid=i","cat":284266},{"id":200061,"n":"Bûchettes Nestlé Signature Façon fraisier x4 - 310g","p":5.2,"u":"16,77 €/KG","img":"https://fd14-photos.leclercdrive.fr/image.ashx?id=2446749&use=l&cat=p&typeid=i","cat":284266},{"id":200062,"n":"Bûche glacée Nestlé craquante Vanille Caramel - 540g","p":5.7,"u":"10,56 €/KG","img":"https://fd14-photos.leclercdrive.fr/image.ashx?id=2750462&use=l&cat=p&typeid=i","cat":284266},{"id":200096,"n":"Bûche glacée Nestlé  Chocolat Vanille - 540g","p":5.7,"u":"10,56 €/KG","img":"https://fd14-photos.leclercdrive.fr/image.ashx?id=2936722&use=l&cat=p&typeid=i","cat":284266},{"id":200100,"n":"Bûche glacée Nestlé Crème brûlée - 540g","p":5.7,"u":"10,56 €/KG","img":"https://fd14-photos.leclercdrive.fr/image.ashx?id=2749997&use=l&cat=p&typeid=i","cat":284266},{"id":200123,"n":"Lait de coco Suzi Wan 330ml","p":2.65,"u":"8,03 €/KG","img":"https://fd14-photos.leclercdrive.fr/image.ashx?id=2886214&use=l&cat=p&typeid=i","cat":288992},{"id":200153,"n":"Repas bébé Blédina 15 mois légumes boulghour merlu 200g","p":2.29,"u":"11,45 €/KG","img":"https://fd14-photos.leclercdrive.fr/image.ashx?id=2975101&use=l&cat=p&typeid=i","cat":312238},{"id":200175,"n":"Plat bébé soir Blédiner 15 mois Pâtes légumes - 200g","p":2.17,"u":"10,85 €/KG","img":"https://fd14-photos.leclercdrive.fr/image.ashx?id=2866295&use=l&cat=p&typeid=i","cat":312239},{"id":200202,"n":"Repas bébé Blédina 15 mois carotte haricot riz bœuf 200g","p":2.38,"u":"11,90 €/KG","img":"https://fd14-photos.leclercdrive.fr/image.ashx?id=2586586&use=l&cat=p&typeid=i","cat":312238},{"id":200218,"n":"Repas bébé Blédina 15 mois carotte pâte épices poulet 200g","p":2.21,"u":"11,05 €/KG","img":"https://fd14-photos.leclercdrive.fr/image.ashx?id=2951632&use=l&cat=p&typeid=i","cat":312238},{"id":200263,"n":"Fromage Boursault  Extra Crèmeux - 200g","p":3.3,"u":"16,50 €/KG","img":"https://fd14-photos.leclercdrive.fr/image.ashx?id=2446458&use=l&cat=p&typeid=i","cat":329558},{"id":200276,"n":"Bloc de foie gras de canard  Jean Larnaudie - 2x150g","p":14.99,"u":"49,97 €/KG","img":"https://fd14-photos.leclercdrive.fr/image.ashx?id=2447900&use=l&cat=p&typeid=i","cat":316008},{"id":200278,"n":"Bloc de foie gras de canard Jean Larnaudie - 2x150g","p":14.99,"u":"49,97 €/KG","img":"https://fd14-photos.leclercdrive.fr/image.ashx?id=2447906&use=l&cat=p&typeid=i","cat":316008},{"id":200377,"n":"Plat bébé soir Blédîner 15 mois Légumes macaroni persil - 200g","p":2.33,"u":"11,65 €/KG","img":"https://fd14-photos.leclercdrive.fr/image.ashx?id=2866292&use=l&cat=p&typeid=i","cat":312239},{"id":200378,"n":"Repas bébé Blédina 15 mois Pâtes brocolis jambon - 200g","p":2.23,"u":"11,15 €/KG","img":"https://fd14-photos.leclercdrive.fr/image.ashx?id=2975104&use=l&cat=p&typeid=i","cat":312238},{"id":200708,"n":"Biscuits Mikado Lu  Chocolat blanc - 70g","p":1.9,"u":"27,14 €/KG","img":"https://fd14-photos.leclercdrive.fr/image.ashx?id=3001976&use=l&cat=p&typeid=i","cat":284488},{"id":200714,"n":"Céréales Lion Nestlé   Triple Crunchy - 550g","p":4.61,"u":"8,38 €/KG","img":"https://fd14-photos.leclercdrive.fr/image.ashx?id=2893538&use=l&cat=p&typeid=i","cat":309513},{"id":200763,"n":"Gel lavant hydratant Sanytol Aloe vera Bio - 250ml","p":2.55,"u":"10,20 €/L","img":"https://fd14-photos.leclercdrive.fr/image.ashx?id=2905273&use=l&cat=p&typeid=i","cat":284597},{"id":200779,"n":"Nettoyant sol Vigor Désincrustant intense - 1L","p":3.18,"u":"3,18 €/L","img":"https://fd14-photos.leclercdrive.fr/image.ashx?id=2736160&use=l&cat=p&typeid=i","cat":284907},{"id":200798,"n":"Oignon jaune tube 500g","p":1.83,"u":"3,66 €/KG","img":"https://fd14-photos.leclercdrive.fr/image.ashx?id=2454715&use=l&cat=p&typeid=i","cat":284352},{"id":200847,"n":"Coquilles à la bretonne 60% Régal Du Jour - x2","p":6.3,"u":"3,15 €/P","img":"https://fd14-photos.leclercdrive.fr/image.ashx?id=2460946&use=l&cat=p&typeid=i","cat":319775},{"id":200994,"n":"Nouilles Soy Shrimps Nissin 63g","p":1.75,"u":"27,78 €/KG","img":"https://fd14-photos.leclercdrive.fr/image.ashx?id=2453640&use=l&cat=p&typeid=i","cat":288992},{"id":200995,"n":"Soupe Cup Noodles Nissin Saveur boeuf 5 épices - 64g","p":1.75,"u":"27,34 €/KG","img":"https://fd14-photos.leclercdrive.fr/image.ashx?id=2453643&use=l&cat=p&typeid=i","cat":288992},{"id":201050,"n":"Raclette Gratte Givre Tech9 Rouge - 1 pièce","p":2.55,"img":"https://fd14-photos.leclercdrive.fr/image.ashx?id=2611925&use=l&cat=p&typeid=i","cat":298252},{"id":201081,"n":"Yaourt à la grecque Yaos  Morceaux de fraises - 4x125g","p":2.35,"u":"4,70 €/KG","img":"https://fd14-photos.leclercdrive.fr/image.ashx?id=2454772&use=l&cat=p&typeid=i","cat":284410},{"id":201136,"n":"Pizza Crust Sodebo Kebab Poulet - 580g","p":5.25,"u":"9,05 €/KG","img":"https://fd14-photos.leclercdrive.fr/image.ashx?id=2645507&use=l&cat=p&typeid=i","cat":333679},{"id":201140,"n":"Yaourt à la grecque Yaos  Morceaux d'abricots - 4x125g","p":2.5,"u":"5,00 €/KG","img":"https://fd14-photos.leclercdrive.fr/image.ashx?id=2455123&use=l&cat=p&typeid=i","cat":284410},{"id":201141,"n":"Radiatori Xtrem Box Sodebo Poulet crème - 400g","p":3.55,"u":"8,88 €/KG","img":"https://fd14-photos.leclercdrive.fr/image.ashx?id=2862239&use=l&cat=p&typeid=i","cat":334983},{"id":201142,"n":"Yaourt à la grecque Yaos  Morceaux de pêches - 4x125g","p":2.5,"u":"5,00 €/KG","img":"https://fd14-photos.leclercdrive.fr/image.ashx?id=2455126&use=l&cat=p&typeid=i","cat":284410},{"id":201170,"n":"Mayonnaise Bénédicta Nature - 235g","p":2.05,"u":"8,72 €/KG","img":"https://fd14-photos.leclercdrive.fr/image.ashx?id=2745016&use=l&cat=p&typeid=i","cat":298295},{"id":201211,"n":"Noix sèche AOP de Grenoble  1kg","p":5.99,"u":"5,99 €/KG","img":"https://fd14-photos.leclercdrive.fr/image.ashx?id=583355&use=l&cat=p&typeid=i","cat":284357},{"id":201298,"n":"Fromage enfant La Vache qui rit Original 12P à tartiner - 192g","p":2.4,"u":"12,50 €/KG","img":"https://fd14-photos.leclercdrive.fr/image.ashx?id=2945442&use=l&cat=p&typeid=i","cat":314030},{"id":201300,"n":"Fromage enfant La Vache qui rit Original 32P à tartiner - 512g","p":4.75,"u":"9,28 €/KG","img":"https://fd14-photos.leclercdrive.fr/image.ashx?id=2945448&use=l&cat=p&typeid=i","cat":314030},{"id":201349,"n":"Noix de jambon Petit Gas Tranches fines x10 - 125g","p":2.89,"u":"23,12 €/KG","img":"https://fd14-photos.leclercdrive.fr/image.ashx?id=2464087&use=l&cat=p&typeid=i","cat":316007},{"id":201354,"n":"Riz au lait Ker Ronan Vanille - 4x105g","p":2.25,"u":"5,36 €/KG","img":"https://fd14-photos.leclercdrive.fr/image.ashx?id=2458832&use=l&cat=p&typeid=i","cat":284418},{"id":201356,"n":"Riz au lait Ker Ronan Caramel - 4x105g","p":2.25,"u":"5,36 €/KG","img":"https://fd14-photos.leclercdrive.fr/image.ashx?id=2458835&use=l&cat=p&typeid=i","cat":284418},{"id":201447,"n":"Escalope Cordon Bleu Père Dodu  Poulet sans antibio x2 - 200g","p":2.5,"u":"12,50 €/KG","img":"https://fd14-photos.leclercdrive.fr/image.ashx?id=2461087&use=l&cat=p&typeid=i","cat":333683},{"id":201457,"n":"Infusion détente Tisea x20","p":1.49,"u":"46,56 €/KG","img":"https://fd14-photos.leclercdrive.fr/image.ashx?id=2672948&use=l&cat=p&typeid=i","cat":293234},{"id":201459,"n":"Haricot vert Notre Jardin Beurre - 280g","p":2.39,"u":"8,54 €/KG","img":"https://fd14-photos.leclercdrive.fr/image.ashx?id=3002650&use=l&cat=p&typeid=i","cat":312606},{"id":201607,"n":"Rasoirs jetables Wilkinson Extra 3 Essentials - x4","p":2.4,"u":"0,60 €/P","img":"https://fd14-photos.leclercdrive.fr/image.ashx?id=2462840&use=l&cat=p&typeid=i","cat":325352},{"id":201686,"n":"Cheesecake caramel beurre salé Marie Morin - 2x100g","p":3.4,"u":"17,00 €/KG","img":"https://fd14-photos.leclercdrive.fr/image.ashx?id=2631738&use=l&cat=p&typeid=i","cat":284419},{"id":201688,"n":"Beurre plaquette Eco+ Doux - 60% MG  - 200g","p":1.45,"u":"7,25 €/KG","img":"https://fd14-photos.leclercdrive.fr/image.ashx?id=2794187&use=l&cat=p&typeid=i","cat":284379},{"id":201690,"n":"Beurre plaquette Eco+ Demi-sel - 60% MG - 200g","p":1.47,"u":"7,35 €/KG","img":"https://fd14-photos.leclercdrive.fr/image.ashx?id=2794184&use=l&cat=p&typeid=i","cat":284379},{"id":201692,"n":"Frites Crousti Express Findus Micro-ondes Allumette 2x100g","p":1.65,"u":"8,25 €/KG","img":"https://fd14-photos.leclercdrive.fr/image.ashx?id=2648274&use=l&cat=p&typeid=i","cat":319791},{"id":201693,"n":"Frites Crousti Express Findus Micro-ondes Classique 2x100g","p":1.6,"u":"8,00 €/KG","img":"https://fd14-photos.leclercdrive.fr/image.ashx?id=2648271&use=l&cat=p&typeid=i","cat":319791},{"id":201702,"n":"Bière Leffe Ruby 5% - 6x25cl","p":5.3,"u":"3,53 €/L","img":"https://fd14-photos.leclercdrive.fr/image.ashx?id=2811581&use=l&cat=p&typeid=i","cat":334878},{"id":201706,"n":"Bière Leffe Ruby 5% - 12x25cl","p":9.2,"u":"3,07 €/L","img":"https://fd14-photos.leclercdrive.fr/image.ashx?id=2813008&use=l&cat=p&typeid=i","cat":334878},{"id":201747,"n":"Thé vert Lipton Fleur d'oranger - x20 - 30g","p":2.4,"u":"80,00 €/KG","img":"https://fd14-photos.leclercdrive.fr/image.ashx?id=2463398&use=l&cat=p&typeid=i","cat":293233},{"id":201772,"n":"Dentifrice Elmex Sensitive Blancheur douce - 75ml","p":4.7,"u":"62,67 €/L","img":"https://fd14-photos.leclercdrive.fr/image.ashx?id=2721187&use=l&cat=p&typeid=i","cat":284612},{"id":201774,"n":"Sous-vêtements nuit DryNites® Garçons 4-7 ans (17-30 kg) x16","p":12.35,"u":"0,77 €/P","img":"https://fd14-photos.leclercdrive.fr/image.ashx?id=2844727&use=l&cat=p&typeid=i","cat":290633},{"id":201775,"n":"Sous-vêtements nuit DryNites® Garçons 8-13 ans (30-48 kg) x13","p":12.35,"u":"0,95 €/P","img":"https://fd14-photos.leclercdrive.fr/image.ashx?id=2971314&use=l&cat=p&typeid=i","cat":290633},{"id":201836,"n":"Pizza Crousti Moelleuse Marie 4 fromages - 500g","p":3.8,"u":"7,60 €/KG","img":"https://fd14-photos.leclercdrive.fr/image.ashx?id=2996701&use=l&cat=p&typeid=i","cat":284256},{"id":201837,"n":"Protège-slips Doulys Ultra-mince normal - x45","p":0.87,"u":"0,02 €/P","img":"https://fd14-photos.leclercdrive.fr/image.ashx?id=2849590&use=l&cat=p&typeid=i","cat":284625},{"id":201838,"n":"Fraizibus Haribo Sachet bonbons - 220g","p":1.5,"u":"6,82 €/KG","img":"https://fd14-photos.leclercdrive.fr/image.ashx?id=2984955&use=l&cat=p&typeid=i","cat":304250},{"id":201915,"n":"Protège-slips Doulys Slip ou string - x45","p":1.61,"u":"0,04 €/P","img":"https://fd14-photos.leclercdrive.fr/image.ashx?id=2877466&use=l&cat=p&typeid=i","cat":284625},{"id":201927,"n":"Rôti filet de Porc Bigard Oignon et thym - 400g","p":6.4,"u":"16,00 €/KG","img":"https://fd14-photos.leclercdrive.fr/image.ashx?id=2479204&use=l&cat=p&typeid=i","cat":284331},{"id":201934,"n":"Protège-slips Vania Confort Fresh - x56","p":2.29,"img":"https://fd14-photos.leclercdrive.fr/image.ashx?id=2735227&use=l&cat=p&typeid=i","cat":284625},{"id":201935,"n":"Protège-slips Confort Vania  Sans parfum - x56","p":2.19,"u":"0,04 €/P","img":"https://fd14-photos.leclercdrive.fr/image.ashx?id=2735230&use=l&cat=p&typeid=i","cat":284625},{"id":201945,"n":"Gel Douche Le Petit Marseillais  Lait de vanille - 250ml","p":1.5,"u":"6,00 €/L","img":"https://fd14-photos.leclercdrive.fr/image.ashx?id=2676096&use=l&cat=p&typeid=i","cat":284594},{"id":201946,"n":"Gel Douche Le Petit Marseillais Lait de vanille - 650 ml","p":3.34,"u":"5,14 €/L","img":"https://fd14-photos.leclercdrive.fr/image.ashx?id=2674794&use=l&cat=p&typeid=i","cat":284594},{"id":201947,"n":"Gel Douche Le Petit Marseillais Fleur de cerisie - 650ml","p":3.28,"u":"5,05 €/L","img":"https://fd14-photos.leclercdrive.fr/image.ashx?id=2676099&use=l&cat=p&typeid=i","cat":284594},{"id":201948,"n":"Gel Douche Le Petit Marseillais Abricot et noisette - 650ml","p":3.35,"u":"5,15 €/MT","img":"https://fd14-photos.leclercdrive.fr/image.ashx?id=2676102&use=l&cat=p&typeid=i","cat":284594},{"id":201949,"n":"Gel Douche Le Petit Marseillais Fleur d'oranger - 250ml","p":1.6,"u":"6,40 €/MT","img":"https://fd14-photos.leclercdrive.fr/image.ashx?id=2963397&use=l&cat=p&typeid=i","cat":284594},{"id":201950,"n":"Gel Douche Le Petit Marseillais Amande douce - 250ml","p":1.6,"u":"6,40 €/MT","img":"https://fd14-photos.leclercdrive.fr/image.ashx?id=2946592&use=l&cat=p&typeid=i","cat":284594},{"id":201951,"n":"Gel Douche Le Petit Marseillais Lait - 250ml","p":1.6,"u":"6,40 €/MT","img":"https://fd14-photos.leclercdrive.fr/image.ashx?id=2676108&use=l&cat=p&typeid=i","cat":284594},{"id":201952,"n":"Gel Douche Le Petit Marseillais Lait - 650ml","p":3.3,"u":"5,08 €/L","img":"https://fd14-photos.leclercdrive.fr/image.ashx?id=2676111&use=l&cat=p&typeid=i","cat":284594},{"id":201953,"n":"Gel Douche Le Petit Marseillais Pêche nectarine - 250ml","p":1.6,"u":"6,40 €/L","img":"https://fd14-photos.leclercdrive.fr/image.ashx?id=2938761&use=l&cat=p&typeid=i","cat":284594},{"id":201954,"n":"Gel Douche Le Petit Marseillais  Peche nectarine - 650ml","p":3.34,"u":"5,14 €/L","img":"https://fd14-photos.leclercdrive.fr/image.ashx?id=2676114&use=l&cat=p&typeid=i","cat":284594},{"id":201956,"n":"Gel Douche Le Petit Marseillais Verveine citron - 250ml","p":1.6,"u":"6,40 €/MT","img":"https://fd14-photos.leclercdrive.fr/image.ashx?id=2941769&use=l&cat=p&typeid=i","cat":284594},{"id":201957,"n":"Gel douche pamplemousse orange  Le Petit marseillais - 650ml","p":3.28,"u":"5,05 €/L","img":"https://fd14-photos.leclercdrive.fr/image.ashx?id=2676123&use=l&cat=p&typeid=i","cat":284594},{"id":201967,"n":"Bière blonde Corona 12x33cl","p":14.5,"u":"3,66 €/L","img":"https://fd14-photos.leclercdrive.fr/image.ashx?id=2544521&use=l&cat=p&typeid=i","cat":334873},{"id":201968,"n":"Bière blonde Corona Extra 4,5% - 6x33cl","p":7.95,"u":"4,02 €/L","img":"https://fd14-photos.leclercdrive.fr/image.ashx?id=2865452&use=l&cat=p&typeid=i","cat":334873},{"id":202047,"n":"Blanc de Poulet Tradilège -25% de sel - 6 Tranches - 180g","p":2.12,"u":"11,78 €/KG","img":"https://fd14-photos.leclercdrive.fr/image.ashx?id=2943713&use=l&cat=p&typeid=i","cat":316010},{"id":202054,"n":"Pizza Eco+ 6 fromages x2 - 680g","p":3.41,"u":"5,01 €/KG","img":"https://fd14-photos.leclercdrive.fr/image.ashx?id=2756840&use=l&cat=p&typeid=i","cat":284256},{"id":202058,"n":"Salade riz et thon Menu Fraîcheur - 300g","p":1.75,"u":"5,83 €/KG","img":"https://fd14-photos.leclercdrive.fr/image.ashx?id=2646014&use=l&cat=p&typeid=i","cat":333657},{"id":202059,"n":"Salade pièmontaise poulet Menu Fraîcheur - 300g","p":2.19,"u":"7,30 €/KG","img":"https://fd14-photos.leclercdrive.fr/image.ashx?id=2646017&use=l&cat=p&typeid=i","cat":333657},{"id":202064,"n":"Fromage blanc nature Délisse 500g","p":1.29,"u":"2,58 €/KG","img":"https://fd14-photos.leclercdrive.fr/image.ashx?id=3012878&use=l&cat=p&typeid=i","cat":284409},{"id":202066,"n":"Fromage blanc nature Délisse 4x100g","p":0.97,"u":"2,43 €/KG","img":"https://fd14-photos.leclercdrive.fr/image.ashx?id=3012881&use=l&cat=p&typeid=i","cat":284409},{"id":202074,"n":"Poêlée de légumes Épeautre  Notre Jardin - 750g","p":2.89,"u":"3,85 €/KG","img":"https://fd14-photos.leclercdrive.fr/image.ashx?id=2771378&use=l&cat=p&typeid=i","cat":319823},{"id":202075,"n":"Poêlée jardinière quinoa Notre Jardin - 750g","p":2.69,"u":"3,59 €/KG","img":"https://fd14-photos.leclercdrive.fr/image.ashx?id=2771381&use=l&cat=p&typeid=i","cat":319823},{"id":202448,"n":"Pomme de terre Princesse Amandine - 2kg","p":3.99,"u":"2,00 €/KG","img":"https://fd14-photos.leclercdrive.fr/image.ashx?id=1625739&use=l&cat=p&typeid=i","cat":284352},{"id":202545,"n":"Gel douche Le Petit Marseillais Fleur de Tiare - 250ml","p":1.59,"u":"6,36 €/L","img":"https://fd14-photos.leclercdrive.fr/image.ashx?id=2676093&use=l&cat=p&typeid=i","cat":284594},{"id":202549,"n":"Gel douche Le Petit Marseillais Argan et Karité - 250ml","p":1.64,"u":"6,56 €/L","img":"https://fd14-photos.leclercdrive.fr/image.ashx?id=2684539&use=l&cat=p&typeid=i","cat":284594},{"id":202582,"n":"Langoustines crues Alpha Bay Crues 21/30 - 1kg","p":13.7,"u":"13,70 €/KG","img":"https://fd14-photos.leclercdrive.fr/image.ashx?id=2953926&use=l&cat=p&typeid=i","cat":319787},{"id":202870,"n":"Sucrines bicolores Panier du Primeur x3","p":1.49,"u":"0,50 €/P","img":"https://fd14-photos.leclercdrive.fr/image.ashx?id=2477544&use=l&cat=p&typeid=i","cat":284352},{"id":202872,"n":"Sucrine Eco+ x2","p":0.89,"u":"0,45 €/P","img":"https://fd14-photos.leclercdrive.fr/image.ashx?id=2477535&use=l&cat=p&typeid=i","cat":284352},{"id":202888,"n":"Gel douche Adidas Active Start - 250ml","p":1.75,"u":"7,00 €/L","img":"https://fd14-photos.leclercdrive.fr/image.ashx?id=2990805&use=l&cat=p&typeid=i","cat":284619},{"id":203036,"n":"Gel douche Mixa Bébé  Très Doux Corps Cheveux - 300ml","p":2.99,"u":"9,97 €/L","img":"https://fd14-photos.leclercdrive.fr/image.ashx?id=2479318&use=l&cat=p&typeid=i","cat":284740},{"id":203037,"n":"Shampooing Mixa Bébé  Très Doux - 300ml","p":2.41,"u":"8,03 €/L","img":"https://fd14-photos.leclercdrive.fr/image.ashx?id=2479321&use=l&cat=p&typeid=i","cat":284740},{"id":203039,"n":"Shampooing Mixa Bébé Bio Très Doux - 300ml","p":3.3,"u":"11,00 €/L","img":"https://fd14-photos.leclercdrive.fr/image.ashx?id=2478643&use=l&cat=p&typeid=i","cat":284740},{"id":203041,"n":"Lait de toilette Mixa Bébé  Très Doux - 300ml","p":2.47,"u":"8,23 €/L","img":"https://fd14-photos.leclercdrive.fr/image.ashx?id=2479324&use=l&cat=p&typeid=i","cat":284741},{"id":203042,"n":"Gel Toilette Intime Extra Doux Intima Natural Hamamélis 200ml","p":3.15,"u":"15,75 €/L","img":"https://fd14-photos.leclercdrive.fr/image.ashx?id=2959871&use=l&cat=p&typeid=i","cat":284627},{"id":203043,"n":"Gel Toilette Intime Régulateur Intima Natural Cranberry 200ml","p":3.15,"u":"15,75 €/L","img":"https://fd14-photos.leclercdrive.fr/image.ashx?id=2959874&use=l&cat=p&typeid=i","cat":284627},{"id":203050,"n":"Recharge Sense & Spray Glade Ocean Adventure - 18 ml","p":3.6,"u":"200,00 €/L","img":"https://fd14-photos.leclercdrive.fr/image.ashx?id=2634352&use=l&cat=p&typeid=i","cat":311629},{"id":203052,"n":"Recharge pour diffuseur Glade  Bois de Santal & Jasmin - 18ml","p":3.8,"u":"211,11 €/L","img":"https://fd14-photos.leclercdrive.fr/image.ashx?id=2634358&use=l&cat=p&typeid=i","cat":311629},{"id":203057,"n":"Recharge Touch & Fresh Glade Muguet - 10ml","p":3.25,"u":"325,00 €/L","img":"https://fd14-photos.leclercdrive.fr/image.ashx?id=2506612&use=l&cat=p&typeid=i","cat":311629},{"id":203059,"n":"Recharge Touch & Fresh Glade Sandalwood & Jasmine - 10 ml","p":3.25,"u":"325,00 €/L","img":"https://fd14-photos.leclercdrive.fr/image.ashx?id=2914744&use=l&cat=p&typeid=i","cat":311629},{"id":203089,"n":"Pizza au feu de bois Turini Chèvre et miel - 410g","p":2.65,"u":"6,46 €/KG","img":"https://fd14-photos.leclercdrive.fr/image.ashx?id=2816615&use=l&cat=p&typeid=i","cat":284256},{"id":203203,"n":"Moulage  Kinder Surprise 36g","p":2.16,"u":"60,00 €/KG","img":"https://fd14-photos.leclercdrive.fr/image.ashx?id=2509089&use=l&cat=p&typeid=i","cat":327592},{"id":203209,"n":"Petits plaisirs  Ferrero Rocher Chocolat - 126g","p":4.95,"u":"39,29 €/KG","img":"https://fd14-photos.leclercdrive.fr/image.ashx?id=2945008&use=l&cat=p&typeid=i","cat":327600},{"id":203433,"n":"Gel douche Homme Adidas After Sport - 250ml","p":1.68,"u":"6,72 €/L","img":"https://fd14-photos.leclercdrive.fr/image.ashx?id=2990799&use=l&cat=p&typeid=i","cat":284619},{"id":203471,"n":"Banane Eco+ x4","p":0.79,"u":"0,20 €/P","img":"https://fd14-photos.leclercdrive.fr/image.ashx?id=2600252&use=l&cat=p&typeid=i","cat":284356},{"id":203476,"n":"Mâche Eco+ 125g","p":0.99,"img":"https://fd14-photos.leclercdrive.fr/image.ashx?id=2958305&use=l&cat=p&typeid=i","cat":284352},{"id":203506,"n":"Apéricroq Le Richelieu Maison Monterrat - 450g","p":3.4,"u":"7,56 €/KG","img":"https://fd14-photos.leclercdrive.fr/image.ashx?id=2482687&use=l&cat=p&typeid=i","cat":316003},{"id":203565,"n":"Lait Sans Lactose Candia   1% MG - 1L","p":1.35,"u":"1,35 €/L","img":"https://fd14-photos.leclercdrive.fr/image.ashx?id=2482714&use=l&cat=p&typeid=i","cat":317169},{"id":203596,"n":"Plat cuisiné Jardin Bio Bio Lentilles à l'indienne - 680g","p":4.15,"u":"6,10 €/KG","img":"https://fd14-photos.leclercdrive.fr/image.ashx?id=2811179&use=l&cat=p&typeid=i","cat":287600},{"id":203599,"n":"Infusion Jardin Bio Rooibos D'Afrique du sud Bio - x20 -36g","p":2.12,"u":"58,89 €/KG","img":"https://fd14-photos.leclercdrive.fr/image.ashx?id=2974384&use=l&cat=p&typeid=i","cat":293234},{"id":203783,"n":"Grilletine Pasquier Céréales et graines - 255g","p":2.05,"u":"8,04 €/KG","img":"https://fd14-photos.leclercdrive.fr/image.ashx?id=2642393&use=l&cat=p&typeid=i","cat":284479},{"id":203801,"n":"Dentifrice Parodontax Haleine gencives et Sensibilité 75ml","p":4.95,"u":"66,00 €/L","img":"https://fd14-photos.leclercdrive.fr/image.ashx?id=2487084&use=l&cat=p&typeid=i","cat":284612},{"id":203821,"n":"Boîte chien Pedigree  Cuisinés en sauce - 6x400g","p":8.4,"u":"3,50 €/KG","img":"https://fd14-photos.leclercdrive.fr/image.ashx?id=2849722&use=l&cat=p&typeid=i","cat":288578},{"id":203822,"n":"Boîte chien Pedigree Cuisinés en sauce - 4x400g","p":5.95,"u":"3,72 €/KG","img":"https://fd14-photos.leclercdrive.fr/image.ashx?id=2849719&use=l&cat=p&typeid=i","cat":288578},{"id":203826,"n":"Sachet fraicheur chat Whiskas Poissons en gelée - 12x85g","p":4.65,"u":"4,56 €/KG","img":"https://fd14-photos.leclercdrive.fr/image.ashx?id=2486910&use=l&cat=p&typeid=i","cat":285286},{"id":203828,"n":"Sachet repas chaton Whiskas Festins volaille gelée - 12x85g","p":5.4,"u":"5,29 €/KG","img":"https://fd14-photos.leclercdrive.fr/image.ashx?id=2487093&use=l&cat=p&typeid=i","cat":285286},{"id":203895,"n":"Soin démêlant Hydratant Aloe Vera - Hair Food - 350ml","p":3.54,"u":"10,11 €/L","img":"https://fd14-photos.leclercdrive.fr/image.ashx?id=2878069&use=l&cat=p&typeid=i","cat":284608},{"id":204056,"n":"Céréales Spécial K Kellogg's Fruits rouges - 450g","p":3.95,"u":"8,78 €/KG","img":"https://fd14-photos.leclercdrive.fr/image.ashx?id=2775029&use=l&cat=p&typeid=i","cat":309512},{"id":204057,"n":"Céréales Spécial K Kellogg's Chocolat noir - 500g","p":3.75,"u":"7,50 €/KG","img":"https://fd14-photos.leclercdrive.fr/image.ashx?id=2692710&use=l&cat=p&typeid=i","cat":309512},{"id":204058,"n":"Céréales Special K Kellogg's Chocolat au Lait - 500g","p":4.01,"u":"8,02 €/KG","img":"https://fd14-photos.leclercdrive.fr/image.ashx?id=2692713&use=l&cat=p&typeid=i","cat":309512},{"id":204073,"n":"Fromage Fouetté Ail Fines Herbe à tartiner Les Croisés - 150g","p":1.53,"u":"10,20 €/KG","img":"https://fd14-photos.leclercdrive.fr/image.ashx?id=2933455&use=l&cat=p&typeid=i","cat":314029},{"id":204157,"n":"Pâte feuilletée Herta Trésor de Grand-Mère  280g","p":1.65,"u":"5,89 €/KG","img":"https://fd14-photos.leclercdrive.fr/image.ashx?id=2833303&use=l&cat=p&typeid=i","cat":333681},{"id":204158,"n":"Pâte brisée Herta Trésor de Grand-Mère - 280g","p":1.75,"u":"6,25 €/KG","img":"https://fd14-photos.leclercdrive.fr/image.ashx?id=2833306&use=l&cat=p&typeid=i","cat":333681},{"id":204159,"n":"Pâte à tarte sablée Herta Trésor de Grand-Mère - 280g","p":1.7,"u":"6,07 €/KG","img":"https://fd14-photos.leclercdrive.fr/image.ashx?id=2814536&use=l&cat=p&typeid=i","cat":333681},{"id":204169,"n":"Sachet fraicheur chat Whiskas Festins volaille gelée - 12x85g","p":4.7,"u":"4,61 €/KG","img":"https://fd14-photos.leclercdrive.fr/image.ashx?id=2490329&use=l&cat=p&typeid=i","cat":285286},{"id":204247,"n":"Protège-slip Vania Confort Multiformes - 1p","p":2.29,"img":"https://fd14-photos.leclercdrive.fr/image.ashx?id=2735224&use=l&cat=p&typeid=i","cat":284625},{"id":204249,"n":"Galettes Moelleuses St Michel  Tigrées Chocolat - 180g","p":1.6,"u":"8,89 €/KG","img":"https://fd14-photos.leclercdrive.fr/image.ashx?id=2950006&use=l&cat=p&typeid=i","cat":284495},{"id":204275,"n":"Soin Hydratant So Bio Etic Grenade bio - 50ml","p":10.4,"u":"208,00 €/L","img":"https://fd14-photos.leclercdrive.fr/image.ashx?id=2787110&use=l&cat=p&typeid=i","cat":325345},{"id":204302,"n":"Shampoing nutrition Ultra Doux Lait de coco - 300ml","p":2.99,"u":"9,97 €/L","img":"https://fd14-photos.leclercdrive.fr/image.ashx?id=2492788&use=l&cat=p&typeid=i","cat":284606},{"id":204303,"n":"Shampoing purifiant Ultra Doux Cheveux gras - 300ml","p":2.85,"u":"9,50 €/L","img":"https://fd14-photos.leclercdrive.fr/image.ashx?id=2492791&use=l&cat=p&typeid=i","cat":284606},{"id":204304,"n":"Shampoing Illuminant Ultra Doux Camomille - 300ml","p":2.54,"u":"8,47 €/L","img":"https://fd14-photos.leclercdrive.fr/image.ashx?id=2926596&use=l&cat=p&typeid=i","cat":284606},{"id":204305,"n":"Shampoing nutrition Ultra Doux Argan et camélia - 300ml","p":2.55,"u":"8,50 €/L","img":"https://fd14-photos.leclercdrive.fr/image.ashx?id=2492797&use=l&cat=p&typeid=i","cat":284606},{"id":204306,"n":"Shampoing nutrition Ultra Doux Cheveu Bouclé à Frisé - 300ml","p":2.5,"u":"8,33 €/L","img":"https://fd14-photos.leclercdrive.fr/image.ashx?id=2926599&use=l&cat=p&typeid=i","cat":284606},{"id":204307,"n":"Shampoing Couleur Ultra Doux Cheveux colorés - 300ml","p":2.5,"u":"8,33 €/L","img":"https://fd14-photos.leclercdrive.fr/image.ashx?id=2492803&use=l&cat=p&typeid=i","cat":284606},{"id":204308,"n":"Shampoing Enfants Ultra Doux Abricot - 300ml","p":2.43,"u":"8,10 €/L","img":"https://fd14-photos.leclercdrive.fr/image.ashx?id=2851093&use=l&cat=p&typeid=i","cat":284606},{"id":204310,"n":"Shampoing Hydratant Ultra Doux Cheveux délicats - 300ml","p":2.65,"u":"8,83 €/L","img":"https://fd14-photos.leclercdrive.fr/image.ashx?id=2492812&use=l&cat=p&typeid=i","cat":284606},{"id":204311,"n":"Shampoing doux Ultra Doux Extrait de tilleul - 300ml","p":2.75,"u":"9,17 €/L","img":"https://fd14-photos.leclercdrive.fr/image.ashx?id=2492815&use=l&cat=p&typeid=i","cat":284606},{"id":204313,"n":"Après-shampooing karité Garnier Cheveu bouclé à Frisé - 250ml","p":2.54,"u":"10,16 €/L","img":"https://fd14-photos.leclercdrive.fr/image.ashx?id=2986651&use=l&cat=p&typeid=i","cat":284607},{"id":204314,"n":"Après-shampoing Ultra doux Cheveux fragiles - 250ml","p":2.45,"u":"9,80 €/L","img":"https://fd14-photos.leclercdrive.fr/image.ashx?id=2646569&use=l&cat=p&typeid=i","cat":284607},{"id":204315,"n":"Démêlant nourrissant Garnier Cheveu sec à très sec - 250ml","p":2.75,"u":"11,00 €/L","img":"https://fd14-photos.leclercdrive.fr/image.ashx?id=2492827&use=l&cat=p&typeid=i","cat":284607},{"id":204316,"n":"Shampoing réparateur Ultra Doux Cheveux fragiles - 300ml","p":2.54,"u":"8,47 €/L","img":"https://fd14-photos.leclercdrive.fr/image.ashx?id=2646572&use=l&cat=p&typeid=i","cat":284606},{"id":204320,"n":"Crème fraîche épaisse Président Entière 30%MG - 20cl","p":1.25,"u":"6,25 €/L","img":"https://fd14-photos.leclercdrive.fr/image.ashx?id=2973574&use=l&cat=p&typeid=i","cat":284381},{"id":204488,"n":"Dentifrice Aquafresh Triple Protection Blancheur - 125ml","p":1.85,"u":"14,80 €/L","img":"https://fd14-photos.leclercdrive.fr/image.ashx?id=2546755&use=l&cat=p&typeid=i","cat":284612},{"id":204670,"n":"Crousti Express La Large Findus Micro-ondes - 2x100g","p":1.7,"u":"8,50 €/KG","img":"https://fd14-photos.leclercdrive.fr/image.ashx?id=2653783&use=l&cat=p&typeid=i","cat":319791},{"id":204700,"n":"BB crème soin 5en1 Garnier Anti-âge teinte medium - 50ml","p":8.45,"u":"169,00 €/L","img":"https://fd14-photos.leclercdrive.fr/image.ashx?id=2494974&use=l&cat=p&typeid=i","cat":325345},{"id":204701,"n":"BB Crème Soin Tout en 1 Garnier Teinte claire - 50ml","p":7.51,"u":"150,20 €/L","img":"https://fd14-photos.leclercdrive.fr/image.ashx?id=2495746&use=l&cat=p&typeid=i","cat":325345},{"id":204702,"n":"BB Crème Soin tout en 1 Garnier Teinte medium - 50ml","p":7.51,"u":"150,20 €/L","img":"https://fd14-photos.leclercdrive.fr/image.ashx?id=2494977&use=l&cat=p&typeid=i","cat":325345},{"id":204717,"n":"Soda Schweppes Saveur Agrumes Zero - 1,5L","p":1.6,"u":"1,07 €/L","img":"https://fd14-photos.leclercdrive.fr/image.ashx?id=2852444&use=l&cat=p&typeid=i","cat":284532},{"id":204718,"n":"Soda Schweppes Saveur Agrumes - 1,5L","p":1.66,"u":"1,11 €/L","img":"https://fd14-photos.leclercdrive.fr/image.ashx?id=2852447&use=l&cat=p&typeid=i","cat":284532},{"id":204719,"n":"Soda Schweppes Indian Tonic - 1,5L","p":1.65,"u":"1,10 €/L","img":"https://fd14-photos.leclercdrive.fr/image.ashx?id=2852456&use=l&cat=p&typeid=i","cat":284531},{"id":204742,"n":"Sainte-Marguerite Les Croisés 200g","p":2.37,"u":"11,85 €/KG","img":"https://fd14-photos.leclercdrive.fr/image.ashx?id=2523534&use=l&cat=p&typeid=i","cat":329558},{"id":204747,"n":"Dentifrice Aquafresh Menthe fraîche - 125ml","p":1.95,"u":"15,60 €/L","img":"https://fd14-photos.leclercdrive.fr/image.ashx?id=2546752&use=l&cat=p&typeid=i","cat":284612},{"id":204789,"n":"Gnocchi à poêler Lustucru 520g","p":2.35,"u":"4,52 €/KG","img":"https://fd14-photos.leclercdrive.fr/image.ashx?id=2792423&use=l&cat=p&typeid=i","cat":333682},{"id":204791,"n":"Gnocchi à poêler Lustucru  Format XXL - 720g","p":2.9,"u":"4,03 €/KG","img":"https://fd14-photos.leclercdrive.fr/image.ashx?id=2788556&use=l&cat=p&typeid=i","cat":333682},{"id":204792,"n":"Girasoli Lustucru Tomate Basilic Mozzarella 250g","p":2.25,"u":"9,00 €/KG","img":"https://fd14-photos.leclercdrive.fr/image.ashx?id=2974363&use=l&cat=p&typeid=i","cat":333682},{"id":204796,"n":"Tortellini Lustucru Jambon cru - 250g","p":2.3,"u":"9,20 €/KG","img":"https://fd14-photos.leclercdrive.fr/image.ashx?id=2974360&use=l&cat=p&typeid=i","cat":333682},{"id":204898,"n":"Hachés spécial burger 100% végétal Accro - 2x100g","p":3.65,"u":"18,25 €/KG","img":"https://fd14-photos.leclercdrive.fr/image.ashx?id=2529081&use=l&cat=p&typeid=i","cat":316036},{"id":204905,"n":"Haché dégustation 100% végétal Accro -  200g","p":3.65,"u":"18,25 €/KG","img":"https://fd14-photos.leclercdrive.fr/image.ashx?id=2498431&use=l&cat=p&typeid=i","cat":316036},{"id":204908,"n":"Emincés 100% végétal Accro 160g","p":2.95,"u":"18,44 €/KG","img":"https://fd14-photos.leclercdrive.fr/image.ashx?id=2498437&use=l&cat=p&typeid=i","cat":316036},{"id":204954,"n":"Haché Extra Moelleux Charal Façon Bouchère 8x110g - 880g","p":11.09,"u":"12,60 €/KG","img":"https://fd14-photos.leclercdrive.fr/image.ashx?id=2731732&use=l&cat=p&typeid=i","cat":319778},{"id":205059,"n":"Chewing-gum Mentos Pure Fresh  Citrus sans sucres - 100g","p":2.75,"u":"27,50 €/KG","img":"https://fd14-photos.leclercdrive.fr/image.ashx?id=2647465&use=l&cat=p&typeid=i","cat":304251},{"id":205233,"n":"Serviettes Always Ultra Long - T2 - x12","p":2.49,"u":"0,21 €/P","img":"https://fd14-photos.leclercdrive.fr/image.ashx?id=2851324&use=l&cat=p&typeid=i","cat":284624},{"id":205235,"n":"Serviettes Always Ultra Secure night -T4 - x9","p":2.55,"u":"0,28 €/P","img":"https://fd14-photos.leclercdrive.fr/image.ashx?id=2851330&use=l&cat=p&typeid=i","cat":284624},{"id":205237,"n":"Sérum anti-âge L'Oréal Paris Revitalift Vitamine C - 30ml","p":13.88,"u":"462,67 €/L","img":"https://fd14-photos.leclercdrive.fr/image.ashx?id=3003351&use=l&cat=p&typeid=i","cat":325345},{"id":205238,"n":"Savon Eco+ Amande douce - 150g","p":0.63,"u":"4,20 €/KG","img":"https://fd14-photos.leclercdrive.fr/image.ashx?id=2499058&use=l&cat=p&typeid=i","cat":284597},{"id":205239,"n":"Nettoyant four Decapfour Confort - 500ml","p":3.7,"u":"7,40 €/L","img":"https://fd14-photos.leclercdrive.fr/image.ashx?id=2499669&use=l&cat=p&typeid=i","cat":325363},{"id":205302,"n":"Gel lavant Sanytol Nourrisant Bio - 250ml","p":2.45,"u":"9,80 €/L","img":"https://fd14-photos.leclercdrive.fr/image.ashx?id=2904658&use=l&cat=p&typeid=i","cat":284597},{"id":205303,"n":"Gel lavant Sanytol Désinfectant cuisine - 250ml","p":2.8,"u":"11,20 €/L","img":"https://fd14-photos.leclercdrive.fr/image.ashx?id=2904661&use=l&cat=p&typeid=i","cat":284597},{"id":205304,"n":"Bandes de cire froide Expert Veet Corps Peaux sensibles x40","p":8.5,"u":"0,21 €/P","img":"https://fd14-photos.leclercdrive.fr/image.ashx?id=2964959&use=l&cat=p&typeid=i","cat":325351},{"id":205311,"n":"Masque Remède Garnier Cheveux normaux à gras - 340ml","p":4.77,"u":"14,03 €/L","img":"https://fd14-photos.leclercdrive.fr/image.ashx?id=2500171&use=l&cat=p&typeid=i","cat":284608},{"id":205312,"n":"Coloration Permanente Olia 4.0 Châtain cacao","p":12.5,"img":"https://fd14-photos.leclercdrive.fr/image.ashx?id=2518718&use=l&cat=p&typeid=i","cat":288899},{"id":205313,"n":"Coloration Permanente Olia 5.0 Châtain Clair Café","p":12.0,"img":"https://fd14-photos.leclercdrive.fr/image.ashx?id=2521167&use=l&cat=p&typeid=i","cat":288899},{"id":205314,"n":"Coloration Permanente Olia 6.0 Châtain Très Clair","p":11.25,"img":"https://fd14-photos.leclercdrive.fr/image.ashx?id=2521170&use=l&cat=p&typeid=i","cat":288899},{"id":205315,"n":"Coloration Permanente Olia 8.0 Blond miel sans ammoniaque","p":11.0,"u":"11,00 €/TRC","img":"https://fd14-photos.leclercdrive.fr/image.ashx?id=2521173&use=l&cat=p&typeid=i","cat":288899},{"id":205317,"n":"Après-Shampooing Garnier Cheveux normaux à gras - 200ml","p":2.56,"u":"12,80 €/L","img":"https://fd14-photos.leclercdrive.fr/image.ashx?id=2500174&use=l&cat=p&typeid=i","cat":284607},{"id":205318,"n":"Shampoing charbon Ultra Doux Equilibrant - 250ml","p":2.41,"u":"9,64 €/L","img":"https://fd14-photos.leclercdrive.fr/image.ashx?id=2500177&use=l&cat=p&typeid=i","cat":284606},{"id":205320,"n":"Masque Assouplissant Garnier Cheveu sec à très sec - 340ml","p":4.84,"u":"14,24 €/L","img":"https://fd14-photos.leclercdrive.fr/image.ashx?id=2500162&use=l&cat=p&typeid=i","cat":284608},{"id":205321,"n":"Masque Merveilleux Garnier Cheveux Secs, Ternes - 340ml","p":4.77,"u":"14,03 €/L","img":"https://fd14-photos.leclercdrive.fr/image.ashx?id=2500165&use=l&cat=p&typeid=i","cat":284608},{"id":205322,"n":"Masque remède Nutrition Garnier Avocat karité - 340ml","p":4.76,"u":"14,00 €/L","img":"https://fd14-photos.leclercdrive.fr/image.ashx?id=2875453&use=l&cat=p&typeid=i","cat":284608},{"id":205520,"n":"Crème glacée La Laitière Rhum Raisins - 490g","p":3.24,"pp":2.27,"u":"4,63 €/KG","img":"https://fd14-photos.leclercdrive.fr/image.ashx?id=2877877&use=l&cat=p&typeid=i","cat":284263},{"id":205522,"n":"Shampoing Réparateur Elsève Pro Bond Repair - 200ml","p":5.75,"u":"28,75 €/L","img":"https://fd14-photos.leclercdrive.fr/image.ashx?id=3008779&use=l&cat=p&typeid=i","cat":284606},{"id":205525,"n":"Démêlant Intense Elsève Pro Bond Repair - 150ml","p":5.69,"u":"37,93 €/L","img":"https://fd14-photos.leclercdrive.fr/image.ashx?id=3008782&use=l&cat=p&typeid=i","cat":284607},{"id":205594,"n":"IGP Pruneaux d'Agen dénoyautés Nos Régions ont du Talent 375g","p":3.09,"u":"8,24 €/KG","img":"https://fd14-photos.leclercdrive.fr/image.ashx?id=2583837&use=l&cat=p&typeid=i","cat":284357},{"id":205892,"n":"Nettoyant multi-usages Mr Propre - Savon noir - 1L","p":2.75,"u":"2,75 €/L","img":"https://fd14-photos.leclercdrive.fr/image.ashx?id=2889976&use=l&cat=p&typeid=i","cat":284907},{"id":205920,"n":"Cracotte Lu Briochée - 240g","p":2.05,"u":"8,54 €/KG","img":"https://fd14-photos.leclercdrive.fr/image.ashx?id=2645408&use=l&cat=p&typeid=i","cat":284479},{"id":205922,"n":"Sauce Panzani Carbonara - 370g","p":2.8,"u":"7,57 €/KG","img":"https://fd14-photos.leclercdrive.fr/image.ashx?id=2918568&use=l&cat=p&typeid=i","cat":287599},{"id":206022,"n":"Loctite Super glue 3 Original - 2x3g","p":4.99,"u":"831,67 €/KG","img":"https://fd14-photos.leclercdrive.fr/image.ashx?id=2507853&use=l&cat=p&typeid=i","cat":300576},{"id":206024,"n":"Loctite Super glue 3 Gel control - 3g","p":5.5,"img":"https://fd14-photos.leclercdrive.fr/image.ashx?id=2507847&use=l&cat=p&typeid=i","cat":300576},{"id":206025,"n":"Loctite Super glue 3  Précision max - Bouteille 10g","p":7.7,"u":"770,00 €/KG","img":"https://fd14-photos.leclercdrive.fr/image.ashx?id=2507850&use=l&cat=p&typeid=i","cat":300576},{"id":206026,"n":"Loctite Super glue 3 Power gel tube - 2x3g","p":6.6,"img":"https://fd14-photos.leclercdrive.fr/image.ashx?id=2507856&use=l&cat=p&typeid=i","cat":300576},{"id":206027,"n":"Loctite Super glue 3 Pure gel Tube - 3g","p":3.74,"img":"https://fd14-photos.leclercdrive.fr/image.ashx?id=2600668&use=l&cat=p&typeid=i","cat":300576},{"id":206028,"n":"Colle contact liquide Pattex 50g","p":2.3,"u":"46,00 €/KG","img":"https://fd14-photos.leclercdrive.fr/image.ashx?id=2518409&use=l&cat=p&typeid=i","cat":300576},{"id":206033,"n":"Biscuits Mots Doux P'tit Déli Chocolat noisettes - 180g","p":1.89,"u":"10,50 €/KG","img":"https://fd14-photos.leclercdrive.fr/image.ashx?id=2503247&use=l&cat=p&typeid=i","cat":284488},{"id":206042,"n":"Désodorisant arbre magique Parfum Black Magic - 1 pièce","p":1.29,"img":"https://fd14-photos.leclercdrive.fr/image.ashx?id=2520653&use=l&cat=p&typeid=i","cat":298252},{"id":206045,"n":"Désodorisant Arbre magique Artic White - 1 pièce","p":1.29,"img":"https://fd14-photos.leclercdrive.fr/image.ashx?id=2520650&use=l&cat=p&typeid=i","cat":298252},{"id":206046,"n":"Désodorisant Arbre Magique Tropical - 1 pièce","p":1.29,"img":"https://fd14-photos.leclercdrive.fr/image.ashx?id=2520665&use=l&cat=p&typeid=i","cat":298252},{"id":206105,"n":"Gel Nettoyant Visage Nivea Peaux à Imperfections - 150ml","p":4.09,"u":"27,27 €/L","img":"https://fd14-photos.leclercdrive.fr/image.ashx?id=2878243&use=l&cat=p&typeid=i","cat":284603},{"id":206106,"n":"Crème Visage Nuit Nivea Peaux à Imperfections - 40ml","p":6.45,"u":"161,25 €/L","img":"https://fd14-photos.leclercdrive.fr/image.ashx?id=2894999&use=l&cat=p&typeid=i","cat":325345},{"id":206108,"n":"Gommage Visage Nivea Peaux à Imperfections - 150ml","p":4.35,"u":"29,00 €/L","img":"https://fd14-photos.leclercdrive.fr/image.ashx?id=2836121&use=l&cat=p&typeid=i","cat":325346},{"id":206110,"n":"Papier toilette Le Trèfle Maxi douceur - x6","p":4.75,"img":"https://fd14-photos.leclercdrive.fr/image.ashx?id=2859926&use=l&cat=p&typeid=i","cat":284634},{"id":206115,"n":"Serviette hygiénique Always Ultra normal - T1 - x16","p":2.4,"u":"0,15 €/P","img":"https://fd14-photos.leclercdrive.fr/image.ashx?id=2867809&use=l&cat=p&typeid=i","cat":284624},{"id":206120,"n":"Crème dépilatoire Expert Veet Corps Peaux sensibles 200ml","p":5.15,"u":"25,75 €/L","img":"https://fd14-photos.leclercdrive.fr/image.ashx?id=2970804&use=l&cat=p&typeid=i","cat":325351},{"id":206126,"n":"Infusion La Tisanière Nuit calme - x20 - 28g","p":2.45,"u":"87,50 €/KG","img":"https://fd14-photos.leclercdrive.fr/image.ashx?id=2907863&use=l&cat=p&typeid=i","cat":293234},{"id":206128,"n":"Pâte à tartiner Nocciolata Bio Praliné Noisettes - 250g","p":3.5,"u":"14,00 €/KG","img":"https://fd14-photos.leclercdrive.fr/image.ashx?id=2883254&use=l&cat=p&typeid=i","cat":284481},{"id":206139,"n":"Sirop Teisseire Cassis - 60cl","p":2.85,"u":"4,75 €/L","img":"https://fd14-photos.leclercdrive.fr/image.ashx?id=2508588&use=l&cat=p&typeid=i","cat":295020},{"id":206144,"n":"Boisson concentrée Teisseire A diluer grenadine Zéro - 60cl","p":2.3,"u":"3,83 €/L","img":"https://fd14-photos.leclercdrive.fr/image.ashx?id=2508600&use=l&cat=p&typeid=i","cat":295020},{"id":206147,"n":"Boisson concentrée Teisseire Menthe verte sans sucres - 60cl","p":2.2,"u":"3,67 €/L","img":"https://fd14-photos.leclercdrive.fr/image.ashx?id=2508603&use=l&cat=p&typeid=i","cat":295020},{"id":206149,"n":"Boisson concentrée Teisseire Citron sans sucres - 60cl","p":2.3,"u":"3,83 €/L","img":"https://fd14-photos.leclercdrive.fr/image.ashx?id=2508606&use=l&cat=p&typeid=i","cat":295020},{"id":206157,"n":"Pizza Del Gusto Mix Buffet L'Orientale - 380g","p":6.1,"u":"16,05 €/KG","img":"https://fd14-photos.leclercdrive.fr/image.ashx?id=2677441&use=l&cat=p&typeid=i","cat":333679},{"id":206163,"n":"Sirop Teisseire  Menthe verte - 60cl","p":2.25,"u":"3,75 €/L","img":"https://fd14-photos.leclercdrive.fr/image.ashx?id=2772726&use=l&cat=p&typeid=i","cat":295020},{"id":206164,"n":"Sirop Teisseire  Grenadine - 60cl","p":2.19,"u":"3,65 €/L","img":"https://fd14-photos.leclercdrive.fr/image.ashx?id=2772729&use=l&cat=p&typeid=i","cat":295020},{"id":206169,"n":"Sirop Tesseire Citron - 60cl","p":2.25,"u":"3,75 €/L","img":"https://fd14-photos.leclercdrive.fr/image.ashx?id=2771747&use=l&cat=p&typeid=i","cat":295020},{"id":206211,"n":"Olives vertes dénoyautées  À la Provençale - 200g","p":2.75,"u":"13,75 €/KG","img":"https://fd14-photos.leclercdrive.fr/image.ashx?id=2647796&use=l&cat=p&typeid=i","cat":316002},{"id":206297,"n":"Litière chats Tous mes Amis Agglomérante - 10L","p":3.99,"u":"0,40 €/L","img":"https://fd14-photos.leclercdrive.fr/image.ashx?id=2580261&use=l&cat=p&typeid=i","cat":284683},{"id":206300,"n":"Sirop Teisseire  Fruit de la passion - 60cl","p":2.9,"u":"4,83 €/L","img":"https://fd14-photos.leclercdrive.fr/image.ashx?id=2510780&use=l&cat=p&typeid=i","cat":295020},{"id":206317,"n":"Boisson énergisante zéro sucres Monster Ultra Watermelon 50cl","p":1.4,"u":"2,80 €/L","img":"https://fd14-photos.leclercdrive.fr/image.ashx?id=2511050&use=l&cat=p&typeid=i","cat":284533},{"id":206445,"n":"Sirop Tropical  Teisseire Zéro sucres - 60cl","p":2.4,"u":"4,00 €/L","img":"https://fd14-photos.leclercdrive.fr/image.ashx?id=2510792&use=l&cat=p&typeid=i","cat":295020},{"id":206553,"n":"Serviettes hygiéniques Always Ultra Jour&Nuit Taille 3 - x22","p":4.3,"u":"0,20 €/P","img":"https://fd14-photos.leclercdrive.fr/image.ashx?id=2849433&use=l&cat=p&typeid=i","cat":284624},{"id":206582,"n":"Liquide vaiselle Paic Bi Activ Vinaigre et citron - 750ml","p":2.9,"u":"3,87 €/L","img":"https://fd14-photos.leclercdrive.fr/image.ashx?id=2966797&use=l&cat=p&typeid=i","cat":284655},{"id":206606,"n":"Bâtonnets Trium Vanille chocolat blanc x4 314g","p":2.59,"u":"8,25 €/KG","img":"https://fd14-photos.leclercdrive.fr/image.ashx?id=2791392&use=l&cat=p&typeid=i","cat":284265},{"id":206613,"n":"Thé glacé Oasis Ice Tea Saveur Framboise Cassis - 1,5L","p":1.75,"u":"1,17 €/L","img":"https://fd14-photos.leclercdrive.fr/image.ashx?id=2681730&use=l&cat=p&typeid=i","cat":295019},{"id":206614,"n":"Thé glacé Oasis Ice Tea Saveur Pêche - 6x33cl","p":3.2,"u":"1,62 €/L","img":"https://fd14-photos.leclercdrive.fr/image.ashx?id=2873865&use=l&cat=p&typeid=i","cat":295019},{"id":206617,"n":"Lessive liquide Arbre Vert Recharge x34 - 1.53L","p":6.05,"u":"3,95 €/L","img":"https://fd14-photos.leclercdrive.fr/image.ashx?id=2680209&use=l&cat=p&typeid=i","cat":284640},{"id":206661,"n":"Pré shampooing Elsève  Pro Bond Repair - 200ml","p":8.66,"u":"43,30 €/L","img":"https://fd14-photos.leclercdrive.fr/image.ashx?id=2870680&use=l&cat=p&typeid=i","cat":284606},{"id":206725,"n":"Bâtonnet Magnum Double Sunlover x4 - 300g","p":3.5,"u":"11,67 €/KG","img":"https://fd14-photos.leclercdrive.fr/image.ashx?id=2886397&use=l&cat=p&typeid=i","cat":284265},{"id":206726,"n":"Glace Bâtonnet MAGNUM Double Caramel 4x85ml","p":3.08,"u":"10,85 €/KG","img":"https://fd14-photos.leclercdrive.fr/image.ashx?id=2770626&use=l&cat=p&typeid=i","cat":284265},{"id":206727,"n":"Bâtonnet Magnum Double Chocolat x4 - 284g","p":3.08,"u":"10,85 €/KG","img":"https://fd14-photos.leclercdrive.fr/image.ashx?id=3009284&use=l&cat=p&typeid=i","cat":284265},{"id":206790,"n":"Jambon nature Grill Petitgas -25% de sel x2 - 160g","p":2.95,"u":"18,44 €/KG","img":"https://fd14-photos.leclercdrive.fr/image.ashx?id=2560957&use=l&cat=p&typeid=i","cat":316009},{"id":206804,"n":"Fromage apéritif Apéricube Jambon 15 cubes","p":1.7,"u":"21,79 €/KG","img":"https://fd14-photos.leclercdrive.fr/image.ashx?id=2882659&use=l&cat=p&typeid=i","cat":314027},{"id":206893,"n":"Tranches de chèvre Soignon  150g","p":2.9,"u":"19,33 €/KG","img":"https://fd14-photos.leclercdrive.fr/image.ashx?id=2762229&use=l&cat=p&typeid=i","cat":314028},{"id":206981,"n":"Rôti de poulet Fleury Michon 100% filet CSN x4 - 150g","p":2.45,"u":"16,33 €/KG","img":"https://fd14-photos.leclercdrive.fr/image.ashx?id=2892670&use=l&cat=p&typeid=i","cat":316010},{"id":206985,"n":"Haché de jambon Fleury Michon À poêler x2 - 190g","p":1.8,"u":"9,47 €/KG","img":"https://fd14-photos.leclercdrive.fr/image.ashx?id=2518649&use=l&cat=p&typeid=i","cat":316009},{"id":206987,"n":"Haché jambon fromage  Fleury Michon x2 - 180g","p":1.95,"u":"10,83 €/KG","img":"https://fd14-photos.leclercdrive.fr/image.ashx?id=2522164&use=l&cat=p&typeid=i","cat":316009},{"id":206990,"n":"Haché de poulet Fleury Michon À poêler x2 - 160g","p":1.75,"u":"10,94 €/KG","img":"https://fd14-photos.leclercdrive.fr/image.ashx?id=2524709&use=l&cat=p&typeid=i","cat":316010},{"id":206994,"n":"Allumettes de poulet  Fleury Michon x2 - 150g","p":1.7,"u":"11,33 €/KG","img":"https://fd14-photos.leclercdrive.fr/image.ashx?id=2659647&use=l&cat=p&typeid=i","cat":316011},{"id":206997,"n":"Couscous à la marocaine légumes Fleury Michon - 450g","p":3.7,"u":"8,22 €/KG","img":"https://fd14-photos.leclercdrive.fr/image.ashx?id=2656724&use=l&cat=p&typeid=i","cat":333665},{"id":207010,"n":"Aiguillettes de poulet rôti Fleury Michon - CSN - 150g","p":2.4,"u":"16,00 €/KG","img":"https://fd14-photos.leclercdrive.fr/image.ashx?id=2642555&use=l&cat=p&typeid=i","cat":316011},{"id":207043,"n":"Lessive Liquide L'Arbre Vert Savon végétal 45 lavages 2,025L","p":7.1,"u":"3,51 €/L","img":"https://fd14-photos.leclercdrive.fr/image.ashx?id=3008542&use=l&cat=p&typeid=i","cat":284640},{"id":207044,"n":"Recharge Lessive l'Arbre Vert Amande Douce 34 lavages 1,53L","p":6.15,"u":"4,02 €/L","img":"https://fd14-photos.leclercdrive.fr/image.ashx?id=2684503&use=l&cat=p&typeid=i","cat":284640},{"id":207045,"n":"Goûter frais Nesquik snack Chocolat au lait - 4x104g","p":1.25,"u":"12,02 €/KG","img":"https://fd14-photos.leclercdrive.fr/image.ashx?id=2661507&use=l&cat=p&typeid=i","cat":284420},{"id":207073,"n":"Tablette lave vaiselle L'Arbre Vert Tout-en-1 - x32","p":4.99,"u":"8,54 €/KG","img":"https://fd14-photos.leclercdrive.fr/image.ashx?id=2672332&use=l&cat=p&typeid=i","cat":284656},{"id":207074,"n":"Vaisselle mains L'Arbre Vert Peaux sensibles - 500ml","p":1.59,"u":"3,18 €/L","img":"https://fd14-photos.leclercdrive.fr/image.ashx?id=2845428&use=l&cat=p&typeid=i","cat":284655},{"id":207075,"n":"Vaisselle Main L'Arbre Vert Amande - 500ml","p":1.6,"u":"3,20 €/L","img":"https://fd14-photos.leclercdrive.fr/image.ashx?id=2845431&use=l&cat=p&typeid=i","cat":284655},{"id":207137,"n":"Assouplissant Minidou Vent de fraîcheur - 1L - x50","p":4.3,"u":"4,30 €/L","img":"https://fd14-photos.leclercdrive.fr/image.ashx?id=2795887&use=l&cat=p&typeid=i","cat":284650},{"id":207139,"n":"Serviettes hygiéniques Always  Ultra - Secure night - x18","p":4.6,"u":"0,26 €/P","img":"https://fd14-photos.leclercdrive.fr/image.ashx?id=2849436&use=l&cat=p&typeid=i","cat":284624},{"id":207140,"n":"Serviettes hygiéniques Always Ultra - Secure night extra- x16","p":3.99,"u":"0,25 €/P","img":"https://fd14-photos.leclercdrive.fr/image.ashx?id=3000878&use=l&cat=p&typeid=i","cat":284624},{"id":207141,"n":"Préservatifs Durex Nude Extra Fins Peau contre Peau x10","p":7.89,"u":"0,79 €/P","img":"https://fd14-photos.leclercdrive.fr/image.ashx?id=2962017&use=l&cat=p&typeid=i","cat":284631},{"id":207142,"n":"Gel Lubrifiant Intime Durex Sensitive base Eau 100ml","p":7.8,"u":"78,00 €/L","img":"https://fd14-photos.leclercdrive.fr/image.ashx?id=2961203&use=l&cat=p&typeid=i","cat":285160},{"id":207162,"n":"Sauce rouleaux de printemps Tanoshi - 250ml","p":2.4,"u":"9,60 €/L","img":"https://fd14-photos.leclercdrive.fr/image.ashx?id=2913229&use=l&cat=p&typeid=i","cat":288992},{"id":207173,"n":"Sauce nems Tanoshi 150ml","p":2.0,"u":"13,33 €/L","img":"https://fd14-photos.leclercdrive.fr/image.ashx?id=2921615&use=l&cat=p&typeid=i","cat":288992},{"id":207174,"n":"Nouilles vermicelles de riz Tanoshi Vietnam 250g","p":1.75,"u":"7,00 €/KG","img":"https://fd14-photos.leclercdrive.fr/image.ashx?id=2732290&use=l&cat=p&typeid=i","cat":288992},{"id":207198,"n":"Recharge lessive liquide  Rainette Aloe vera - 1.6L","p":6.4,"u":"4,00 €/L","img":"https://fd14-photos.leclercdrive.fr/image.ashx?id=2858684&use=l&cat=p&typeid=i","cat":284640},{"id":207199,"n":"Recharge lessive liquide  Rainett Savon de Marseille 1.6L","p":6.4,"u":"4,00 €/L","img":"https://fd14-photos.leclercdrive.fr/image.ashx?id=2842129&use=l&cat=p&typeid=i","cat":284640},{"id":207210,"n":"Fromage à tartiner Kiri Délicieusement fouetté - 125g","p":2.2,"u":"17,60 €/KG","img":"https://fd14-photos.leclercdrive.fr/image.ashx?id=2686591&use=l&cat=p&typeid=i","cat":314029},{"id":207226,"n":"Bâtonnet Magnum Mini Double Caramel x6 - 282g","p":3.85,"u":"13,65 €/KG","img":"https://fd14-photos.leclercdrive.fr/image.ashx?id=2805648&use=l&cat=p&typeid=i","cat":284265},{"id":207249,"n":"Dentifrice Oral-B Protège et nettoie - 75ml","p":2.13,"u":"28,40 €/L","img":"https://fd14-photos.leclercdrive.fr/image.ashx?id=2957683&use=l&cat=p&typeid=i","cat":284612},{"id":207262,"n":"Capsules Nescafé Dolce Gusto  Grande - x16","p":4.53,"u":"33,31 €/KG","img":"https://fd14-photos.leclercdrive.fr/image.ashx?id=2964153&use=l&cat=p&typeid=i","cat":293239},{"id":207305,"n":"Filet de poulet  600g","p":6.7,"u":"11,17 €/KG","img":"https://fd14-photos.leclercdrive.fr/image.ashx?id=2524808&use=l&cat=p&typeid=i","cat":284336},{"id":207308,"n":"Cuisse de poulet  1kg","p":4.9,"u":"4,90 €/KG","img":"https://fd14-photos.leclercdrive.fr/image.ashx?id=2524811&use=l&cat=p&typeid=i","cat":284336},{"id":207309,"n":"Pilon de poulet  800g","p":5.95,"u":"7,44 €/KG","img":"https://fd14-photos.leclercdrive.fr/image.ashx?id=2524814&use=l&cat=p&typeid=i","cat":284336},{"id":207401,"n":"Adoucissant Soupline  Éclat de Fraîcheur - 28p","p":6.1,"u":"0,22 €/P","img":"https://fd14-photos.leclercdrive.fr/image.ashx?id=2583509&use=l&cat=p&typeid=i","cat":284650},{"id":207426,"n":"Chorizo doux Aoste 200g","p":3.35,"u":"16,75 €/KG","img":"https://fd14-photos.leclercdrive.fr/image.ashx?id=2751162&use=l&cat=p&typeid=i","cat":316006},{"id":207427,"n":"Chorizo fort Aoste 200g","p":3.35,"u":"16,75 €/KG","img":"https://fd14-photos.leclercdrive.fr/image.ashx?id=2751159&use=l&cat=p&typeid=i","cat":316006},{"id":207457,"n":"Yaourt nature sucré Eco+ 4x125g","p":0.89,"u":"1,78 €/KG","img":"https://fd14-photos.leclercdrive.fr/image.ashx?id=2523510&use=l&cat=p&typeid=i","cat":284409},{"id":207458,"n":"Pizza La Royale Pizzaiolo 478g","p":4.05,"u":"8,47 €/KG","img":"https://fd14-photos.leclercdrive.fr/image.ashx?id=2965256&use=l&cat=p&typeid=i","cat":284256},{"id":207460,"n":"Crème glacée La Laitière Vanille bourbon - 490g","p":3.24,"pp":2.27,"u":"4,63 €/KG","img":"https://fd14-photos.leclercdrive.fr/image.ashx?id=3000009&use=l&cat=p&typeid=i","cat":284263},{"id":207467,"n":"Moutarde Forte Amora 430g","p":1.75,"u":"4,07 €/KG","img":"https://fd14-photos.leclercdrive.fr/image.ashx?id=2526079&use=l&cat=p&typeid=i","cat":288850},{"id":207469,"n":"Moutarde Forte Amora 185g","p":1.35,"u":"7,30 €/KG","img":"https://fd14-photos.leclercdrive.fr/image.ashx?id=2526082&use=l&cat=p&typeid=i","cat":288850},{"id":207471,"n":"Moutarde Mi-forte Amora 415g","p":1.81,"u":"4,36 €/KG","img":"https://fd14-photos.leclercdrive.fr/image.ashx?id=2993176&use=l&cat=p&typeid=i","cat":288850},{"id":207476,"n":"Moutarde de Dijon Fine MAILLE L'Original Bocal - 360g","p":1.56,"u":"4,33 €/KG","img":"https://fd14-photos.leclercdrive.fr/image.ashx?id=2945841&use=l&cat=p&typeid=i","cat":288850},{"id":207480,"n":"Crème glacée La Laitière Caramel Beurre salé - 490g","p":3.24,"pp":2.27,"u":"4,63 €/KG","img":"https://fd14-photos.leclercdrive.fr/image.ashx?id=2877883&use=l&cat=p&typeid=i","cat":284263},{"id":207481,"n":"Bâtonnets de glace Nuii Chocolat et noisettes - 272g","p":4.3,"u":"15,81 €/KG","img":"https://fd14-photos.leclercdrive.fr/image.ashx?id=2525546&use=l&cat=p&typeid=i","cat":284265},{"id":207492,"n":"Crème glacée La Laitière Vanille pécan - 490g","p":3.24,"pp":2.27,"u":"4,63 €/KG","img":"https://fd14-photos.leclercdrive.fr/image.ashx?id=3000015&use=l&cat=p&typeid=i","cat":284263},{"id":207528,"n":"Lessive liquide L'Arbre Vert Peaux sensibles - x34 - 1.53L","p":6.8,"u":"4,44 €/L","img":"https://fd14-photos.leclercdrive.fr/image.ashx?id=3008536&use=l&cat=p&typeid=i","cat":284640},{"id":207529,"n":"Recharge lessive L'Arbre Vert Peaux sensibles - x34 - 1.53L","p":6.3,"u":"4,12 €/L","img":"https://fd14-photos.leclercdrive.fr/image.ashx?id=2680212&use=l&cat=p&typeid=i","cat":284640},{"id":207530,"n":"Vaisselle mains L'Arbre Vert Peaux sensibles - 750ml","p":1.75,"u":"2,33 €/L","img":"https://fd14-photos.leclercdrive.fr/image.ashx?id=2850575&use=l&cat=p&typeid=i","cat":284655},{"id":207533,"n":"Préservatifs Durex Feeling  Extra Fins Extra Lubrifiés x12","p":6.5,"img":"https://fd14-photos.leclercdrive.fr/image.ashx?id=2962014&use=l&cat=p&typeid=i","cat":284631},{"id":207536,"n":"Préservatifs Durex Nude Sans Latex Extra Lubrifié x10","p":7.5,"img":"https://fd14-photos.leclercdrive.fr/image.ashx?id=2730478&use=l&cat=p&typeid=i","cat":284631},{"id":207540,"n":"Croûtons Tipiak Ail - 75g","p":1.45,"u":"19,33 €/KG","img":"https://fd14-photos.leclercdrive.fr/image.ashx?id=2684461&use=l&cat=p&typeid=i","cat":284464},{"id":207545,"n":"Bandes de cire froide Aiselles Veet Expert Peaux sensibles x16","p":4.8,"u":"0,30 €/P","img":"https://fd14-photos.leclercdrive.fr/image.ashx?id=2970801&use=l&cat=p&typeid=i","cat":325351},{"id":207549,"n":"Shampoing purifiant Ultra Doux Force et Brillance - 300ml","p":2.79,"u":"9,30 €/L","img":"https://fd14-photos.leclercdrive.fr/image.ashx?id=2878072&use=l&cat=p&typeid=i","cat":284606},{"id":207551,"n":"Dentifrice Naturals Aquafresh Blancheur charbon - 75ml","p":1.8,"u":"24,00 €/L","img":"https://fd14-photos.leclercdrive.fr/image.ashx?id=2527079&use=l&cat=p&typeid=i","cat":284612},{"id":207553,"n":"Dentifrice Sensodyne  Junior - 6-12 ans - 50ml","p":3.85,"u":"77,00 €/L","img":"https://fd14-photos.leclercdrive.fr/image.ashx?id=2968920&use=l&cat=p&typeid=i","cat":288898},{"id":207557,"n":"Préservatifs Durex Feeling  Extra Lubrifié Extra Fins x20","p":10.25,"u":"0,51 €/P","img":"https://fd14-photos.leclercdrive.fr/image.ashx?id=2964965&use=l&cat=p&typeid=i","cat":284631},{"id":207559,"n":"Préservatifs Durex Pleasure me Perlés et Nervurés x12","p":7.25,"u":"0,60 €/P","img":"https://fd14-photos.leclercdrive.fr/image.ashx?id=2730466&use=l&cat=p&typeid=i","cat":284631},{"id":207561,"n":"Recharge Savon Mains Dettol Miel et Beurre de Karité 250ml","p":3.35,"u":"13,40 €/L","img":"https://fd14-photos.leclercdrive.fr/image.ashx?id=2971751&use=l&cat=p&typeid=i","cat":284597},{"id":207604,"n":"Bandes de cire froide Maillot Veet Expert Peaux sensibles x16","p":5.59,"u":"0,35 €/P","img":"https://fd14-photos.leclercdrive.fr/image.ashx?id=2970798&use=l&cat=p&typeid=i","cat":325351},{"id":207606,"n":"Stick lèvres Le Petit Olivier Argan - 4g","p":2.15,"u":"537,50 €/KG","img":"https://fd14-photos.leclercdrive.fr/image.ashx?id=2527979&use=l&cat=p&typeid=i","cat":285485},{"id":207607,"n":"Dentifrice Elmex Anti-caries - 75ml","p":4.3,"u":"57,33 €/L","img":"https://fd14-photos.leclercdrive.fr/image.ashx?id=2721184&use=l&cat=p&typeid=i","cat":284612},{"id":207608,"n":"Déodorant Spray 48h Men Expert Anti-traces - 150ml","p":2.99,"u":"19,93 €/L","img":"https://fd14-photos.leclercdrive.fr/image.ashx?id=2867545&use=l&cat=p&typeid=i","cat":284618},{"id":207609,"n":"Masque reconstituant Ultra doux Cheveu fragile cassant - 340ml","p":4.72,"u":"13,88 €/L","img":"https://fd14-photos.leclercdrive.fr/image.ashx?id=2646924&use=l&cat=p&typeid=i","cat":284608},{"id":207627,"n":"ST MARC Pistolet Antibactérien - 750ml","p":1.98,"u":"2,64 €/L","img":"https://fd14-photos.leclercdrive.fr/image.ashx?id=2528054&use=l&cat=p&typeid=i","cat":325357},{"id":208271,"n":"Capsules café L'Or Espresso Forza N°9 x50","p":14.37,"u":"55,27 €/KG","img":"https://fd14-photos.leclercdrive.fr/image.ashx?id=3000471&use=l&cat=p&typeid=i","cat":284749},{"id":208379,"n":"Saucisses de lapin  Loeul et Piriot x4 - 200g","p":5.49,"u":"27,45 €/KG","img":"https://fd14-photos.leclercdrive.fr/image.ashx?id=2529930&use=l&cat=p&typeid=i","cat":284716},{"id":208385,"n":"Capsules café L'Or Espresso Delizioso N°5 x50","p":14.37,"u":"55,27 €/KG","img":"https://fd14-photos.leclercdrive.fr/image.ashx?id=2788064&use=l&cat=p&typeid=i","cat":284749},{"id":208417,"n":"Capsules café L'Or Espresso Ristretto N°11 x50","p":14.37,"u":"55,27 €/KG","img":"https://fd14-photos.leclercdrive.fr/image.ashx?id=3000474&use=l&cat=p&typeid=i","cat":284749},{"id":208421,"n":"Infusion fruits rouges Elephant Touche de menthe - 40g","p":2.45,"u":"61,25 €/KG","img":"https://fd14-photos.leclercdrive.fr/image.ashx?id=2813104&use=l&cat=p&typeid=i","cat":293234},{"id":208426,"n":"Infusion Eléphant Tilleul Citron  - x20 - 28g","p":2.5,"u":"89,29 €/KG","img":"https://fd14-photos.leclercdrive.fr/image.ashx?id=2530284&use=l&cat=p&typeid=i","cat":293234},{"id":208626,"n":"Steak haché Bigard Façon bouchère 5%MG x2 - 250g","p":4.89,"u":"19,56 €/KG","img":"https://fd14-photos.leclercdrive.fr/image.ashx?id=2533031&use=l&cat=p&typeid=i","cat":284332},{"id":208632,"n":"Crème glacée La Laitière Crème brulée - 490g","p":3.24,"pp":2.27,"u":"4,63 €/KG","img":"https://fd14-photos.leclercdrive.fr/image.ashx?id=2877880&use=l&cat=p&typeid=i","cat":284263},{"id":208636,"n":"Purée Mousline Crème et noix de muscade - 500g","p":3.1,"u":"6,20 €/KG","img":"https://fd14-photos.leclercdrive.fr/image.ashx?id=3011728&use=l&cat=p&typeid=i","cat":284431},{"id":208642,"n":"Purée Mousline x4 - 520g","p":2.3,"u":"4,42 €/KG","img":"https://fd14-photos.leclercdrive.fr/image.ashx?id=3011734&use=l&cat=p&typeid=i","cat":284431},{"id":208651,"n":"Purée Mousline  x8 - 1.04 kg","p":4.35,"u":"4,18 €/KG","img":"https://fd14-photos.leclercdrive.fr/image.ashx?id=2986780&use=l&cat=p&typeid=i","cat":284431},{"id":208656,"n":"Sauce Apéro Florette Ail & Ciboulette - 175g","p":2.59,"u":"14,80 €/KG","img":"https://fd14-photos.leclercdrive.fr/image.ashx?id=2962767&use=l&cat=p&typeid=i","cat":284382},{"id":208683,"n":"Sauce Apéro Florette Fines herbes - 175g","p":2.59,"u":"14,80 €/KG","img":"https://fd14-photos.leclercdrive.fr/image.ashx?id=2962764&use=l&cat=p&typeid=i","cat":284382},{"id":208749,"n":"Riz long grain 10 min Lustucru  x5 - 900g","p":2.16,"u":"2,40 €/KG","img":"https://fd14-photos.leclercdrive.fr/image.ashx?id=2963739&use=l&cat=p&typeid=i","cat":284428},{"id":208751,"n":"Riz long grain 10 min Lustucru x5 - 450g","p":1.43,"u":"3,18 €/KG","img":"https://fd14-photos.leclercdrive.fr/image.ashx?id=2955830&use=l&cat=p&typeid=i","cat":284428},{"id":208759,"n":"Purée Mousline  Presse purée - 375g","p":2.75,"u":"7,33 €/KG","img":"https://fd14-photos.leclercdrive.fr/image.ashx?id=2940117&use=l&cat=p&typeid=i","cat":284431},{"id":208760,"n":"Déodorant bille Homme Mennen Efficacité 72h - 50ml","p":3.83,"u":"76,60 €/L","img":"https://fd14-photos.leclercdrive.fr/image.ashx?id=2533079&use=l&cat=p&typeid=i","cat":284618},{"id":208763,"n":"Dentifrice Colgate Max Fresh Cristaux fraicheur - 75ml","p":1.88,"u":"25,07 €/L","img":"https://fd14-photos.leclercdrive.fr/image.ashx?id=2957311&use=l&cat=p&typeid=i","cat":284612},{"id":208766,"n":"Gel douche Sanex Natural Prebiotic - Protection - 700ml","p":4.79,"u":"6,84 €/L","img":"https://fd14-photos.leclercdrive.fr/image.ashx?id=2533145&use=l&cat=p&typeid=i","cat":284594},{"id":208772,"n":"Gel douche Sanex Natural Prebiotic - Sensitive - 425ml","p":4.6,"u":"10,82 €/L","img":"https://fd14-photos.leclercdrive.fr/image.ashx?id=2757857&use=l&cat=p&typeid=i","cat":284594},{"id":208774,"n":"Crème corps nourrissante Mixa Peaux extra sèches - 400ml","p":4.58,"u":"11,45 €/L","img":"https://fd14-photos.leclercdrive.fr/image.ashx?id=2533862&use=l&cat=p&typeid=i","cat":325350},{"id":208776,"n":"Gel douche Tahiti Vanille et huile de coco 250ml","p":2.1,"u":"8,40 €/L","img":"https://fd14-photos.leclercdrive.fr/image.ashx?id=2533130&use=l&cat=p&typeid=i","cat":284594},{"id":208777,"n":"Huile de douche Sanex Dermonourishing - Surgras 400ml","p":2.9,"u":"7,25 €/L","img":"https://fd14-photos.leclercdrive.fr/image.ashx?id=2757854&use=l&cat=p&typeid=i","cat":284594},{"id":208786,"n":"Thé glacé Lipton Ice Tea Pêche La bouteille de 1.25L","p":1.5,"u":"1,20 €/L","img":"https://fd14-photos.leclercdrive.fr/image.ashx?id=2731567&use=l&cat=p&typeid=i","cat":295019},{"id":208788,"n":"Thé glacé Lipton Ice Tea Pêche  Sans sucres bouteille de 1.25L","p":1.6,"u":"1,28 €/L","img":"https://fd14-photos.leclercdrive.fr/image.ashx?id=2731570&use=l&cat=p&typeid=i","cat":295019},{"id":208806,"n":"Grilletine blé complet Pasquier Sans sucre ajouté - 255g","p":2.15,"u":"8,43 €/KG","img":"https://fd14-photos.leclercdrive.fr/image.ashx?id=2533559&use=l&cat=p&typeid=i","cat":284479},{"id":208855,"n":"Brosse à dent Colgate Deep Clean - Souple - x1","p":3.6,"img":"https://fd14-photos.leclercdrive.fr/image.ashx?id=2968938&use=l&cat=p&typeid=i","cat":284614},{"id":208867,"n":"Serum physiologique Prorhinel 30x5ml","p":2.99,"u":"19,93 €/L","img":"https://fd14-photos.leclercdrive.fr/image.ashx?id=2878303&use=l&cat=p&typeid=i","cat":284741},{"id":208933,"n":"Eau Cristalline aromatisée Pomme pêche poire - 1,5L","p":0.95,"u":"0,63 €/L","img":"https://fd14-photos.leclercdrive.fr/image.ashx?id=2817545&use=l&cat=p&typeid=i","cat":284537},{"id":208937,"n":"Barre protéinée Joyfuel Cookie Dough 55g","p":2.65,"u":"48,18 €/KG","img":"https://fd14-photos.leclercdrive.fr/image.ashx?id=2662057&use=l&cat=p&typeid=i","cat":318652},{"id":208941,"n":"Barre protéinée Joyfuel  Cookie cream - 55g","p":3.12,"u":"56,73 €/KG","img":"https://fd14-photos.leclercdrive.fr/image.ashx?id=2842783&use=l&cat=p&typeid=i","cat":318652},{"id":209056,"n":"Vinaigre de riz Tanoshi - bouteille de 360ml","p":5.2,"u":"14,44 €/L","img":"https://fd14-photos.leclercdrive.fr/image.ashx?id=2906214&use=l&cat=p&typeid=i","cat":288992},{"id":209057,"n":"Céréales bébé P'TITE CEREALE chocolat biscuit 12M+ - 415g","p":2.92,"u":"7,04 €/KG","img":"https://fd14-photos.leclercdrive.fr/image.ashx?id=2537303&use=l&cat=p&typeid=i","cat":312225},{"id":209059,"n":"P'tite céréale Nestlé Noisettes Biscuit - 12M+ - 415g","p":3.1,"u":"7,47 €/KG","img":"https://fd14-photos.leclercdrive.fr/image.ashx?id=2679389&use=l&cat=p&typeid=i","cat":312225},{"id":209064,"n":"Céréales bébé BABICAO Cacao 10M+ - 400g","p":3.45,"u":"8,63 €/KG","img":"https://fd14-photos.leclercdrive.fr/image.ashx?id=2537294&use=l&cat=p&typeid=i","cat":312225},{"id":209066,"n":"Céréales bébé P'TITE CEREALE Vanille Biscuit 12M+ - 415g","p":3.25,"u":"7,83 €/KG","img":"https://fd14-photos.leclercdrive.fr/image.ashx?id=2537297&use=l&cat=p&typeid=i","cat":312225},{"id":209113,"n":"Pâtes Collezione Barilla Farfalle Generose - 500g","p":1.61,"u":"3,22 €/KG","img":"https://fd14-photos.leclercdrive.fr/image.ashx?id=2654122&use=l&cat=p&typeid=i","cat":284427},{"id":209151,"n":"Pâtes Torti Legumes Panzani 3 Minutes - 500G","p":1.45,"u":"2,90 €/KG","img":"https://fd14-photos.leclercdrive.fr/image.ashx?id=2896117&use=l&cat=p&typeid=i","cat":284427},{"id":209152,"n":"Macaroni Panzani 3min - 1kg","p":2.4,"u":"2,40 €/KG","img":"https://fd14-photos.leclercdrive.fr/image.ashx?id=2896096&use=l&cat=p&typeid=i","cat":284427},{"id":209154,"n":"Compotes Pom'Potes  Assortiment x64 - 5.76kg","p":28.39,"pp":19.87,"u":"3,45 €/KG","img":"https://fd14-photos.leclercdrive.fr/image.ashx?id=2977261&use=l&cat=p&typeid=i","cat":284508},{"id":209179,"n":"Crème dépilatoire Expert Veet Bikini Maillot Intégral 200ml","p":8.55,"u":"85,50 €/L","img":"https://fd14-photos.leclercdrive.fr/image.ashx?id=2964968&use=l&cat=p&typeid=i","cat":325351},{"id":209208,"n":"Sauce soja Suzi Wan Sucrée - 135ml","p":1.9,"u":"14,07 €/KG","img":"https://fd14-photos.leclercdrive.fr/image.ashx?id=2892931&use=l&cat=p&typeid=i","cat":288992},{"id":209209,"n":"Sauce soja Suzi Wan 250ml","p":2.7,"u":"10,80 €/L","img":"https://fd14-photos.leclercdrive.fr/image.ashx?id=2990880&use=l&cat=p&typeid=i","cat":288992},{"id":209302,"n":"Thé glacé Lipton Ice Tea Citron/citron vert - 1.25L","p":1.55,"u":"1,24 €/L","img":"https://fd14-photos.leclercdrive.fr/image.ashx?id=2731573&use=l&cat=p&typeid=i","cat":295019},{"id":209306,"n":"Thé glacé Lipton Ice Tea Mangue - 1.25L","p":1.7,"u":"1,36 €/L","img":"https://fd14-photos.leclercdrive.fr/image.ashx?id=2731585&use=l&cat=p&typeid=i","cat":295019},{"id":209309,"n":"Thé glacé Lipton Ice Tea Framboise - 1.25L","p":1.7,"u":"1,36 €/L","img":"https://fd14-photos.leclercdrive.fr/image.ashx?id=2731588&use=l&cat=p&typeid=i","cat":295019},{"id":209311,"n":"Thé glacé Lipton Ice Tea Pêche abricot - 1,25L","p":1.7,"u":"1,36 €/L","img":"https://fd14-photos.leclercdrive.fr/image.ashx?id=2731576&use=l&cat=p&typeid=i","cat":295019},{"id":209349,"n":"Olives vertes Tropic Apéro Méditerranéenne - 200g","p":2.79,"u":"13,95 €/KG","img":"https://fd14-photos.leclercdrive.fr/image.ashx?id=2538752&use=l&cat=p&typeid=i","cat":316002},{"id":209368,"n":"Thé glacé Lipton Ice Tea Pêche La bouteille de 1.75L","p":1.88,"u":"1,07 €/L","img":"https://fd14-photos.leclercdrive.fr/image.ashx?id=2731594&use=l&cat=p&typeid=i","cat":295019},{"id":209421,"n":"Yaourt bifidus Activia céréales Aux fruits rouges - 4x115g","p":2.2,"u":"4,78 €/KG","img":"https://fd14-photos.leclercdrive.fr/image.ashx?id=2901647&use=l&cat=p&typeid=i","cat":315000},{"id":209428,"n":"Crème dessert Danette  Pistache lit chocolat - 4x125g","p":1.6,"u":"3,20 €/KG","img":"https://fd14-photos.leclercdrive.fr/image.ashx?id=2925325&use=l&cat=p&typeid=i","cat":285041},{"id":209465,"n":"Sirop Teisseire Ice Tea Pêche Bidon - 60cl","p":3.3,"u":"5,50 €/L","img":"https://fd14-photos.leclercdrive.fr/image.ashx?id=2539710&use=l&cat=p&typeid=i","cat":295020},{"id":209472,"n":"Beurre Paysan Breton Sel de Guérande x20 -200g","p":3.05,"u":"15,25 €/KG","img":"https://fd14-photos.leclercdrive.fr/image.ashx?id=2774562&use=l&cat=p&typeid=i","cat":284379},{"id":209494,"n":"Salade & Cie Sodebo Roma Jambon Speck - 320g","p":3.18,"u":"9,94 €/KG","img":"https://fd14-photos.leclercdrive.fr/image.ashx?id=2732413&use=l&cat=p&typeid=i","cat":333657},{"id":209495,"n":"Salade & Cie Sodebo Manhattan Poulet rôti - 320g","p":2.95,"u":"9,22 €/KG","img":"https://fd14-photos.leclercdrive.fr/image.ashx?id=2732407&use=l&cat=p&typeid=i","cat":333657},{"id":209496,"n":"Salade & Cie Sodebo Montmartre Jambon supérieur - 320g","p":3.2,"u":"10,00 €/KG","img":"https://fd14-photos.leclercdrive.fr/image.ashx?id=2868945&use=l&cat=p&typeid=i","cat":333657},{"id":209510,"n":"Chips nature Lay's Sel - 250g","p":2.25,"u":"9,00 €/KG","img":"https://fd14-photos.leclercdrive.fr/image.ashx?id=2995073&use=l&cat=p&typeid=i","cat":284447},{"id":209589,"n":"Pain Kebab La Boulangère x4 - 320g","p":1.8,"u":"6,92 €/KG","img":"https://fd14-photos.leclercdrive.fr/image.ashx?id=2912308&use=l&cat=p&typeid=i","cat":284985},{"id":209593,"n":"Brioche Muffin La Boulangère x5 - 250g","p":1.4,"u":"5,60 €/KG","img":"https://fd14-photos.leclercdrive.fr/image.ashx?id=2912443&use=l&cat=p&typeid=i","cat":284478},{"id":209597,"n":"Compote Allégée en sucres Eco+ Bocal pomme poire - 720g","p":1.13,"u":"1,57 €/KG","img":"https://fd14-photos.leclercdrive.fr/image.ashx?id=2953206&use=l&cat=p&typeid=i","cat":284508},{"id":209688,"n":"Thé vert menthe Lipton Asie - x30s - 48g","p":2.55,"u":"53,13 €/KG","img":"https://fd14-photos.leclercdrive.fr/image.ashx?id=2542819&use=l&cat=p&typeid=i","cat":293233},{"id":209691,"n":"Thé vert Lipton x30s - 39g","p":2.45,"u":"62,82 €/KG","img":"https://fd14-photos.leclercdrive.fr/image.ashx?id=2542822&use=l&cat=p&typeid=i","cat":293233},{"id":209722,"n":"Dessert Glacé Viennetta Caramel beurre salé - 320g","p":2.2,"u":"6,88 €/KG","img":"https://fd14-photos.leclercdrive.fr/image.ashx?id=2802836&use=l&cat=p&typeid=i","cat":284266},{"id":209724,"n":"Dessert Glacé Viennetta Chocolat -  320g","p":2.2,"u":"6,88 €/KG","img":"https://fd14-photos.leclercdrive.fr/image.ashx?id=3009287&use=l&cat=p&typeid=i","cat":284266},{"id":209733,"n":"Dessert Glacé Viennetta Vanille -  320g","p":2.2,"u":"6,88 €/KG","img":"https://fd14-photos.leclercdrive.fr/image.ashx?id=3009182&use=l&cat=p&typeid=i","cat":284266},{"id":209739,"n":"Adoucissant concentré Soupline Hypoallergénique 64 lav. 1,35L","p":5.18,"u":"3,84 €/L","img":"https://fd14-photos.leclercdrive.fr/image.ashx?id=2831185&use=l&cat=p&typeid=i","cat":284650},{"id":209801,"n":"Rasoirs jetables Wilkinson Xtreme 3 - Pure sensitive - x12","p":11.9,"u":"0,99 €/P","img":"https://fd14-photos.leclercdrive.fr/image.ashx?id=2861719&use=l&cat=p&typeid=i","cat":284616},{"id":209804,"n":"Rasoirs jetables Wilkinson Xtreme 3 Ultimate confort - x8","p":9.9,"img":"https://fd14-photos.leclercdrive.fr/image.ashx?id=2846478&use=l&cat=p&typeid=i","cat":284616},{"id":209806,"n":"Rasoirs Extra 3 Essentials Plastique recyclé - x8","p":5.3,"u":"0,66 €/P","img":"https://fd14-photos.leclercdrive.fr/image.ashx?id=2846481&use=l&cat=p&typeid=i","cat":284616},{"id":209850,"n":"Thé vert Lipton  Classique Asie  - x50 - 65g","p":4.3,"u":"66,15 €/KG","img":"https://fd14-photos.leclercdrive.fr/image.ashx?id=2544632&use=l&cat=p&typeid=i","cat":293233},{"id":209856,"n":"Thé vert Tchaé orient  Lipton  x20 - 35g","p":2.45,"u":"70,00 €/KG","img":"https://fd14-photos.leclercdrive.fr/image.ashx?id=2544641&use=l&cat=p&typeid=i","cat":293233},{"id":209859,"n":"Déboucheur Liquide Destop  4 doses - 950ml","p":3.4,"u":"3,58 €/L","img":"https://fd14-photos.leclercdrive.fr/image.ashx?id=2832161&use=l&cat=p&typeid=i","cat":284908},{"id":209860,"n":"Déboucheur Gel Destop  Express - 4 doses - 950ml","p":3.05,"u":"3,21 €/L","img":"https://fd14-photos.leclercdrive.fr/image.ashx?id=2832164&use=l&cat=p&typeid=i","cat":284908},{"id":209863,"n":"Gel anti-calcaire Calgon  4 en 1 - 750ml","p":5.05,"u":"6,73 €/L","img":"https://fd14-photos.leclercdrive.fr/image.ashx?id=2963475&use=l&cat=p&typeid=i","cat":284653},{"id":209866,"n":"Infusion Elephant  Pêche Abricot - x20 38g","p":2.35,"u":"61,84 €/KG","img":"https://fd14-photos.leclercdrive.fr/image.ashx?id=2544617&use=l&cat=p&typeid=i","cat":293234},{"id":209867,"n":"AIRWICK Recharge diffuseur Fres hmatic Purefresh Agrumes 250ml","p":3.7,"u":"14,80 €/L","img":"https://fd14-photos.leclercdrive.fr/image.ashx?id=2963478&use=l&cat=p&typeid=i","cat":311629},{"id":209872,"n":"Infusion Elephant  Pamplemousse Mandarine x20 38g","p":2.65,"u":"69,74 €/KG","img":"https://fd14-photos.leclercdrive.fr/image.ashx?id=2544620&use=l&cat=p&typeid=i","cat":293234},{"id":209875,"n":"Gel WC 100% Détartrant Harpic 5 min Chrono - 750ml","p":1.58,"u":"2,11 €/L","img":"https://fd14-photos.leclercdrive.fr/image.ashx?id=2864687&use=l&cat=p&typeid=i","cat":284662},{"id":209877,"n":"Aérosol Fabulon  Pressing express - 400ml","p":3.6,"u":"9,00 €/L","img":"https://fd14-photos.leclercdrive.fr/image.ashx?id=2544410&use=l&cat=p&typeid=i","cat":284652},{"id":209891,"n":"Nettoyant lave-vaisselle Finish  Intégral Anti-Odeurs - 250ml","p":3.25,"u":"13,00 €/L","img":"https://fd14-photos.leclercdrive.fr/image.ashx?id=2659735&use=l&cat=p&typeid=i","cat":284657},{"id":209893,"n":"Détachant poudre Vanish  940g","p":10.45,"u":"11,12 €/KG","img":"https://fd14-photos.leclercdrive.fr/image.ashx?id=2680308&use=l&cat=p&typeid=i","cat":284651},{"id":209894,"n":"Adoucissant concentré Soupline  Lavande 60 lavages 1,35 L","p":5.18,"u":"3,84 €/L","img":"https://fd14-photos.leclercdrive.fr/image.ashx?id=2912716&use=l&cat=p&typeid=i","cat":284650},{"id":209912,"n":"Yaourt Bifidus Activia Saveur vanille coco - 16x125g","p":4.51,"u":"2,26 €/KG","img":"https://fd14-photos.leclercdrive.fr/image.ashx?id=2748197&use=l&cat=p&typeid=i","cat":286006},{"id":209993,"n":"Démaquillant Yeux Nivea Sensibles Doux - 125 ml","p":2.51,"u":"20,08 €/L","img":"https://fd14-photos.leclercdrive.fr/image.ashx?id=2953941&use=l&cat=p&typeid=i","cat":284603},{"id":209996,"n":"Détachant Gel Vanish  750ml","p":5.8,"u":"7,73 €/L","img":"https://fd14-photos.leclercdrive.fr/image.ashx?id=2878108&use=l&cat=p&typeid=i","cat":284651},{"id":210011,"n":"Détachant poudre Vanish  Blanc - 940g","p":10.45,"u":"11,12 €/KG","img":"https://fd14-photos.leclercdrive.fr/image.ashx?id=2680311&use=l&cat=p&typeid=i","cat":284651},{"id":210015,"n":"Nettoyant ménager La Croix Spray - Ultra cuisine - 500ml","p":1.84,"u":"3,68 €/L","img":"https://fd14-photos.leclercdrive.fr/image.ashx?id=2545216&use=l&cat=p&typeid=i","cat":325357},{"id":210016,"n":"Mousse Marie Morin Chocolat au Lait - 2x100g","p":3.75,"u":"18,75 €/KG","img":"https://fd14-photos.leclercdrive.fr/image.ashx?id=2631702&use=l&cat=p&typeid=i","cat":284417},{"id":210017,"n":"Mascara Maybelline Falsies Surreal Noir","p":11.9,"img":"https://fd14-photos.leclercdrive.fr/image.ashx?id=2545099&use=l&cat=p&typeid=i","cat":287029},{"id":210018,"n":"Cheesecake citron Marie Morin - 2x100g","p":3.4,"u":"17,00 €/KG","img":"https://fd14-photos.leclercdrive.fr/image.ashx?id=2629031&use=l&cat=p&typeid=i","cat":284419},{"id":210044,"n":"Dentifrice Colgate Blancheur Micro cristaux - 75ml","p":1.85,"u":"24,67 €/L","img":"https://fd14-photos.leclercdrive.fr/image.ashx?id=3011947&use=l&cat=p&typeid=i","cat":284612},{"id":210052,"n":"Pop up Smarties 4x52g","p":3.45,"u":"16,59 €/KG","img":"https://fd14-photos.leclercdrive.fr/image.ashx?id=2557734&use=l&cat=p&typeid=i","cat":285250},{"id":210060,"n":"Yaourt vanille Simplement Bio Les 300 Laitiers Bio -  4x110g","p":1.25,"u":"2,84 €/KG","img":"https://fd14-photos.leclercdrive.fr/image.ashx?id=2629142&use=l&cat=p&typeid=i","cat":286006},{"id":210067,"n":"Riz Lustucru 900g","p":2.2,"u":"2,44 €/KG","img":"https://fd14-photos.leclercdrive.fr/image.ashx?id=2963742&use=l&cat=p&typeid=i","cat":284428},{"id":210071,"n":"Eyeliner feutre Maybelline Ink Pen ultra-pigmenté","p":10.1,"img":"https://fd14-photos.leclercdrive.fr/image.ashx?id=2546629&use=l&cat=p&typeid=i","cat":287029},{"id":210142,"n":"Soin nuit repulpant So'Bio Etic Bio - 50ml","p":11.98,"u":"239,60 €/L","img":"https://fd14-photos.leclercdrive.fr/image.ashx?id=2997013&use=l&cat=p&typeid=i","cat":325345},{"id":210147,"n":"Baume hydratant bio So'Bio Etic Apaisant - Eau thermale 50ML","p":10.4,"u":"208,00 €/L","img":"https://fd14-photos.leclercdrive.fr/image.ashx?id=2889634&use=l&cat=p&typeid=i","cat":325345},{"id":210152,"n":"Brosse à dents Electrique Oral-B - Rose - IO 3S","p":89.9,"img":"https://fd14-photos.leclercdrive.fr/image.ashx?id=2566542&use=l&cat=p&typeid=i","cat":297133},{"id":210153,"n":"Brosse à dents Electrique Oral-B - Noire - IO3S","p":89.9,"img":"https://fd14-photos.leclercdrive.fr/image.ashx?id=2553311&use=l&cat=p&typeid=i","cat":297133},{"id":210206,"n":"Brossettes Oral-B 3D White x4","p":19.9,"u":"4,98 €/P","img":"https://fd14-photos.leclercdrive.fr/image.ashx?id=2617483&use=l&cat=p&typeid=i","cat":297133},{"id":210208,"n":"Brossettes Oral-B Pro Sensitive Clean - x4","p":19.9,"u":"4,98 €/P","img":"https://fd14-photos.leclercdrive.fr/image.ashx?id=2737552&use=l&cat=p&typeid=i","cat":297133},{"id":210235,"n":"Serviettes Tena Discreet Extra - x10","p":3.8,"u":"0,38 €/P","img":"https://fd14-photos.leclercdrive.fr/image.ashx?id=2597244&use=l&cat=p&typeid=i","cat":284628},{"id":210254,"n":"Brossettes Oral-B Pro Cross Action - x4","p":17.9,"img":"https://fd14-photos.leclercdrive.fr/image.ashx?id=2743643&use=l&cat=p&typeid=i","cat":297133},{"id":210315,"n":"Délice tofu bio Céréal Bio Tomates Mozzarella - 180g","p":3.3,"u":"18,33 €/KG","img":"https://fd14-photos.leclercdrive.fr/image.ashx?id=2624227&use=l&cat=p&typeid=i","cat":316036},{"id":210703,"n":"Terrine Tous mes amis Volaille carottes - 1.2kg","p":1.95,"u":"1,63 €/KG","img":"https://fd14-photos.leclercdrive.fr/image.ashx?id=2550495&use=l&cat=p&typeid=i","cat":288578},{"id":210705,"n":"Dragées chocolatées M&M's Cacahuètes - 250g","p":2.95,"u":"11,80 €/KG","img":"https://fd14-photos.leclercdrive.fr/image.ashx?id=3003393&use=l&cat=p&typeid=i","cat":304238},{"id":210717,"n":"Boulettes de boeuf Eco+ 1.2kg","p":1.53,"img":"https://fd14-photos.leclercdrive.fr/image.ashx?id=2815740&use=l&cat=p&typeid=i","cat":288578},{"id":210803,"n":"Adoucissant Hyperdou Douceur de pêche - 1.9L - x27","p":2.42,"u":"1,27 €/L","img":"https://fd14-photos.leclercdrive.fr/image.ashx?id=2603015&use=l&cat=p&typeid=i","cat":284650},{"id":210804,"n":"Adoucissant Hyperdou Rêve de fraîcheur - 1.9L - x27","p":2.15,"u":"1,13 €/L","img":"https://fd14-photos.leclercdrive.fr/image.ashx?id=2958762&use=l&cat=p&typeid=i","cat":284650},{"id":210806,"n":"Adoucissant Hyperdou Senstive - 1.9L - x27","p":2.39,"u":"1,26 €/L","img":"https://fd14-photos.leclercdrive.fr/image.ashx?id=2603024&use=l&cat=p&typeid=i","cat":284650},{"id":210821,"n":"Pommes rissolées Findus 590g","p":2.1,"u":"3,56 €/KG","img":"https://fd14-photos.leclercdrive.fr/image.ashx?id=2790099&use=l&cat=p&typeid=i","cat":319792},{"id":210823,"n":"Pommes noisette Findus 500g","p":1.9,"u":"3,80 €/KG","img":"https://fd14-photos.leclercdrive.fr/image.ashx?id=2865866&use=l&cat=p&typeid=i","cat":319792},{"id":210827,"n":"Adoucissant Hyperdou Plaisir de vanille - 1.9L - x27","p":1.99,"u":"1,05 €/L","img":"https://fd14-photos.leclercdrive.fr/image.ashx?id=2974837&use=l&cat=p&typeid=i","cat":284650},{"id":210946,"n":"Margarine Planta Fin  Demi-sel 100% végétal - 450g","p":2.85,"u":"6,33 €/KG","img":"https://fd14-photos.leclercdrive.fr/image.ashx?id=2989474&use=l&cat=p&typeid=i","cat":315229},{"id":210948,"n":"Margarine Planta Fin Doux 100% végétal - 450g","p":2.4,"u":"5,33 €/KG","img":"https://fd14-photos.leclercdrive.fr/image.ashx?id=2989477&use=l&cat=p&typeid=i","cat":315229},{"id":210951,"n":"Mousse au chocolat Eco+ 4x60g","p":0.84,"u":"3,50 €/KG","img":"https://fd14-photos.leclercdrive.fr/image.ashx?id=2552493&use=l&cat=p&typeid=i","cat":284417},{"id":210956,"n":"Yaourt gourmand Délisse Coco - 2x150g","p":1.09,"u":"3,63 €/KG","img":"https://fd14-photos.leclercdrive.fr/image.ashx?id=2556532&use=l&cat=p&typeid=i","cat":314999},{"id":210957,"n":"Yaourt gourmand Délisse Cerise - 2x150g","p":1.09,"u":"3,63 €/KG","img":"https://fd14-photos.leclercdrive.fr/image.ashx?id=2552502&use=l&cat=p&typeid=i","cat":314999},{"id":210958,"n":"Yaourt gourrmand Délisse  2x150g","p":1.13,"u":"3,77 €/KG","img":"https://fd14-photos.leclercdrive.fr/image.ashx?id=2552505&use=l&cat=p&typeid=i","cat":314999},{"id":210960,"n":"Bouchées Tous les Amis 1.2kg","p":2.15,"u":"1,79 €/KG","img":"https://fd14-photos.leclercdrive.fr/image.ashx?id=2815767&use=l&cat=p&typeid=i","cat":288578},{"id":210961,"n":"Le Fondant Mamie Nova Pistache - 2x150g","p":1.4,"u":"4,67 €/KG","img":"https://fd14-photos.leclercdrive.fr/image.ashx?id=2886957&use=l&cat=p&typeid=i","cat":285041},{"id":210963,"n":"Boulettes de bœuf Eco+ 400g","p":0.87,"u":"2,18 €/KG","img":"https://fd14-photos.leclercdrive.fr/image.ashx?id=2815731&use=l&cat=p&typeid=i","cat":285601},{"id":210965,"n":"Le Fondant Mamie Nova Caramel beurre salé - 2x150g","p":1.55,"u":"5,17 €/KG","img":"https://fd14-photos.leclercdrive.fr/image.ashx?id=2909038&use=l&cat=p&typeid=i","cat":285041},{"id":210968,"n":"Tajine de boeuf Fleury Michon 350g","p":3.45,"u":"9,86 €/KG","img":"https://fd14-photos.leclercdrive.fr/image.ashx?id=2656730&use=l&cat=p&typeid=i","cat":333665},{"id":210972,"n":"Sauce bolognaise au chorizo bio Jardin Bio - 350g","p":3.5,"u":"10,00 €/KG","img":"https://fd14-photos.leclercdrive.fr/image.ashx?id=2554298&use=l&cat=p&typeid=i","cat":288384},{"id":210973,"n":"Sauce Camembert Charal 120g","p":1.95,"u":"16,25 €/KG","img":"https://fd14-photos.leclercdrive.fr/image.ashx?id=2880721&use=l&cat=p&typeid=i","cat":284382},{"id":211044,"n":"Gel Toilette Intime Extra Doux Intima Natural Hamamélis 500ml","p":6.05,"u":"12,10 €/L","img":"https://fd14-photos.leclercdrive.fr/image.ashx?id=2959877&use=l&cat=p&typeid=i","cat":284627},{"id":211082,"n":"Soda Canada Dry Ginger Ale 6x33cl","p":3.3,"u":"1,67 €/L","img":"https://fd14-photos.leclercdrive.fr/image.ashx?id=2669097&use=l&cat=p&typeid=i","cat":284531},{"id":211095,"n":"Dessert végétal Alpro Fraise - 500g","p":1.85,"u":"3,70 €/KG","img":"https://fd14-photos.leclercdrive.fr/image.ashx?id=2976071&use=l&cat=p&typeid=i","cat":316071},{"id":211178,"n":"Papier cuisson Alfapac Rouleau 12m","p":2.6,"img":"https://fd14-photos.leclercdrive.fr/image.ashx?id=2887737&use=l&cat=p&typeid=i","cat":334134},{"id":211334,"n":"Crème brûlée Nature Marie Morin - 2x130g","p":3.4,"u":"13,08 €/KG","img":"https://fd14-photos.leclercdrive.fr/image.ashx?id=2631732&use=l&cat=p&typeid=i","cat":284419},{"id":211410,"n":"Curry fort Sainte Lucie 55g","p":2.2,"u":"40,00 €/KG","img":"https://fd14-photos.leclercdrive.fr/image.ashx?id=2556102&use=l&cat=p&typeid=i","cat":298297},{"id":211413,"n":"Céréales Kit Kat 330g","p":3.85,"u":"11,67 €/KG","img":"https://fd14-photos.leclercdrive.fr/image.ashx?id=2989453&use=l&cat=p&typeid=i","cat":309513},{"id":211414,"n":"Céréales Miel Pops Kellogg's 330g","p":2.2,"u":"6,67 €/KG","img":"https://fd14-photos.leclercdrive.fr/image.ashx?id=3003423&use=l&cat=p&typeid=i","cat":309513},{"id":211427,"n":"Pain burger Epi d'Or Nature x6 - 330g","p":0.93,"u":"2,82 €/KG","img":"https://fd14-photos.leclercdrive.fr/image.ashx?id=2807303&use=l&cat=p&typeid=i","cat":325067},{"id":211428,"n":"Céréales Special K Kellogg's Nature - 500g","p":2.87,"u":"5,74 €/KG","img":"https://fd14-photos.leclercdrive.fr/image.ashx?id=2583996&use=l&cat=p&typeid=i","cat":309512},{"id":211430,"n":"Persil Sainte Lucie Feuilles coupées - 60g","p":3.7,"u":"61,67 €/KG","img":"https://fd14-photos.leclercdrive.fr/image.ashx?id=2557326&use=l&cat=p&typeid=i","cat":298297},{"id":211432,"n":"Court bouillon Maggi Legumes et vin blanc 150g","p":1.42,"u":"9,47 €/KG","img":"https://fd14-photos.leclercdrive.fr/image.ashx?id=2557740&use=l&cat=p&typeid=i","cat":288379},{"id":211436,"n":"Weetabix crispy  Minis choco - 500g","p":4.0,"u":"8,00 €/KG","img":"https://fd14-photos.leclercdrive.fr/image.ashx?id=2971311&use=l&cat=p&typeid=i","cat":309512},{"id":211437,"n":"Céréales Kellogg's Rice Krispies - 360g","p":2.6,"u":"7,22 €/KG","img":"https://fd14-photos.leclercdrive.fr/image.ashx?id=3003420&use=l&cat=p&typeid=i","cat":309513},{"id":211451,"n":"Yaourts  Malo  Vanille - 8x125g","p":3.65,"u":"3,65 €/KG","img":"https://fd14-photos.leclercdrive.fr/image.ashx?id=2557419&use=l&cat=p&typeid=i","cat":286006},{"id":211455,"n":"Les Oeufs d'Erwan plein air Calibre moyen x12","p":2.9,"pp":2.03,"u":"0,17 €/P","img":"https://fd14-photos.leclercdrive.fr/image.ashx?id=2557548&use=l&cat=p&typeid=i","cat":284378},{"id":211470,"n":"Dentifrice Signal Professionnel Action Sensibilité Complet 75ml","p":2.92,"u":"38,93 €/L","img":"https://fd14-photos.leclercdrive.fr/image.ashx?id=2961326&use=l&cat=p&typeid=i","cat":284612},{"id":211479,"n":"Pâte feuilletée Croustipate Au beurre & farine - 230g","p":1.55,"u":"6,74 €/KG","img":"https://fd14-photos.leclercdrive.fr/image.ashx?id=2875078&use=l&cat=p&typeid=i","cat":333681},{"id":211480,"n":"Pâte brisée Croustipate Au beurre & farine - 230g","p":1.6,"u":"6,96 €/KG","img":"https://fd14-photos.leclercdrive.fr/image.ashx?id=2875081&use=l&cat=p&typeid=i","cat":333681},{"id":211481,"n":"Biscottes Pasquier Sans sel et sucre ajoutés - 300","p":1.35,"u":"4,50 €/KG","img":"https://fd14-photos.leclercdrive.fr/image.ashx?id=2899407&use=l&cat=p&typeid=i","cat":284479},{"id":211522,"n":"Dentifrice Signal Professionnel Sensibilité Blancheur 75ml","p":2.92,"u":"38,93 €/L","img":"https://fd14-photos.leclercdrive.fr/image.ashx?id=2961332&use=l&cat=p&typeid=i","cat":284612},{"id":211525,"n":"Lessive tablettes Persil Bouquet de Provence - x32","p":5.9,"u":"6,15 €/KG","img":"https://fd14-photos.leclercdrive.fr/image.ashx?id=2557809&use=l&cat=p&typeid=i","cat":284641},{"id":211527,"n":"Dentifrice Blancheur Signal White Now Super Pure 75ml","p":3.4,"u":"45,33 €/L","img":"https://fd14-photos.leclercdrive.fr/image.ashx?id=2770190&use=l&cat=p&typeid=i","cat":284612},{"id":211537,"n":"Céréales Miel Pops Loops Kellogg's 330g","p":2.15,"u":"6,52 €/KG","img":"https://fd14-photos.leclercdrive.fr/image.ashx?id=2561353&use=l&cat=p&typeid=i","cat":309513},{"id":211550,"n":"Sel Regénérant Sun Lave Vaisselle Standard 1Kg","p":1.08,"u":"1,08 €/KG","img":"https://fd14-photos.leclercdrive.fr/image.ashx?id=2729434&use=l&cat=p&typeid=i","cat":284657},{"id":211561,"n":"Déodorant Spray Dove Anti- Transpirant Invisible Dry 100ml","p":3.35,"u":"33,50 €/L","img":"https://fd14-photos.leclercdrive.fr/image.ashx?id=2905711&use=l&cat=p&typeid=i","cat":284595},{"id":211562,"n":"Déodorant Spray Compressé Dove Anti-Transpirant Original 100ml","p":3.45,"u":"34,50 €/L","img":"https://fd14-photos.leclercdrive.fr/image.ashx?id=2793098&use=l&cat=p&typeid=i","cat":284595},{"id":211563,"n":"Déodorant Spray Dove Anti- Transpirant Invisible Dry 200ml","p":2.99,"u":"14,95 €/L","img":"https://fd14-photos.leclercdrive.fr/image.ashx?id=2877244&use=l&cat=p&typeid=i","cat":284595},{"id":211573,"n":"Déodorant Spray Dove Anti- Transpirant Original 200ml","p":2.99,"u":"14,95 €/L","img":"https://fd14-photos.leclercdrive.fr/image.ashx?id=2878486&use=l&cat=p&typeid=i","cat":284595},{"id":211578,"n":"Déodorant bille Rexona Invisible aqua 72h - 50ml","p":2.99,"u":"59,80 €/L","img":"https://fd14-photos.leclercdrive.fr/image.ashx?id=2849674&use=l&cat=p&typeid=i","cat":284595},{"id":211584,"n":"Déodorant spray homme Axe Aqua bergamot - 150ml","p":4.2,"u":"28,00 €/L","img":"https://fd14-photos.leclercdrive.fr/image.ashx?id=3004453&use=l&cat=p&typeid=i","cat":284618},{"id":211598,"n":"Yaourt protéiné Hipro Stracciatella 0%mg - 2x160g","p":2.15,"u":"6,72 €/KG","img":"https://fd14-photos.leclercdrive.fr/image.ashx?id=2807438&use=l&cat=p&typeid=i","cat":315000},{"id":211626,"n":"Compote Andros Pomme - 12x100g + 4 offerts","p":3.75,"u":"2,34 €/KG","img":"https://fd14-photos.leclercdrive.fr/image.ashx?id=2879086&use=l&cat=p&typeid=i","cat":284416},{"id":211631,"n":"Desserts Lactés P'TIT BRASSE   Abricot vanille -6m+ - 4x90g","p":2.05,"u":"5,69 €/KG","img":"https://fd14-photos.leclercdrive.fr/image.ashx?id=2600072&use=l&cat=p&typeid=i","cat":312392},{"id":211632,"n":"Desserts Lactés P'TIT ONCTUEUX Nature 6M+ - 8x90g","p":3.76,"u":"5,22 €/KG","img":"https://fd14-photos.leclercdrive.fr/image.ashx?id=2559161&use=l&cat=p&typeid=i","cat":312392},{"id":211634,"n":"Ravioli Lustucru  Chèvre épinard - 250g","p":2.45,"u":"9,80 €/KG","img":"https://fd14-photos.leclercdrive.fr/image.ashx?id=2974357&use=l&cat=p&typeid=i","cat":333682},{"id":211768,"n":"Tapas lomo César Moroni 18 tranches - 80g","p":2.4,"u":"30,00 €/KG","img":"https://fd14-photos.leclercdrive.fr/image.ashx?id=2560131&use=l&cat=p&typeid=i","cat":316007},{"id":211808,"n":"Olives Noires Confites Tramier  Dénoyautées 150g","p":1.65,"u":"11,00 €/KG","img":"https://fd14-photos.leclercdrive.fr/image.ashx?id=2840829&use=l&cat=p&typeid=i","cat":284450},{"id":211827,"n":"Céréales bébé BABIVANILLE Vanille 10M+ - 400g","p":3.05,"u":"7,63 €/KG","img":"https://fd14-photos.leclercdrive.fr/image.ashx?id=2562651&use=l&cat=p&typeid=i","cat":312225},{"id":211971,"n":"Camembert E. Graindorge Au lait cru - 250g","p":3.15,"u":"12,60 €/KG","img":"https://fd14-photos.leclercdrive.fr/image.ashx?id=2601515&use=l&cat=p&typeid=i","cat":314033},{"id":212107,"n":"Brosse à dents Colgate Extra-clean médium - x4","p":1.82,"u":"0,46 €/P","img":"https://fd14-photos.leclercdrive.fr/image.ashx?id=2564309&use=l&cat=p&typeid=i","cat":284614},{"id":212112,"n":"Céréales Frosties Kellogg's  330g","p":2.18,"u":"6,61 €/KG","img":"https://fd14-photos.leclercdrive.fr/image.ashx?id=2565362&use=l&cat=p&typeid=i","cat":309513},{"id":212463,"n":"Gel douche Le Petit Marseillais Homme - Orange/Argan - 250ml","p":2.01,"u":"8,04 €/L","img":"https://fd14-photos.leclercdrive.fr/image.ashx?id=2684554&use=l&cat=p&typeid=i","cat":284619},{"id":212465,"n":"Protège-slip Confort Vania Coton Bio - x30","p":2.75,"img":"https://fd14-photos.leclercdrive.fr/image.ashx?id=2735215&use=l&cat=p&typeid=i","cat":284625},{"id":212466,"n":"Protège-slip Protection Vania Long voile Bio - x24","p":2.99,"img":"https://fd14-photos.leclercdrive.fr/image.ashx?id=2735218&use=l&cat=p&typeid=i","cat":284625},{"id":212467,"n":"Protège-slip Protection Vania Large Fresh - x36","p":2.99,"img":"https://fd14-photos.leclercdrive.fr/image.ashx?id=2735233&use=l&cat=p&typeid=i","cat":284625},{"id":212468,"n":"Protège-slips Confort Vania Aloe vera - x56","p":2.32,"img":"https://fd14-photos.leclercdrive.fr/image.ashx?id=2735236&use=l&cat=p&typeid=i","cat":284625},{"id":212469,"n":"Protège-slip Protection Vania Long Fresh - x40","p":2.55,"img":"https://fd14-photos.leclercdrive.fr/image.ashx?id=2735239&use=l&cat=p&typeid=i","cat":284625},{"id":212473,"n":"Liquide de Rinçage Finish  Citron - 800ml","p":5.45,"u":"6,81 €/L","img":"https://fd14-photos.leclercdrive.fr/image.ashx?id=2881966&use=l&cat=p&typeid=i","cat":284657},{"id":212477,"n":"Déodorant spray Monsavon Compres$sé -  Vanille - 100ml","p":2.6,"u":"26,00 €/L","img":"https://fd14-photos.leclercdrive.fr/image.ashx?id=2566215&use=l&cat=p&typeid=i","cat":284595},{"id":212504,"n":"Crème hyaluronique Mixa 400ml","p":5.15,"u":"12,88 €/L","img":"https://fd14-photos.leclercdrive.fr/image.ashx?id=2585810&use=l&cat=p&typeid=i","cat":325350},{"id":212546,"n":"Macaroni et boulette Côté Table À la tomate - 280g","p":2.04,"u":"7,29 €/KG","img":"https://fd14-photos.leclercdrive.fr/image.ashx?id=2764149&use=l&cat=p&typeid=i","cat":333665},{"id":212584,"n":"Penne au saumon Côté Table 280g","p":2.68,"u":"9,57 €/KG","img":"https://fd14-photos.leclercdrive.fr/image.ashx?id=2794761&use=l&cat=p&typeid=i","cat":333665},{"id":212593,"n":"Litière chats Tous mes Amis Triple action blanche - 5L","p":4.2,"u":"0,84 €/L","img":"https://fd14-photos.leclercdrive.fr/image.ashx?id=2568361&use=l&cat=p&typeid=i","cat":284683},{"id":212595,"n":"Litière chats Tous mes Amis Parfumée grise - 5L","p":3.1,"u":"0,62 €/L","img":"https://fd14-photos.leclercdrive.fr/image.ashx?id=2568358&use=l&cat=p&typeid=i","cat":284683},{"id":212599,"n":"Amandes décortiquées Couleurs Vives - 200g","p":2.78,"u":"13,90 €/KG","img":"https://fd14-photos.leclercdrive.fr/image.ashx?id=2567592&use=l&cat=p&typeid=i","cat":284357},{"id":212600,"n":"Cranberries Couleurs Vives 200g","p":1.99,"u":"9,95 €/KG","img":"https://fd14-photos.leclercdrive.fr/image.ashx?id=2567595&use=l&cat=p&typeid=i","cat":284357},{"id":212602,"n":"Raisins Golden Couleurs Vives 250g","p":1.89,"u":"7,56 €/KG","img":"https://fd14-photos.leclercdrive.fr/image.ashx?id=2567598&use=l&cat=p&typeid=i","cat":284357},{"id":212603,"n":"Fruits secs Mix croquant Couleurs Vives - 200g","p":2.99,"u":"14,95 €/KG","img":"https://fd14-photos.leclercdrive.fr/image.ashx?id=2567601&use=l&cat=p&typeid=i","cat":284357},{"id":212604,"n":"Fruits secs Mix Gourmand Couleurs Vives - 200g","p":2.8,"u":"14,00 €/KG","img":"https://fd14-photos.leclercdrive.fr/image.ashx?id=2567604&use=l&cat=p&typeid=i","cat":284357},{"id":212643,"n":"Margarine Planta Fin Doux 100% végétal - 225g","p":1.6,"u":"7,11 €/KG","img":"https://fd14-photos.leclercdrive.fr/image.ashx?id=2989471&use=l&cat=p&typeid=i","cat":315229},{"id":212645,"n":"Margarine Planta Fin Demi-sel 100% végétal - 225g","p":1.7,"u":"7,56 €/KG","img":"https://fd14-photos.leclercdrive.fr/image.ashx?id=2989465&use=l&cat=p&typeid=i","cat":315229},{"id":212741,"n":"Coulis provençal bio    Jardin Bio - 340g","p":1.9,"u":"5,59 €/KG","img":"https://fd14-photos.leclercdrive.fr/image.ashx?id=2571434&use=l&cat=p&typeid=i","cat":288384},{"id":212750,"n":"Petits pots bébé P'TIT SOUPER Pastasotto 12M+ - 2x200g","p":2.05,"u":"5,13 €/KG","img":"https://fd14-photos.leclercdrive.fr/image.ashx?id=2571863&use=l&cat=p&typeid=i","cat":312239},{"id":212812,"n":"Skyr Siggi's  Céréales Muesli - 2x140g","p":2.15,"u":"7,68 €/KG","img":"https://fd14-photos.leclercdrive.fr/image.ashx?id=3007954&use=l&cat=p&typeid=i","cat":315000},{"id":212815,"n":"Yaourt à la grecque YAOS  Stracciatella - 8x125g","p":4.2,"u":"4,20 €/KG","img":"https://fd14-photos.leclercdrive.fr/image.ashx?id=2570115&use=l&cat=p&typeid=i","cat":314999},{"id":212817,"n":"Nettoyant vitres Ajax Triple action Recharge - 750ml","p":1.63,"u":"2,17 €/L","img":"https://fd14-photos.leclercdrive.fr/image.ashx?id=2842969&use=l&cat=p&typeid=i","cat":325363},{"id":212822,"n":"Biscuits Petit dejeuner Gerblé Bio pépites de chocolat -132g","p":2.3,"u":"17,42 €/KG","img":"https://fd14-photos.leclercdrive.fr/image.ashx?id=2574101&use=l&cat=p&typeid=i","cat":284491},{"id":212900,"n":"Lames Hydro 5 Wilkinson Skin protect - 10+2","p":28.0,"u":"2,33 €/P","img":"https://fd14-photos.leclercdrive.fr/image.ashx?id=2676810&use=l&cat=p&typeid=i","cat":284616},{"id":212922,"n":"Déboucheur Gel Destop  Spécial Cuisine - 1L","p":2.97,"u":"2,97 €/L","img":"https://fd14-photos.leclercdrive.fr/image.ashx?id=2572278&use=l&cat=p&typeid=i","cat":284908},{"id":212934,"n":"Lait bébé poudre Guigoz Optipro 3ème âge - dès 12 mois - 830g","p":10.26,"u":"12,36 €/KG","img":"https://fd14-photos.leclercdrive.fr/image.ashx?id=2895059&use=l&cat=p&typeid=i","cat":290219},{"id":213023,"n":"Pâtée et morceaux chiens Eco+ Boeuf - 1.2kg","p":1.67,"u":"1,39 €/KG","img":"https://fd14-photos.leclercdrive.fr/image.ashx?id=2815743&use=l&cat=p&typeid=i","cat":288578},{"id":213024,"n":"Boulettes volaille Eco+ 800g","p":1.47,"u":"1,84 €/KG","img":"https://fd14-photos.leclercdrive.fr/image.ashx?id=2815734&use=l&cat=p&typeid=i","cat":285601},{"id":213025,"n":"Boulettes à la volaille Eco+ 1.2kg","p":1.55,"u":"1,29 €/KG","img":"https://fd14-photos.leclercdrive.fr/image.ashx?id=2815737&use=l&cat=p&typeid=i","cat":288578},{"id":213037,"n":"Culottes Drynites Huggies  4/7ans - x16","p":12.35,"u":"0,77 €/P","img":"https://fd14-photos.leclercdrive.fr/image.ashx?id=2844730&use=l&cat=p&typeid=i","cat":290633},{"id":213050,"n":"Délice de Tofu bio Céréal Bio Chèvre Miel et Noisettes - 180g","p":3.3,"u":"18,33 €/KG","img":"https://fd14-photos.leclercdrive.fr/image.ashx?id=2624230&use=l&cat=p&typeid=i","cat":316036},{"id":213176,"n":"Nouilles à la chinoise Marie Au Poulet - 900g","p":5.2,"u":"5,78 €/KG","img":"https://fd14-photos.leclercdrive.fr/image.ashx?id=2996773&use=l&cat=p&typeid=i","cat":284254},{"id":213181,"n":"Dentifrice Elmex Sensitive Nettoyage fraîcheur - 2x75ml","p":8.9,"u":"59,33 €/L","img":"https://fd14-photos.leclercdrive.fr/image.ashx?id=2692878&use=l&cat=p&typeid=i","cat":284612},{"id":213204,"n":"Ourson guimauve Cémoi Chocolat au lait - 170g","p":1.95,"u":"11,47 €/KG","img":"https://fd14-photos.leclercdrive.fr/image.ashx?id=2576462&use=l&cat=p&typeid=i","cat":304250},{"id":213300,"n":"Bain de bouche bio Bionaïa  500ml","p":2.49,"u":"4,98 €/L","img":"https://fd14-photos.leclercdrive.fr/image.ashx?id=2577200&use=l&cat=p&typeid=i","cat":284613},{"id":213366,"n":"Toast nature Harrys Tranches épaisses - 250g","p":1.75,"u":"7,00 €/KG","img":"https://fd14-photos.leclercdrive.fr/image.ashx?id=2581253&use=l&cat=p&typeid=i","cat":285454},{"id":213393,"n":"Lait Cica Réparation Mixa Peaux Sèches, Sensibles - 250ml","p":5.19,"u":"20,76 €/L","img":"https://fd14-photos.leclercdrive.fr/image.ashx?id=2579032&use=l&cat=p&typeid=i","cat":325349},{"id":213394,"n":"Gel-Crème Hydratant Mixa Hypoallergénique - 50ml","p":5.7,"u":"11,40 €/L","img":"https://fd14-photos.leclercdrive.fr/image.ashx?id=2585804&use=l&cat=p&typeid=i","cat":325345},{"id":213396,"n":"Crème céramide Mixa 400ml","p":6.15,"u":"15,38 €/L","img":"https://fd14-photos.leclercdrive.fr/image.ashx?id=2579029&use=l&cat=p&typeid=i","cat":325350},{"id":213397,"n":"Lait Nourrissant Céramide Mixa Peaux sèches, sensibles - 250ml","p":4.8,"u":"19,20 €/L","img":"https://fd14-photos.leclercdrive.fr/image.ashx?id=2579035&use=l&cat=p&typeid=i","cat":325350},{"id":213401,"n":"Lait panthénol Mixa 250ml","p":4.85,"u":"19,40 €/L","img":"https://fd14-photos.leclercdrive.fr/image.ashx?id=2579038&use=l&cat=p&typeid=i","cat":325349},{"id":213403,"n":"Crème panthénol Mixa 400ml","p":6.15,"u":"15,38 €/L","img":"https://fd14-photos.leclercdrive.fr/image.ashx?id=2579026&use=l&cat=p&typeid=i","cat":325350},{"id":213404,"n":"Crème cica Mixa Réparation - 400ml","p":6.15,"u":"15,38 €/L","img":"https://fd14-photos.leclercdrive.fr/image.ashx?id=2579023&use=l&cat=p&typeid=i","cat":325350},{"id":213417,"n":"Thé vert bio Jardin Bio Duo de citron - 30g","p":2.25,"u":"75,00 €/KG","img":"https://fd14-photos.leclercdrive.fr/image.ashx?id=2579008&use=l&cat=p&typeid=i","cat":293233},{"id":213432,"n":"Gel Corps et Cheveux Cadum Hypoallergenique - 750ml","p":4.2,"u":"5,60 €/L","img":"https://fd14-photos.leclercdrive.fr/image.ashx?id=2581798&use=l&cat=p&typeid=i","cat":284594},{"id":213443,"n":"Après-Shampoing Franck Provost Expert nutrition - 450ml","p":4.06,"u":"9,02 €/L","img":"https://fd14-photos.leclercdrive.fr/image.ashx?id=2581807&use=l&cat=p&typeid=i","cat":284607},{"id":213454,"n":"Petits pois Eco+ 1kg","p":1.64,"u":"1,64 €/KG","img":"https://fd14-photos.leclercdrive.fr/image.ashx?id=2796025&use=l&cat=p&typeid=i","cat":319805},{"id":213455,"n":"Champignons Eco+ 1kg","p":1.63,"u":"1,63 €/KG","img":"https://fd14-photos.leclercdrive.fr/image.ashx?id=2593339&use=l&cat=p&typeid=i","cat":319805},{"id":213463,"n":"Crousti Tenders Père Dodu Finement poivré - 380g","p":5.15,"u":"13,55 €/KG","img":"https://fd14-photos.leclercdrive.fr/image.ashx?id=2579855&use=l&cat=p&typeid=i","cat":333684},{"id":213464,"n":"Panés Spécial Burger Père Dodu  Chapelure Corn Flakes - x2 - 18","p":2.7,"u":"15,00 €/KG","img":"https://fd14-photos.leclercdrive.fr/image.ashx?id=2957221&use=l&cat=p&typeid=i","cat":333684},{"id":213466,"n":"Saucisson sec Saint-Azay 32 tranches - 100g","p":1.99,"u":"19,90 €/P","img":"https://fd14-photos.leclercdrive.fr/image.ashx?id=2579405&use=l&cat=p&typeid=i","cat":316007},{"id":213470,"n":"Saucisson sec Saint Azay  -25% de sel 32 tranches - 100g","p":1.59,"u":"15,90 €/KG","img":"https://fd14-photos.leclercdrive.fr/image.ashx?id=2579408&use=l&cat=p&typeid=i","cat":316007},{"id":213487,"n":"Crème semi-épaisse UHT Délisse Entière - 30% MG - 2x25cl","p":3.21,"u":"6,42 €/L","img":"https://fd14-photos.leclercdrive.fr/image.ashx?id=2579396&use=l&cat=p&typeid=i","cat":284381},{"id":213496,"n":"Boisson Noisette choco Végé 1L Végé - 200g","p":1.99,"u":"1,99 €/L","img":"https://fd14-photos.leclercdrive.fr/image.ashx?id=2903974&use=l&cat=p&typeid=i","cat":316067},{"id":213570,"n":"Gel douche Le Petit Marseillais Bois de cade & fougère  - 250ml","p":2.09,"u":"8,36 €/MT","img":"https://fd14-photos.leclercdrive.fr/image.ashx?id=2684545&use=l&cat=p&typeid=i","cat":284619},{"id":213582,"n":"Crème Douche surgras Bio Cadum Karité - 450ml","p":2.67,"u":"5,93 €/L","img":"https://fd14-photos.leclercdrive.fr/image.ashx?id=2580801&use=l&cat=p&typeid=i","cat":284594},{"id":213600,"n":"Crème Douche Nourrissante Cadum Huile de Coco Bio - 450ml","p":2.39,"u":"5,31 €/L","img":"https://fd14-photos.leclercdrive.fr/image.ashx?id=2582276&use=l&cat=p&typeid=i","cat":284594},{"id":213602,"n":"Crème Douche Nourrissante Cadum Miel de Fleurs bio - 450ml","p":2.8,"u":"6,22 €/L","img":"https://fd14-photos.leclercdrive.fr/image.ashx?id=2582279&use=l&cat=p&typeid=i","cat":284594},{"id":213604,"n":"Crème Douche Hydratation Cadum Huile d'Amandes Douces - 450ml","p":2.39,"u":"5,31 €/L","img":"https://fd14-photos.leclercdrive.fr/image.ashx?id=2582282&use=l&cat=p&typeid=i","cat":284594},{"id":213605,"n":"Crème de douche Cadum Fleur de coton - 450ml","p":2.62,"u":"5,82 €/L","img":"https://fd14-photos.leclercdrive.fr/image.ashx?id=2582285&use=l&cat=p&typeid=i","cat":284594},{"id":213606,"n":"Gel Douche Sans Savon Bio Cadum Huile d'Amandes Douces - 450ml","p":2.39,"u":"5,31 €/L","img":"https://fd14-photos.leclercdrive.fr/image.ashx?id=2582288&use=l&cat=p&typeid=i","cat":284594},{"id":213646,"n":"Café moulu Le Menez Bré Armen - 250g","p":5.75,"u":"23,00 €/KG","img":"https://fd14-photos.leclercdrive.fr/image.ashx?id=2581298&use=l&cat=p&typeid=i","cat":284750},{"id":213687,"n":"Shampoing karité Franck Provost Cheveux Secs, très secs - 500ml","p":4.06,"u":"8,12 €/L","img":"https://fd14-photos.leclercdrive.fr/image.ashx?id=2581804&use=l&cat=p&typeid=i","cat":284606},{"id":213688,"n":"Shampoing Karité Franck Provost Cheveux Très Secs épais - 500ml","p":4.06,"u":"8,12 €/L","img":"https://fd14-photos.leclercdrive.fr/image.ashx?id=2582312&use=l&cat=p&typeid=i","cat":284606},{"id":213690,"n":"Shampoing Franck Provost Cheveux abîmés cassants - 500ml","p":4.06,"u":"8,12 €/L","img":"https://fd14-photos.leclercdrive.fr/image.ashx?id=2582315&use=l&cat=p&typeid=i","cat":284606},{"id":213691,"n":"Après-Shampooing Franck Provost Expert réparation - 450ml","p":4.06,"u":"9,02 €/L","img":"https://fd14-photos.leclercdrive.fr/image.ashx?id=2582318&use=l&cat=p&typeid=i","cat":284607},{"id":213692,"n":"Shampooing Franck Provost Cheveux colorés - 500ml","p":4.06,"u":"8,12 €/L","img":"https://fd14-photos.leclercdrive.fr/image.ashx?id=2582321&use=l&cat=p&typeid=i","cat":284606},{"id":213695,"n":"Recharge Gel douche Cadum Sans Sulfate - 500ml","p":2.7,"u":"5,40 €/L","img":"https://fd14-photos.leclercdrive.fr/image.ashx?id=2581810&use=l&cat=p&typeid=i","cat":284594},{"id":213703,"n":"Gel Corps et Cheveux Cadum Sans Sulfate - 400ml","p":2.65,"u":"6,63 €/L","img":"https://fd14-photos.leclercdrive.fr/image.ashx?id=2582270&use=l&cat=p&typeid=i","cat":284594},{"id":213724,"n":"Bouchée pour chien Eco+ Boeuf, pâtes, carottes - 1.2kg","p":1.79,"u":"1,49 €/KG","img":"https://fd14-photos.leclercdrive.fr/image.ashx?id=2815728&use=l&cat=p&typeid=i","cat":288578},{"id":213731,"n":"Sorbet fraise Terres Bleues 485g","p":5.4,"u":"11,13 €/KG","img":"https://fd14-photos.leclercdrive.fr/image.ashx?id=2657790&use=l&cat=p&typeid=i","cat":284263},{"id":213792,"n":"Nettoyant sol savon noir Perfboost Carolin -1L","p":2.7,"u":"2,70 €/L","img":"https://fd14-photos.leclercdrive.fr/image.ashx?id=2582633&use=l&cat=p&typeid=i","cat":284907},{"id":213821,"n":"Brosse à dents Signal Soins gencives Extra souple x4","p":3.15,"u":"0,79 €/P","img":"https://fd14-photos.leclercdrive.fr/image.ashx?id=2805690&use=l&cat=p&typeid=i","cat":284614},{"id":213830,"n":"Adoucissant Soupline concentré  3D Grand air - 1,35L","p":5.18,"u":"3,84 €/L","img":"https://fd14-photos.leclercdrive.fr/image.ashx?id=2924950&use=l&cat=p&typeid=i","cat":284650},{"id":213833,"n":"Colgate Chloro intense  75ml","p":1.17,"u":"15,60 €/L","img":"https://fd14-photos.leclercdrive.fr/image.ashx?id=2964231&use=l&cat=p&typeid=i","cat":284612},{"id":213834,"n":"Brosse à dents Colgate Extra-clean souple - x4","p":1.99,"u":"0,50 €/P","img":"https://fd14-photos.leclercdrive.fr/image.ashx?id=3011950&use=l&cat=p&typeid=i","cat":284614},{"id":213838,"n":"Deo Stick SANEX protector 65 ml","p":2.79,"u":"42,92 €/L","img":"https://fd14-photos.leclercdrive.fr/image.ashx?id=2801602&use=l&cat=p&typeid=i","cat":284595},{"id":213857,"n":"Recharges WC Canard Fresh Disc  Fraîcheur Marine - 2x6 disques","p":4.99,"u":"2,50 €/P","img":"https://fd14-photos.leclercdrive.fr/image.ashx?id=2754824&use=l&cat=p&typeid=i","cat":284662},{"id":213930,"n":"Fromage enfant La Vache qui rit Original 24P à tartiner - 384g","p":3.85,"u":"10,03 €/KG","img":"https://fd14-photos.leclercdrive.fr/image.ashx?id=2945451&use=l&cat=p&typeid=i","cat":314030},{"id":213954,"n":"Protège-slips Vania Pocket Normal - x30","p":1.99,"u":"0,07 €/P","img":"https://fd14-photos.leclercdrive.fr/image.ashx?id=2735245&use=l&cat=p&typeid=i","cat":284625},{"id":213959,"n":"Nettoyant ménager Pliz Fée du logis - 250ml","p":2.1,"u":"8,40 €/L","img":"https://fd14-photos.leclercdrive.fr/image.ashx?id=2585540&use=l&cat=p&typeid=i","cat":325364},{"id":213961,"n":"Terrine chiens Tous Mes Amis Viandes carottes - 1.2kg","p":1.95,"u":"1,63 €/KG","img":"https://fd14-photos.leclercdrive.fr/image.ashx?id=3015590&use=l&cat=p&typeid=i","cat":288578},{"id":213964,"n":"Nettoyant ménager Ajax Maison pure Sureau - 1.25L","p":2.75,"u":"2,20 €/L","img":"https://fd14-photos.leclercdrive.fr/image.ashx?id=2585555&use=l&cat=p&typeid=i","cat":284907},{"id":214051,"n":"Breizh Burger Tregalette Sauce poivre - 190g","p":3.4,"u":"17,89 €/KG","img":"https://fd14-photos.leclercdrive.fr/image.ashx?id=2664163&use=l&cat=p&typeid=i","cat":333671},{"id":214087,"n":"Soda Coca-Cola Original Bouteille - 1,75L","p":2.37,"u":"1,35 €/L","img":"https://fd14-photos.leclercdrive.fr/image.ashx?id=2971745&use=l&cat=p&typeid=i","cat":284530},{"id":214103,"n":"Toasts Aromates spécial saumon Tranches épaisses Harrys 250G","p":1.75,"u":"7,00 €/KG","img":"https://fd14-photos.leclercdrive.fr/image.ashx?id=2587578&use=l&cat=p&typeid=i","cat":285454},{"id":214105,"n":"Toast Brioché spécial foie gras Tranches épaisses Harrys 250G","p":1.75,"u":"7,00 €/KG","img":"https://fd14-photos.leclercdrive.fr/image.ashx?id=2587581&use=l&cat=p&typeid=i","cat":285454},{"id":214306,"n":"Mélange Maître Prunille Vitalmix Anti-oxydant - 180g","p":3.79,"u":"21,06 €/KG","img":"https://fd14-photos.leclercdrive.fr/image.ashx?id=2588585&use=l&cat=p&typeid=i","cat":284357},{"id":214307,"n":"Mélange Maître Prunille Vitalmix Immunité - 180g","p":3.79,"u":"21,06 €/KG","img":"https://fd14-photos.leclercdrive.fr/image.ashx?id=2588588&use=l&cat=p&typeid=i","cat":284357},{"id":214321,"n":"Déodorant bille Dove Grenade - Anti-transpirant 50ml","p":2.77,"u":"55,40 €/L","img":"https://fd14-photos.leclercdrive.fr/image.ashx?id=2867341&use=l&cat=p&typeid=i","cat":284595},{"id":214326,"n":"Déodorant spray Dovd Grenade anti-transpirant 200ml","p":2.99,"u":"14,95 €/L","img":"https://fd14-photos.leclercdrive.fr/image.ashx?id=2987035&use=l&cat=p&typeid=i","cat":284595},{"id":214327,"n":"Déodorant Spray Dove Anti- Transpirant Beauty Finish 100ml","p":3.75,"u":"37,50 €/L","img":"https://fd14-photos.leclercdrive.fr/image.ashx?id=2987038&use=l&cat=p&typeid=i","cat":284595},{"id":214332,"n":"Chili Cheese Nuggets Pickers By McCain - 230g","p":3.2,"u":"13,91 €/KG","img":"https://fd14-photos.leclercdrive.fr/image.ashx?id=2958678&use=l&cat=p&typeid=i","cat":319822},{"id":214389,"n":"Lame OneBlade Philips QP215/50 - First have - x1","p":14.5,"img":"https://fd14-photos.leclercdrive.fr/image.ashx?id=2589554&use=l&cat=p&typeid=i","cat":284616},{"id":214392,"n":"Gel douche Le Petit Marseillais Homme - Minéraux & bois - 250ml","p":1.85,"u":"7,40 €/L","img":"https://fd14-photos.leclercdrive.fr/image.ashx?id=2684548&use=l&cat=p&typeid=i","cat":284619},{"id":214393,"n":"Gel douche Le Petit Marseillais Homme - Pin & eucalyptus 250ml","p":1.85,"u":"7,40 €/L","img":"https://fd14-photos.leclercdrive.fr/image.ashx?id=2684551&use=l&cat=p&typeid=i","cat":284619},{"id":214394,"n":"Crème de douche Le Petit Marseillais Fleur coton 400ml","p":2.85,"u":"7,13 €/L","img":"https://fd14-photos.leclercdrive.fr/image.ashx?id=2947045&use=l&cat=p&typeid=i","cat":284594},{"id":214400,"n":"Shampooing Nature Box Cheveux abîmés flacon  - 385ml","p":5.95,"u":"15,45 €/L","img":"https://fd14-photos.leclercdrive.fr/image.ashx?id=2589278&use=l&cat=p&typeid=i","cat":284606},{"id":214403,"n":"Lessive liquide Bonux L'original 50 Lavages - 2.25L","p":9.85,"u":"4,38 €/L","img":"https://fd14-photos.leclercdrive.fr/image.ashx?id=2881993&use=l&cat=p&typeid=i","cat":284640},{"id":214454,"n":"Piles rechargeables Foxter Accus Rtu HR03 850mah - x4","p":8.5,"u":"2,13 €/P","img":"https://fd14-photos.leclercdrive.fr/image.ashx?id=2594881&use=l&cat=p&typeid=i","cat":300572},{"id":214457,"n":"Pile rechargeable Foxter Accus - RTU - HR14 - 3000mAh x2","p":7.95,"u":"3,98 €/P","img":"https://fd14-photos.leclercdrive.fr/image.ashx?id=2639293&use=l&cat=p&typeid=i","cat":300572},{"id":214509,"n":"Fromage à raclette RichesMonts Classique 420g + 20% offerts","p":5.23,"u":"10,38 €/KG","img":"https://fd14-photos.leclercdrive.fr/image.ashx?id=2969085&use=l&cat=p&typeid=i","cat":314037},{"id":214511,"n":"Saucisson Le Généreux Cochonou 365g","p":5.15,"u":"14,11 €/KG","img":"https://fd14-photos.leclercdrive.fr/image.ashx?id=2948938&use=l&cat=p&typeid=i","cat":316006},{"id":214558,"n":"Café en grains Bio Méo Espresso - 1kg","p":16.95,"u":"16,95 €/KG","img":"https://fd14-photos.leclercdrive.fr/image.ashx?id=2593980&use=l&cat=p&typeid=i","cat":293237},{"id":214567,"n":"Bonbon à sucer Ricola Framboise sans sucre - 50g","p":2.0,"u":"40,00 €/KG","img":"https://fd14-photos.leclercdrive.fr/image.ashx?id=2593014&use=l&cat=p&typeid=i","cat":304252},{"id":214723,"n":"Biscuit bébé Kiddylicious  Wafers fraise dès 6 mois 4x2p","p":1.45,"u":"90,63 €/KG","img":"https://fd14-photos.leclercdrive.fr/image.ashx?id=2929152&use=l&cat=p&typeid=i","cat":312394},{"id":214724,"n":"Biscuit bébé Kiddylicious Wafers Banane dès 6 mois (4x2p)","p":1.4,"u":"87,50 €/KG","img":"https://fd14-photos.leclercdrive.fr/image.ashx?id=2929149&use=l&cat=p&typeid=i","cat":312394},{"id":214725,"n":"Biscuits bébé Kiddylicious  Soft Biscotti Pomme 6x2p","p":2.55,"u":"21,25 €/KG","img":"https://fd14-photos.leclercdrive.fr/image.ashx?id=2929146&use=l&cat=p&typeid=i","cat":312394},{"id":214726,"n":"Biscuits bébé Kiddylicious  Saveur Fromage dès 9mois 4x12g","p":2.85,"u":"59,38 €/KG","img":"https://fd14-photos.leclercdrive.fr/image.ashx?id=2929143&use=l&cat=p&typeid=i","cat":312394},{"id":214727,"n":"Biscuits tendres Kiddylicious Fourrés fraise - 132g","p":2.65,"u":"20,08 €/KG","img":"https://fd14-photos.leclercdrive.fr/image.ashx?id=2929137&use=l&cat=p&typeid=i","cat":312394},{"id":214728,"n":"Biscuits bébé Kiddylicious Saveur légumes dès 9 mois 4x12g","p":2.95,"u":"61,46 €/KG","img":"https://fd14-photos.leclercdrive.fr/image.ashx?id=2929140&use=l&cat=p&typeid=i","cat":312394},{"id":214752,"n":"Lait bébé 2A NIDAL 2  dès 6 mois - 2x600g","p":14.75,"u":"21,07 €/KG","img":"https://fd14-photos.leclercdrive.fr/image.ashx?id=2855786&use=l&cat=p&typeid=i","cat":284727},{"id":214755,"n":"Lait fermenté Kéfir Lactel  Lactel - 495ml","p":1.65,"u":"3,33 €/L","img":"https://fd14-photos.leclercdrive.fr/image.ashx?id=2857039&use=l&cat=p&typeid=i","cat":285609},{"id":214756,"n":"Feuilleté de Mousse La Laitière Menthe - 4x57g","p":1.64,"u":"7,19 €/KG","img":"https://fd14-photos.leclercdrive.fr/image.ashx?id=3007960&use=l&cat=p&typeid=i","cat":284417},{"id":214800,"n":"Croquettes petit chien   Pedigree au bœuf - 2kg","p":7.35,"u":"3,68 €/KG","img":"https://fd14-photos.leclercdrive.fr/image.ashx?id=2876995&use=l&cat=p&typeid=i","cat":294526},{"id":214801,"n":"Croquettes petit chien   Pedigree à la volaille - 2kg","p":7.4,"u":"3,70 €/KG","img":"https://fd14-photos.leclercdrive.fr/image.ashx?id=2832323&use=l&cat=p&typeid=i","cat":294526},{"id":214809,"n":"Capsule Nescafé Dolce Gusto Neo  Lungo - x12","p":4.25,"pp":2.8,"u":"40,58 €/KG","img":"https://fd14-photos.leclercdrive.fr/image.ashx?id=2775041&use=l&cat=p&typeid=i","cat":293241},{"id":214810,"n":"Capsule Nescafé Dolce Gusto Neo  Grande - x12","p":4.35,"pp":2.87,"u":"34,17 €/KG","img":"https://fd14-photos.leclercdrive.fr/image.ashx?id=2947225&use=l&cat=p&typeid=i","cat":293241},{"id":214903,"n":"Colle ni clous ni vis Pattex Extra forte et rapide - 260g","p":6.99,"u":"26,88 €/KG","img":"https://fd14-photos.leclercdrive.fr/image.ashx?id=2664431&use=l&cat=p&typeid=i","cat":300576},{"id":215016,"n":"Croutons nature Tipiak 220g","p":3.17,"u":"14,41 €/KG","img":"https://fd14-photos.leclercdrive.fr/image.ashx?id=2842061&use=l&cat=p&typeid=i","cat":284464},{"id":215035,"n":"Jambon Le Braisé fleury Michon  Doré Sans nitrite x4 - 140g","p":2.85,"u":"20,36 €/KG","img":"https://fd14-photos.leclercdrive.fr/image.ashx?id=2923939&use=l&cat=p&typeid=i","cat":316009},{"id":215041,"n":"Lasagnes à la Bolognaise  Fleury Michon - 300g","p":3.6,"u":"12,00 €/KG","img":"https://fd14-photos.leclercdrive.fr/image.ashx?id=3003242&use=l&cat=p&typeid=i","cat":333665},{"id":215056,"n":"Recharge Lessive liquide  Rainett - Bicarbonate 1.6L","p":6.4,"u":"4,00 €/L","img":"https://fd14-photos.leclercdrive.fr/image.ashx?id=2940291&use=l&cat=p&typeid=i","cat":284640},{"id":215117,"n":"Clémentine à feuilles  1kg","p":4.99,"u":"4,99 €/KG","img":"https://fd14-photos.leclercdrive.fr/image.ashx?id=1629124&use=l&cat=p&typeid=i","cat":284356},{"id":215153,"n":"Cuisses de poulet Maître Coq 1.4kg","p":5.05,"u":"3,61 €/KG","img":"https://fd14-photos.leclercdrive.fr/image.ashx?id=2597408&use=l&cat=p&typeid=i","cat":319780},{"id":215174,"n":"Lasagnes Côté Table Chèvre épinards - 350g","p":2.99,"u":"8,54 €/KG","img":"https://fd14-photos.leclercdrive.fr/image.ashx?id=2596790&use=l&cat=p&typeid=i","cat":333665},{"id":215180,"n":"Filet de Haddock du Nord Nos Régions ont du Talent -140g","p":5.1,"u":"36,43 €/KG","img":"https://fd14-photos.leclercdrive.fr/image.ashx?id=2834338&use=l&cat=p&typeid=i","cat":285188},{"id":215207,"n":"Dentifrice Oral-B 3D White Advanced Luxe perfection - 75ml","p":4.65,"u":"62,00 €/L","img":"https://fd14-photos.leclercdrive.fr/image.ashx?id=2737543&use=l&cat=p&typeid=i","cat":284612},{"id":215213,"n":"Sérum visage repulpant Garnier Acide Hyaluronique & Aloe Vera","p":7.77,"u":"259,00 €/L","img":"https://fd14-photos.leclercdrive.fr/image.ashx?id=2979911&use=l&cat=p&typeid=i","cat":325345},{"id":215214,"n":"Brossettes Oral-B Pro Sensitive clean - x2","p":12.9,"u":"6,45 €/PRT","img":"https://fd14-photos.leclercdrive.fr/image.ashx?id=2909254&use=l&cat=p&typeid=i","cat":297133},{"id":215215,"n":"Rasoir électrique Wilkinson Intuition Bikini - x1","p":14.98,"u":"Dont 0,10 € d'éco-part.","img":"https://fd14-photos.leclercdrive.fr/image.ashx?id=2597531&use=l&cat=p&typeid=i","cat":325352},{"id":215216,"n":"Lames rasoir Wilkinson Intuition - 2 en 1 - 3 lames","p":10.15,"u":"3,38 €/P","img":"https://fd14-photos.leclercdrive.fr/image.ashx?id=2849427&use=l&cat=p&typeid=i","cat":325352},{"id":215231,"n":"Petites gambas Fleury Ichon À la persillade - 280g","p":3.85,"u":"13,75 €/KG","img":"https://fd14-photos.leclercdrive.fr/image.ashx?id=2889499&use=l&cat=p&typeid=i","cat":333665},{"id":215286,"n":"Eau micellaire Nivea Démaquillante - 100ml","p":1.8,"u":"18,00 €/L","img":"https://fd14-photos.leclercdrive.fr/image.ashx?id=2609683&use=l&cat=p&typeid=i","cat":284603},{"id":215292,"n":"Soin contour des yeux Nivea Fermeté - Q10 power - 50ml","p":8.8,"u":"176,00 €/L","img":"https://fd14-photos.leclercdrive.fr/image.ashx?id=2597510&use=l&cat=p&typeid=i","cat":325345},{"id":215294,"n":"Gel nettoyant Nivea Fraîcheur - 150ml","p":4.35,"u":"29,00 €/L","img":"https://fd14-photos.leclercdrive.fr/image.ashx?id=2597513&use=l&cat=p&typeid=i","cat":284603},{"id":215307,"n":"Eau micellaire Expert Nivea  Démaquillant - 400ml","p":4.02,"u":"10,05 €/L","img":"https://fd14-photos.leclercdrive.fr/image.ashx?id=2597528&use=l&cat=p&typeid=i","cat":284603},{"id":215311,"n":"P'tit biscuit Nestlé 180g","p":1.95,"u":"10,83 €/KG","img":"https://fd14-photos.leclercdrive.fr/image.ashx?id=2737225&use=l&cat=p&typeid=i","cat":312227},{"id":215319,"n":"Lotion tonique visage Nivea Lotus sacré - 200ml","p":3.99,"u":"19,95 €/L","img":"https://fd14-photos.leclercdrive.fr/image.ashx?id=2597813&use=l&cat=p&typeid=i","cat":284603},{"id":215353,"n":"Lingettes démaquillantes Nivea Visage et yeux - x20","p":2.4,"u":"0,12 €/P","img":"https://fd14-photos.leclercdrive.fr/image.ashx?id=2652700&use=l&cat=p&typeid=i","cat":284603},{"id":215377,"n":"Fromage Persillée Bresse Bleu Le véritable - 200g","p":2.75,"u":"13,75 €/KG","img":"https://fd14-photos.leclercdrive.fr/image.ashx?id=2927486&use=l&cat=p&typeid=i","cat":314032},{"id":215379,"n":"Sérum Visage Anti-âge Nivea Anti-taches Luminous - 30ml","p":17.71,"u":"590,33 €/L","img":"https://fd14-photos.leclercdrive.fr/image.ashx?id=2985492&use=l&cat=p&typeid=i","cat":325345},{"id":215502,"n":"Casier chocolat liqueur Abtey Rhum arrangé x12 - 155g","p":6.6,"u":"42,58 €/KG","img":"https://fd14-photos.leclercdrive.fr/image.ashx?id=2599586&use=l&cat=p&typeid=i","cat":327601},{"id":215581,"n":"Bouchées chocolats mon chéri  x30 - 315g","p":8.29,"u":"26,32 €/KG","img":"https://fd14-photos.leclercdrive.fr/image.ashx?id=2952923&use=l&cat=p&typeid=i","cat":327601},{"id":215585,"n":"Moulage Kinder Surprise  Modèles divers - 75g","p":3.45,"u":"46,00 €/KG","img":"https://fd14-photos.leclercdrive.fr/image.ashx?id=2599381&use=l&cat=p&typeid=i","cat":327592},{"id":215586,"n":"Moulage chocolat Kinder 110g","p":3.65,"u":"33,18 €/KG","img":"https://fd14-photos.leclercdrive.fr/image.ashx?id=2764155&use=l&cat=p&typeid=i","cat":327592},{"id":215599,"n":"Chocolat Ferrero collection Boite de 15 pièces - 172g","p":7.55,"u":"43,90 €/KG","img":"https://fd14-photos.leclercdrive.fr/image.ashx?id=2871178&use=l&cat=p&typeid=i","cat":327595},{"id":215600,"n":"Boîte Ferrero collection  42 pièces - 431g","p":16.35,"u":"37,94 €/KG","img":"https://fd14-photos.leclercdrive.fr/image.ashx?id=2899752&use=l&cat=p&typeid=i","cat":327595},{"id":215602,"n":"Schoko-bons white Kinder ballotin 380g","p":8.95,"u":"23,55 €/KG","img":"https://fd14-photos.leclercdrive.fr/image.ashx?id=2917061&use=l&cat=p&typeid=i","cat":327592},{"id":215644,"n":"Coffret cadeau carré or Hamlet Chocolats belges 250g","p":11.95,"pp":8.96,"u":"35,84 €/KG","img":"https://fd14-photos.leclercdrive.fr/image.ashx?id=2882062&use=l&cat=p&typeid=i","cat":327595},{"id":215716,"n":"Père Noël blanc Milka 90g","p":3.69,"u":"41,00 €/KG","img":"https://fd14-photos.leclercdrive.fr/image.ashx?id=2599946&use=l&cat=p&typeid=i","cat":327592},{"id":215719,"n":"Mini délices oreo & cacao Milka 320g","p":9.75,"u":"30,47 €/KG","img":"https://fd14-photos.leclercdrive.fr/image.ashx?id=2599952&use=l&cat=p&typeid=i","cat":327597},{"id":215720,"n":"Mini délices Milka Cacao - 320g","p":9.75,"u":"30,47 €/KG","img":"https://fd14-photos.leclercdrive.fr/image.ashx?id=2916447&use=l&cat=p&typeid=i","cat":327597},{"id":215740,"n":"Crunch Chocolat Noël Mini Figurines - 144g","p":5.45,"u":"37,85 €/KG","img":"https://fd14-photos.leclercdrive.fr/image.ashx?id=2763987&use=l&cat=p&typeid=i","cat":327592},{"id":215749,"n":"Authentique Revillon Noir et  Lait- 360g","p":9.0,"u":"25,00 €/KG","img":"https://fd14-photos.leclercdrive.fr/image.ashx?id=2618399&use=l&cat=p&typeid=i","cat":327597},{"id":215910,"n":"Bain de bouche Expert Dentamyl Blanche - 500ml","p":1.97,"u":"3,94 €/L","img":"https://fd14-photos.leclercdrive.fr/image.ashx?id=2600627&use=l&cat=p&typeid=i","cat":284613},{"id":215919,"n":"AIRWICK Recharge Freshmatic  Purefresh Jasmin - 250ml","p":3.35,"u":"13,40 €/L","img":"https://fd14-photos.leclercdrive.fr/image.ashx?id=2601893&use=l&cat=p&typeid=i","cat":311629},{"id":215972,"n":"Jambon fumé grill Petitgas A poêler 8 tranches - 800g","p":9.9,"u":"12,38 €/KG","img":"https://fd14-photos.leclercdrive.fr/image.ashx?id=2601536&use=l&cat=p&typeid=i","cat":316009},{"id":216007,"n":"Petits pots bébé P'TIT SOUPER Quinotto carottes 8M+ - 2x200g","p":2.05,"u":"5,13 €/KG","img":"https://fd14-photos.leclercdrive.fr/image.ashx?id=2737762&use=l&cat=p&typeid=i","cat":312239},{"id":216018,"n":"Desserts Lactés P'TIT BRASSE BIO Vanille  6M+ - 4X90g","p":2.15,"u":"5,97 €/KG","img":"https://fd14-photos.leclercdrive.fr/image.ashx?id=2601208&use=l&cat=p&typeid=i","cat":312392},{"id":216021,"n":"Desserts Lactés P'TIT ONCTUEUX  Mini Fraise 6M+ - 6x50g","p":2.26,"u":"7,53 €/KG","img":"https://fd14-photos.leclercdrive.fr/image.ashx?id=2601881&use=l&cat=p&typeid=i","cat":312392},{"id":216094,"n":"Lait bébé en poudre Blédilait croissance 1-3 ans 1,2kg","p":13.67,"u":"11,39 €/KG","img":"https://fd14-photos.leclercdrive.fr/image.ashx?id=2608157&use=l&cat=p&typeid=i","cat":290219},{"id":216096,"n":"Chips Tortilla Doritos Goût Nature Sel - 160g","p":1.95,"u":"12,19 €/KG","img":"https://fd14-photos.leclercdrive.fr/image.ashx?id=2880715&use=l&cat=p&typeid=i","cat":287899},{"id":216098,"n":"Chips Tortilla Doritos Goût sweet chili - 160g","p":1.95,"u":"12,19 €/KG","img":"https://fd14-photos.leclercdrive.fr/image.ashx?id=2990475&use=l&cat=p&typeid=i","cat":287899},{"id":216105,"n":"Pané raclette Grand Fermage x4 - 100g","p":2.3,"u":"23,00 €/KG","img":"https://fd14-photos.leclercdrive.fr/image.ashx?id=2603402&use=l&cat=p&typeid=i","cat":314037},{"id":216112,"n":"Yaourt Fruits Panier de Yoplait Fraise Framboise - 4x125g","p":1.75,"u":"3,50 €/KG","img":"https://fd14-photos.leclercdrive.fr/image.ashx?id=2884471&use=l&cat=p&typeid=i","cat":284410},{"id":216113,"n":"Yaourt Fruits Panier de Yoplait Mûre Myrtille - 4x125g","p":1.75,"u":"3,50 €/KG","img":"https://fd14-photos.leclercdrive.fr/image.ashx?id=2884480&use=l&cat=p&typeid=i","cat":284410},{"id":216114,"n":"Yaourt Fruits Panier de Yoplait Abricot Nectarine - 4x125g","p":1.75,"u":"3,50 €/KG","img":"https://fd14-photos.leclercdrive.fr/image.ashx?id=2884474&use=l&cat=p&typeid=i","cat":284410},{"id":216115,"n":"Yaourt Fruits Panier de Yoplait Cerise - 4x125g","p":1.75,"u":"3,80 €/P","img":"https://fd14-photos.leclercdrive.fr/image.ashx?id=2884483&use=l&cat=p&typeid=i","cat":284410},{"id":216123,"n":"Yaourt Fruits Panier de Yoplait Panaché - 16x125g","p":4.5,"u":"2,25 €/KG","img":"https://fd14-photos.leclercdrive.fr/image.ashx?id=2884489&use=l&cat=p&typeid=i","cat":284410},{"id":216125,"n":"Yaourt Panier de Yoplait Fruits Jaunes 0%Mg - 8x125g","p":2.7,"img":"https://fd14-photos.leclercdrive.fr/image.ashx?id=2733760&use=l&cat=p&typeid=i","cat":284410},{"id":216126,"n":"Yaourt Panier de Yoplait Fruits Rouges 0%Mg - 8x125g","p":2.7,"u":"2,70 €/KG","img":"https://fd14-photos.leclercdrive.fr/image.ashx?id=2830399&use=l&cat=p&typeid=i","cat":284410},{"id":216128,"n":"Yaourt Fruits Panier de Yoplait Panaché 0%Mg - 16x125g","p":4.35,"u":"2,18 €/KG","img":"https://fd14-photos.leclercdrive.fr/image.ashx?id=2884495&use=l&cat=p&typeid=i","cat":284410},{"id":216295,"n":"Raclette nature Eco+ 400g","p":3.37,"u":"8,43 €/KG","img":"https://fd14-photos.leclercdrive.fr/image.ashx?id=2611852&use=l&cat=p&typeid=i","cat":314037},{"id":216325,"n":"Gel douche Adidas Active Skin & Mind - Energy Kick - 250ml","p":2.65,"u":"10,60 €/L","img":"https://fd14-photos.leclercdrive.fr/image.ashx?id=2990784&use=l&cat=p&typeid=i","cat":284619},{"id":216382,"n":"Desserts Lactés P'TIT ONCTUEUX Mini Abricot 6M+ - 6x50g","p":2.4,"u":"8,00 €/KG","img":"https://fd14-photos.leclercdrive.fr/image.ashx?id=2606451&use=l&cat=p&typeid=i","cat":312392},{"id":216385,"n":"Desserts Lactés P'TIT ONCTUEUX Poire 6M+ - 6x50g","p":2.17,"u":"14,47 €/KG","img":"https://fd14-photos.leclercdrive.fr/image.ashx?id=2606448&use=l&cat=p&typeid=i","cat":312392},{"id":216463,"n":"Lingettes désinfectantes St  Marc Anti-Bactériennes - x80","p":2.3,"u":"0,03 €/P","img":"https://fd14-photos.leclercdrive.fr/image.ashx?id=2811341&use=l&cat=p&typeid=i","cat":325358},{"id":216480,"n":"Infusion La Tisanière  Bio fruits rouges  Hibiscus 32g","p":2.7,"u":"84,38 €/KG","img":"https://fd14-photos.leclercdrive.fr/image.ashx?id=2606903&use=l&cat=p&typeid=i","cat":293234},{"id":216519,"n":"Skyr Siggi's  Stracciatella - 2x140g","p":2.0,"u":"7,14 €/KG","img":"https://fd14-photos.leclercdrive.fr/image.ashx?id=2606885&use=l&cat=p&typeid=i","cat":315000},{"id":216521,"n":"Yaourt à la grecque YAOS  Nature - 850g","p":2.9,"u":"3,41 €/KG","img":"https://fd14-photos.leclercdrive.fr/image.ashx?id=2729776&use=l&cat=p&typeid=i","cat":314999},{"id":216563,"n":"Chocolat Révillon Caramel et Nougatine d'Exception - 340g","p":10.5,"u":"30,88 €/KG","img":"https://fd14-photos.leclercdrive.fr/image.ashx?id=2608728&use=l&cat=p&typeid=i","cat":327597},{"id":216597,"n":"Pâte à tartiner Andros be nuts Cacahuète crémeux - 325g","p":3.15,"u":"9,69 €/KG","img":"https://fd14-photos.leclercdrive.fr/image.ashx?id=2916201&use=l&cat=p&typeid=i","cat":284481},{"id":216602,"n":"Confit de manchons de canard Maison Montfort - 400g","p":5.0,"u":"12,50 €/KG","img":"https://fd14-photos.leclercdrive.fr/image.ashx?id=2859239&use=l&cat=p&typeid=i","cat":284339},{"id":216741,"n":"Sauce tomate Gusti Amo Bio tomate basilic  - 350g","p":3.1,"u":"8,86 €/KG","img":"https://fd14-photos.leclercdrive.fr/image.ashx?id=2608872&use=l&cat=p&typeid=i","cat":288384},{"id":216746,"n":"Sauce tomate Gusti Amo Bio ricotta - 350g","p":3.2,"u":"9,14 €/KG","img":"https://fd14-photos.leclercdrive.fr/image.ashx?id=2608869&use=l&cat=p&typeid=i","cat":288384},{"id":216749,"n":"Sauce pesto Gusti Amo Bio Pesto verde - 130g","p":2.89,"u":"22,23 €/KG","img":"https://fd14-photos.leclercdrive.fr/image.ashx?id=2608875&use=l&cat=p&typeid=i","cat":299047},{"id":216772,"n":"Desserts Lactés P'TIT ONCTUEUX Pomme 6M+ - 4x90g","p":2.25,"u":"6,25 €/KG","img":"https://fd14-photos.leclercdrive.fr/image.ashx?id=2737765&use=l&cat=p&typeid=i","cat":312392},{"id":216798,"n":"Pizza del gusto Mix Montagnarde - 380g","p":5.85,"u":"15,39 €/KG","img":"https://fd14-photos.leclercdrive.fr/image.ashx?id=2609917&use=l&cat=p&typeid=i","cat":333679},{"id":217003,"n":"Céréales coco pops Kellogg's Au chocolat - 550g","p":3.7,"u":"6,73 €/KG","img":"https://fd14-photos.leclercdrive.fr/image.ashx?id=2611080&use=l&cat=p&typeid=i","cat":309513},{"id":217197,"n":"Corbeille Offrandes Gourmandes La Planche - 676g","p":36.54,"u":"54,05 €/KG","img":"https://fd14-photos.leclercdrive.fr/image.ashx?id=2897165&use=l&cat=p&typeid=i","cat":305148},{"id":217470,"n":"Parmentier de canard confit Fleury Michon - 300g","p":4.1,"u":"13,67 €/KG","img":"https://fd14-photos.leclercdrive.fr/image.ashx?id=3003257&use=l&cat=p&typeid=i","cat":333665},{"id":217541,"n":"Papillotes Revillon Noir 70% Pralinés d'exception - 340g","p":11.9,"u":"35,00 €/KG","img":"https://fd14-photos.leclercdrive.fr/image.ashx?id=2614014&use=l&cat=p&typeid=i","cat":327597},{"id":217543,"n":"Papillotes Revillon Lait Pralinés d'exception - 340g","p":10.5,"u":"30,88 €/KG","img":"https://fd14-photos.leclercdrive.fr/image.ashx?id=2614011&use=l&cat=p&typeid=i","cat":327597},{"id":217618,"n":"Velouté bio Jardin Bio Potiron patate douce 1L","p":3.05,"u":"3,05 €/L","img":"https://fd14-photos.leclercdrive.fr/image.ashx?id=2615077&use=l&cat=p&typeid=i","cat":284462},{"id":217721,"n":"Déodorant spray Dove Invisible Dry - 2x100ml","p":6.9,"u":"34,50 €/L","img":"https://fd14-photos.leclercdrive.fr/image.ashx?id=2903875&use=l&cat=p&typeid=i","cat":284595},{"id":217904,"n":"Desserts Lactés P'TIT ONCTUEUX Nature sucre canne 6M+ - 6x50g","p":2.17,"u":"7,23 €/KG","img":"https://fd14-photos.leclercdrive.fr/image.ashx?id=2615777&use=l&cat=p&typeid=i","cat":312392},{"id":217905,"n":"Petits pots bébé P'TITE RECETTE BIO Carottes bœuf 12M+ - 2x190g","p":3.1,"u":"8,16 €/KG","img":"https://fd14-photos.leclercdrive.fr/image.ashx?id=2615774&use=l&cat=p&typeid=i","cat":312237},{"id":217934,"n":"Gel douche Adidas Active Skin & Mind - Cool Down - 250ml","p":2.55,"u":"10,20 €/L","img":"https://fd14-photos.leclercdrive.fr/image.ashx?id=2990775&use=l&cat=p&typeid=i","cat":284619},{"id":217946,"n":"Détachant textile Texil Multi-usage - 500g","p":2.8,"u":"5,60 €/KG","img":"https://fd14-photos.leclercdrive.fr/image.ashx?id=2988132&use=l&cat=p&typeid=i","cat":284651},{"id":217948,"n":"Rasoir Wilkinson Quattro Essential sensitive  4 - x1","p":8.8,"img":"https://fd14-photos.leclercdrive.fr/image.ashx?id=2616216&use=l&cat=p&typeid=i","cat":284616},{"id":217982,"n":"Dentifrice Integral 8 Signal Complet Effet Prébiotique 75ml","p":1.82,"u":"24,27 €/L","img":"https://fd14-photos.leclercdrive.fr/image.ashx?id=2974665&use=l&cat=p&typeid=i","cat":284612},{"id":217983,"n":"Salade & Cie Sodebo Poulet pané sauce caesar - 320g","p":4.2,"u":"13,13 €/KG","img":"https://fd14-photos.leclercdrive.fr/image.ashx?id=2748320&use=l&cat=p&typeid=i","cat":333657},{"id":217987,"n":"Dentifrice Signal Integral 8 Prébiotique complet - 100ml","p":2.9,"u":"29,00 €/L","img":"https://fd14-photos.leclercdrive.fr/image.ashx?id=2738668&use=l&cat=p&typeid=i","cat":284612},{"id":217989,"n":"Dentifrice Integral 8 Signal HaleineFraîche Prébiotique 75ml","p":2.25,"u":"30,00 €/L","img":"https://fd14-photos.leclercdrive.fr/image.ashx?id=2985660&use=l&cat=p&typeid=i","cat":284612},{"id":217991,"n":"Dentifrice Signal Integral 8 Nettoyage intense - 75ml","p":2.3,"u":"30,67 €/L","img":"https://fd14-photos.leclercdrive.fr/image.ashx?id=2818190&use=l&cat=p&typeid=i","cat":284612},{"id":217993,"n":"Dentifrice Integral 8 Signal Blancheur Prébiotique 75ml","p":1.81,"u":"24,13 €/L","img":"https://fd14-photos.leclercdrive.fr/image.ashx?id=2974668&use=l&cat=p&typeid=i","cat":284612},{"id":218000,"n":"Dentifrice Signal Système Blancheur 1 semaine - 75ml","p":1.75,"u":"23,33 €/L","img":"https://fd14-photos.leclercdrive.fr/image.ashx?id=2777516&use=l&cat=p&typeid=i","cat":284612},{"id":218001,"n":"Dentifrice Signal Système Blancheur - Charbon - 75ml","p":2.3,"u":"30,67 €/L","img":"https://fd14-photos.leclercdrive.fr/image.ashx?id=2981421&use=l&cat=p&typeid=i","cat":284612},{"id":218003,"n":"Brosse à dents Signal Integral  8 - Noir - Souple - x1","p":2.3,"img":"https://fd14-photos.leclercdrive.fr/image.ashx?id=2748707&use=l&cat=p&typeid=i","cat":284614},{"id":218047,"n":"Foie gras de canard du Périgord Nos Régions ont du Talent 500g","p":31.67,"u":"63,34 €/KG","img":"https://fd14-photos.leclercdrive.fr/image.ashx?id=2753547&use=l&cat=p&typeid=i","cat":321330},{"id":218100,"n":"Lait bébé 1A NIDAL 1  dès la Naissance - 2x600g","p":17.25,"u":"14,38 €/KG","img":"https://fd14-photos.leclercdrive.fr/image.ashx?id=2855783&use=l&cat=p&typeid=i","cat":284726},{"id":218108,"n":"Chocolats liqueurs Abtey Collection chardons - x20  280g","p":9.25,"u":"33,04 €/KG","img":"https://fd14-photos.leclercdrive.fr/image.ashx?id=2616559&use=l&cat=p&typeid=i","cat":327601},{"id":218164,"n":"Oeuf Kinder surprise Géant Pokemon - 220g","p":13.4,"u":"60,91 €/KG","img":"https://fd14-photos.leclercdrive.fr/image.ashx?id=2994563&use=l&cat=p&typeid=i","cat":284958},{"id":218289,"n":"Crème dessert Ker Ronan Café des Indes - 4x105g","p":2.3,"u":"5,48 €/KG","img":"https://fd14-photos.leclercdrive.fr/image.ashx?id=2618068&use=l&cat=p&typeid=i","cat":285041},{"id":218290,"n":"Riz au lait Ker Ronan 4x105g","p":2.2,"u":"5,24 €/KG","img":"https://fd14-photos.leclercdrive.fr/image.ashx?id=2618071&use=l&cat=p&typeid=i","cat":284418},{"id":218332,"n":"Pizza feu de bois Turini Montagnarde - 450g","p":3.18,"u":"7,07 €/KG","img":"https://fd14-photos.leclercdrive.fr/image.ashx?id=2816621&use=l&cat=p&typeid=i","cat":284256},{"id":218333,"n":"Yakitori poulet Ajinomoto Sauce Teriaki - 200g","p":4.95,"u":"24,75 €/KG","img":"https://fd14-photos.leclercdrive.fr/image.ashx?id=2692596&use=l&cat=p&typeid=i","cat":319774},{"id":218372,"n":"Foie gras de canard La Cancane 200g","p":10.95,"u":"54,75 €/KG","img":"https://fd14-photos.leclercdrive.fr/image.ashx?id=2623711&use=l&cat=p&typeid=i","cat":316008},{"id":218386,"n":"Steak haché 15% Bigard 100% Pur boeuf x2 - 250g","p":4.5,"u":"18,00 €/KG","img":"https://fd14-photos.leclercdrive.fr/image.ashx?id=2619002&use=l&cat=p&typeid=i","cat":284332},{"id":218428,"n":"Bûche glacée Nestlé Fruits rouges meringue - 540g","p":6.8,"u":"12,59 €/KG","img":"https://fd14-photos.leclercdrive.fr/image.ashx?id=2936710&use=l&cat=p&typeid=i","cat":284266},{"id":218435,"n":"Tiramisu Saporit  500g","p":6.95,"u":"13,90 €/KG","img":"https://fd14-photos.leclercdrive.fr/image.ashx?id=2619157&use=l&cat=p&typeid=i","cat":284266},{"id":218489,"n":"Foie gras de canard entier Jean Larnaudie - 160g","p":23.5,"u":"146,88 €/KG","img":"https://fd14-photos.leclercdrive.fr/image.ashx?id=2918634&use=l&cat=p&typeid=i","cat":316008},{"id":218492,"n":"Brisures de saumon fumé Eco+ 150g","p":3.06,"u":"20,40 €/KG","img":"https://fd14-photos.leclercdrive.fr/image.ashx?id=3005528&use=l&cat=p&typeid=i","cat":285188},{"id":218504,"n":"Maxi bacon burger Côté Snack 195g","p":2.79,"u":"14,31 €/KG","img":"https://fd14-photos.leclercdrive.fr/image.ashx?id=2675777&use=l&cat=p&typeid=i","cat":333671},{"id":218505,"n":"Bouchées vapeur Tables du Monde 320g","p":4.99,"u":"15,59 €/KG","img":"https://fd14-photos.leclercdrive.fr/image.ashx?id=2618381&use=l&cat=p&typeid=i","cat":316003},{"id":218518,"n":"Oeuf Kinder surprise Géant Frozen - 220g","p":13.4,"u":"60,91 €/KG","img":"https://fd14-photos.leclercdrive.fr/image.ashx?id=2764329&use=l&cat=p&typeid=i","cat":284958},{"id":218560,"n":"Tortillas Old El Paso de blé  nature familial x12 - 489g","p":3.65,"u":"0,30 €/P","img":"https://fd14-photos.leclercdrive.fr/image.ashx?id=2737669&use=l&cat=p&typeid=i","cat":288993},{"id":218563,"n":"Sauce Tomates Cuisinées Panzani - 650G","p":2.25,"u":"3,46 €/KG","img":"https://fd14-photos.leclercdrive.fr/image.ashx?id=2977936&use=l&cat=p&typeid=i","cat":287599},{"id":218593,"n":"Lamelle de poulet kebab Dostlar - 1kg","p":14.2,"u":"14,20 €/KG","img":"https://fd14-photos.leclercdrive.fr/image.ashx?id=2629503&use=l&cat=p&typeid=i","cat":null},{"id":218606,"n":"Maxi œuf surprise Kinder Père Noel & oiseau 100g","p":6.35,"u":"63,50 €/KG","img":"https://fd14-photos.leclercdrive.fr/image.ashx?id=2621717&use=l&cat=p&typeid=i","cat":327592},{"id":218864,"n":"Essuie-Tout ultra-clean Kleenex 6 rouleaux = 9","p":9.86,"img":"https://fd14-photos.leclercdrive.fr/image.ashx?id=2742237&use=l&cat=p&typeid=i","cat":284635},{"id":218928,"n":"Bûche glacée Terres Bleues Vanille fruits exotiques - 470g","p":10.9,"u":"23,19 €/KG","img":"https://fd14-photos.leclercdrive.fr/image.ashx?id=2795366&use=l&cat=p&typeid=i","cat":284266},{"id":218929,"n":"Gâteau glacé Terres Bleues Le noisette chocolat - 530g","p":10.9,"u":"20,57 €/KG","img":"https://fd14-photos.leclercdrive.fr/image.ashx?id=2656823&use=l&cat=p&typeid=i","cat":284266},{"id":219069,"n":"Sauce Pesto Barilla Alla Calabrese - 190g","p":2.28,"u":"12,00 €/KG","img":"https://fd14-photos.leclercdrive.fr/image.ashx?id=2624751&use=l&cat=p&typeid=i","cat":287599},{"id":219412,"n":"Dentifrice Signal  Blancheur Bicarbonate - 75ml","p":2.25,"u":"30,00 €/L","img":"https://fd14-photos.leclercdrive.fr/image.ashx?id=2834119&use=l&cat=p&typeid=i","cat":284612},{"id":219722,"n":"Bloc de foie gras de canard Pierre de Chaumeyrac - 300g","p":16.9,"u":"56,33 €/KG","img":"https://fd14-photos.leclercdrive.fr/image.ashx?id=2804341&use=l&cat=p&typeid=i","cat":316008},{"id":219786,"n":"Pruneaux d'Agen IGP Nos Régions ont du Talent 375g","p":3.05,"u":"8,13 €/KG","img":"https://fd14-photos.leclercdrive.fr/image.ashx?id=2627398&use=l&cat=p&typeid=i","cat":284357},{"id":220191,"n":"Noix de Saint Jacques sauvages Sans corail - 40/80 - 200g","p":4.5,"u":"22,50 €/KG","img":"https://fd14-photos.leclercdrive.fr/image.ashx?id=2634109&use=l&cat=p&typeid=i","cat":319787},{"id":220226,"n":"Décoloration Cheveux 100% ultra blond - 255g","p":8.5,"u":"33,33 €/KG","img":"https://fd14-photos.leclercdrive.fr/image.ashx?id=2636386&use=l&cat=p&typeid=i","cat":288899},{"id":220245,"n":"Croquettes chien  Pedigree à la volaille - 7kg","p":18.95,"u":"2,71 €/KG","img":"https://fd14-photos.leclercdrive.fr/image.ashx?id=2813495&use=l&cat=p&typeid=i","cat":284672},{"id":220331,"n":"Foie gras de canard entier Jean Larnaudie - 160g","p":14.99,"u":"93,69 €/KG","img":"https://fd14-photos.leclercdrive.fr/image.ashx?id=2633917&use=l&cat=p&typeid=i","cat":305148},{"id":220348,"n":"Foie gras de canard entier  Jean Larnaudie - 160g","p":14.99,"u":"93,69 €/KG","img":"https://fd14-photos.leclercdrive.fr/image.ashx?id=2633923&use=l&cat=p&typeid=i","cat":305148},{"id":220547,"n":"Raisin blanc sans pépins Panier du Primeur - 500g","p":3.99,"u":"7,98 €/KG","img":"https://fd14-photos.leclercdrive.fr/image.ashx?id=2858132&use=l&cat=p&typeid=i","cat":284356},{"id":220689,"n":"Dentifrice Integral 8 Signal Interdentaire Prébiotique 75ml","p":2.15,"u":"28,67 €/L","img":"https://fd14-photos.leclercdrive.fr/image.ashx?id=2940654&use=l&cat=p&typeid=i","cat":284612},{"id":220710,"n":"Coulis de tomates bio Bio Village - 500g","p":0.94,"u":"1,88 €/KG","img":"https://fd14-photos.leclercdrive.fr/image.ashx?id=2635783&use=l&cat=p&typeid=i","cat":288384},{"id":220742,"n":"Savon Le Petit Marseillais  Recharge antibacterien - 250ml","p":1.4,"u":"5,60 €/L","img":"https://fd14-photos.leclercdrive.fr/image.ashx?id=2684230&use=l&cat=p&typeid=i","cat":284597},{"id":220788,"n":"Recharge crème lavante mains Le Petit Marseillais Lait 250ml","p":0.83,"u":"3,32 €/L","img":"https://fd14-photos.leclercdrive.fr/image.ashx?id=2735242&use=l&cat=p&typeid=i","cat":284597},{"id":220789,"n":"Coloration Permanente Olia 5.15 Chocolat Glacé","p":9.1,"img":"https://fd14-photos.leclercdrive.fr/image.ashx?id=2635961&use=l&cat=p&typeid=i","cat":288899},{"id":220791,"n":"Après-shampooing Garnier Cheveu coloré ou méché - 250ml","p":2.45,"u":"9,80 €/L","img":"https://fd14-photos.leclercdrive.fr/image.ashx?id=2828049&use=l&cat=p&typeid=i","cat":284607},{"id":220799,"n":"Rasoirs rechargeables Bic Hybrid Flex 5 - Hommes - x4","p":6.7,"u":"1,68 €/P","img":"https://fd14-photos.leclercdrive.fr/image.ashx?id=2636069&use=l&cat=p&typeid=i","cat":284616},{"id":220802,"n":"Rasoirs rechargeables Bic Click 3 Soleil - x4","p":3.65,"u":"0,91 €/P","img":"https://fd14-photos.leclercdrive.fr/image.ashx?id=2636072&use=l&cat=p&typeid=i","cat":325352},{"id":220821,"n":"Crème lavante mains Le Petit Marseillais - Amande - 250ml","p":0.87,"u":"3,48 €/L","img":"https://fd14-photos.leclercdrive.fr/image.ashx?id=2684209&use=l&cat=p&typeid=i","cat":284597},{"id":220822,"n":"Gel lavant mains Le Petit Marseillais Antibactérien 300ml","p":1.95,"u":"6,50 €/L","img":"https://fd14-photos.leclercdrive.fr/image.ashx?id=2684557&use=l&cat=p&typeid=i","cat":284597},{"id":220823,"n":"Gel lavant mains Le Petit Marseillais - Lavande - 300ml","p":1.67,"u":"5,57 €/L","img":"https://fd14-photos.leclercdrive.fr/image.ashx?id=2684221&use=l&cat=p&typeid=i","cat":284597},{"id":220824,"n":"Crème lavante mains Le Petit Marseillais - Lait - 300ml","p":1.8,"u":"6,00 €/L","img":"https://fd14-photos.leclercdrive.fr/image.ashx?id=2684224&use=l&cat=p&typeid=i","cat":284597},{"id":220826,"n":"Gel lavant mains Le Petit  Marseillais Le cuisinier 250ml","p":1.2,"u":"4,80 €/L","img":"https://fd14-photos.leclercdrive.fr/image.ashx?id=2684560&use=l&cat=p&typeid=i","cat":284597},{"id":221203,"n":"Jus multivitamines Andros 1,5L","p":3.8,"u":"2,53 €/L","img":"https://fd14-photos.leclercdrive.fr/image.ashx?id=2904269&use=l&cat=p&typeid=i","cat":284917},{"id":221208,"n":"Disques à démaquiller x120","p":0.44,"img":"https://fd14-photos.leclercdrive.fr/image.ashx?id=2640119&use=l&cat=p&typeid=i","cat":285593},{"id":221210,"n":"Dessert liégeois Andros Pomme fraise cassis - 400g","p":2.25,"u":"5,63 €/KG","img":"https://fd14-photos.leclercdrive.fr/image.ashx?id=2642663&use=l&cat=p&typeid=i","cat":285042},{"id":221279,"n":"Cerneaux de noix Eco+ 400g","p":4.38,"u":"10,95 €/KG","img":"https://fd14-photos.leclercdrive.fr/image.ashx?id=2768454&use=l&cat=p&typeid=i","cat":284357},{"id":221507,"n":"Infusion nuit tranquille  Elephant - x20 - 30g","p":1.45,"u":"48,33 €/KG","img":"https://fd14-photos.leclercdrive.fr/image.ashx?id=2655647&use=l&cat=p&typeid=i","cat":293234},{"id":221675,"n":"Emiettés de surimi piquant Gastromer - 150g","p":2.3,"u":"15,33 €/KG","img":"https://fd14-photos.leclercdrive.fr/image.ashx?id=2646879&use=l&cat=p&typeid=i","cat":285191},{"id":221709,"n":"Fèves pelées Magda  500g","p":2.9,"u":"5,80 €/KG","img":"https://fd14-photos.leclercdrive.fr/image.ashx?id=2646530&use=l&cat=p&typeid=i","cat":319805},{"id":221849,"n":"Dentifrice Tonigencyl Capital gencives  - 100ml","p":2.1,"u":"21,00 €/L","img":"https://fd14-photos.leclercdrive.fr/image.ashx?id=2647002&use=l&cat=p&typeid=i","cat":284612},{"id":221884,"n":"Haricots verts extra fins Bonduelle - 3 x 440g","p":5.82,"u":"4,41 €/KG","img":"https://fd14-photos.leclercdrive.fr/image.ashx?id=2856967&use=l&cat=p&typeid=i","cat":312606},{"id":221957,"n":"Après shampooing Nature Box Argan - 385ml","p":5.95,"u":"15,45 €/L","img":"https://fd14-photos.leclercdrive.fr/image.ashx?id=2647925&use=l&cat=p&typeid=i","cat":284607},{"id":222002,"n":"Nouilles Nature Udon Suzi Wan - 2x150g","p":2.8,"u":"9,33 €/KG","img":"https://fd14-photos.leclercdrive.fr/image.ashx?id=2990883&use=l&cat=p&typeid=i","cat":288992},{"id":222032,"n":"Rasoir hydro 5 Wilkinson Starter sensitive + 4 lames","p":13.6,"img":"https://fd14-photos.leclercdrive.fr/image.ashx?id=2736331&use=l&cat=p&typeid=i","cat":284616},{"id":222034,"n":"Rasoir Wilkinson Intuition complete + 1 lame","p":10.45,"img":"https://fd14-photos.leclercdrive.fr/image.ashx?id=2648304&use=l&cat=p&typeid=i","cat":325352},{"id":222052,"n":"Fruit de la passion 1p","p":1.1,"img":"https://fd14-photos.leclercdrive.fr/image.ashx?id=1633904&use=l&cat=p&typeid=i","cat":284356},{"id":222055,"n":"Citron  1p","p":0.83,"img":"https://fd14-photos.leclercdrive.fr/image.ashx?id=1628602&use=l&cat=p&typeid=i","cat":284356},{"id":222056,"n":"Citron vert  1p","p":0.5,"img":"https://fd14-photos.leclercdrive.fr/image.ashx?id=1628331&use=l&cat=p&typeid=i","cat":284356},{"id":222059,"n":"Oranges à déguster  1p","p":0.8,"img":"https://fd14-photos.leclercdrive.fr/image.ashx?id=1629690&use=l&cat=p&typeid=i","cat":284356},{"id":222061,"n":"Pomelo rouge 1p","p":0.89,"img":"https://fd14-photos.leclercdrive.fr/image.ashx?id=1636326&use=l&cat=p&typeid=i","cat":284356},{"id":222064,"n":"Grenade 1p","p":1.99,"img":"https://fd14-photos.leclercdrive.fr/image.ashx?id=1633898&use=l&cat=p&typeid=i","cat":284356},{"id":222083,"n":"Shampoing illuminant Ultra Doux Camomille Miel - 600ml","p":5.05,"u":"8,42 €/L","img":"https://fd14-photos.leclercdrive.fr/image.ashx?id=2926602&use=l&cat=p&typeid=i","cat":284606},{"id":222088,"n":"Poire Conférence 1p","p":0.69,"img":"https://fd14-photos.leclercdrive.fr/image.ashx?id=1636641&use=l&cat=p&typeid=i","cat":284356},{"id":222089,"n":"Shampoing nutrition Ultra Doux Avocat et Karité - 600ml","p":4.98,"u":"8,30 €/L","img":"https://fd14-photos.leclercdrive.fr/image.ashx?id=2944852&use=l&cat=p&typeid=i","cat":284606},{"id":222091,"n":"Pomme Golden  1p","p":0.33,"img":"https://fd14-photos.leclercdrive.fr/image.ashx?id=1630966&use=l&cat=p&typeid=i","cat":284356},{"id":222093,"n":"Pomme Royal Gala  1p","p":0.28,"img":"https://fd14-photos.leclercdrive.fr/image.ashx?id=1630963&use=l&cat=p&typeid=i","cat":284356},{"id":222096,"n":"Pomme Pink Lady  1p","p":0.58,"img":"https://fd14-photos.leclercdrive.fr/image.ashx?id=2121659&use=l&cat=p&typeid=i","cat":284356},{"id":222097,"n":"Pomme Granny Smith  1p","p":0.42,"img":"https://fd14-photos.leclercdrive.fr/image.ashx?id=1630969&use=l&cat=p&typeid=i","cat":284356},{"id":222109,"n":"Avocat  1p","p":0.99,"img":"https://fd14-photos.leclercdrive.fr/image.ashx?id=1633637&use=l&cat=p&typeid=i","cat":284352},{"id":222111,"n":"Radis noir  1p","p":1.49,"img":"https://fd14-photos.leclercdrive.fr/image.ashx?id=578511&use=l&cat=p&typeid=i","cat":284352},{"id":222113,"n":"Fenouil  1p","p":0.74,"img":"https://fd14-photos.leclercdrive.fr/image.ashx?id=612612&use=l&cat=p&typeid=i","cat":284352},{"id":222116,"n":"Carotte  1p","p":0.59,"img":"https://fd14-photos.leclercdrive.fr/image.ashx?id=1631592&use=l&cat=p&typeid=i","cat":284352},{"id":222117,"n":"Poireau  1p","p":0.66,"img":"https://fd14-photos.leclercdrive.fr/image.ashx?id=1632716&use=l&cat=p&typeid=i","cat":284352},{"id":222118,"n":"Chou chinois 1p","p":2.49,"img":"https://fd14-photos.leclercdrive.fr/image.ashx?id=578704&use=l&cat=p&typeid=i","cat":284352},{"id":222123,"n":"Aubergine 1p","p":0.99,"img":"https://fd14-photos.leclercdrive.fr/image.ashx?id=1631421&use=l&cat=p&typeid=i","cat":284352},{"id":222124,"n":"Courgette  1p","p":0.62,"img":"https://fd14-photos.leclercdrive.fr/image.ashx?id=1631964&use=l&cat=p&typeid=i","cat":284352},{"id":222128,"n":"Poivron doux rouge  1p","p":0.99,"img":"https://fd14-photos.leclercdrive.fr/image.ashx?id=1633094&use=l&cat=p&typeid=i","cat":284352},{"id":222131,"n":"Poivron doux vert  1p","p":0.8,"img":"https://fd14-photos.leclercdrive.fr/image.ashx?id=1633202&use=l&cat=p&typeid=i","cat":284352},{"id":222132,"n":"Poivron doux jaune  1p","p":0.99,"img":"https://fd14-photos.leclercdrive.fr/image.ashx?id=1631227&use=l&cat=p&typeid=i","cat":284352},{"id":222138,"n":"Tomate côtelée noire 1p","p":1.48,"img":"https://fd14-photos.leclercdrive.fr/image.ashx?id=1631215&use=l&cat=p&typeid=i","cat":284352},{"id":222146,"n":"Ail blanc  1p","p":1.0,"img":"https://fd14-photos.leclercdrive.fr/image.ashx?id=1631469&use=l&cat=p&typeid=i","cat":284352},{"id":222148,"n":"Echalote longue  La pièce","p":0.1,"img":"https://fd14-photos.leclercdrive.fr/image.ashx?id=1631940&use=l&cat=p&typeid=i","cat":284352},{"id":222150,"n":"Oignon jaune  1p","p":0.43,"img":"https://fd14-photos.leclercdrive.fr/image.ashx?id=764178&use=l&cat=p&typeid=i","cat":284352},{"id":222152,"n":"Oignon rouge  1p","p":0.5,"img":"https://fd14-photos.leclercdrive.fr/image.ashx?id=2910419&use=l&cat=p&typeid=i","cat":284352},{"id":222453,"n":"Acide citrique Briochin Ecocert - 450g","p":4.2,"u":"9,33 €/KG","img":"https://fd14-photos.leclercdrive.fr/image.ashx?id=3000755&use=l&cat=p&typeid=i","cat":325365},{"id":222455,"n":"Recharge lessive détachante  savon noir 37 lavages - 1,7L","p":5.49,"u":"3,23 €/L","img":"https://fd14-photos.leclercdrive.fr/image.ashx?id=3000782&use=l&cat=p&typeid=i","cat":284640},{"id":222473,"n":"Thé blanc bio Joyce Fraise menthe - 30g","p":2.5,"u":"83,33 €/KG","img":"https://fd14-photos.leclercdrive.fr/image.ashx?id=2924140&use=l&cat=p&typeid=i","cat":293233},{"id":222474,"n":"Thé blanc Bio Joyce  Saveur tarte au citron - 30g","p":2.4,"u":"80,00 €/KG","img":"https://fd14-photos.leclercdrive.fr/image.ashx?id=2651624&use=l&cat=p&typeid=i","cat":293233},{"id":222475,"n":"Thé noir Joyce Bio Earl grey fleuri - 30g","p":2.4,"u":"80,00 €/KG","img":"https://fd14-photos.leclercdrive.fr/image.ashx?id=2651627&use=l&cat=p&typeid=i","cat":293233},{"id":222476,"n":"Thé noir Joyce Bio pain grillé - 30g","p":2.5,"u":"83,33 €/KG","img":"https://fd14-photos.leclercdrive.fr/image.ashx?id=2651630&use=l&cat=p&typeid=i","cat":293233},{"id":222486,"n":"Thé noir bio Joyce Pain d'épices - 30g","p":2.5,"u":"83,33 €/KG","img":"https://fd14-photos.leclercdrive.fr/image.ashx?id=2896651&use=l&cat=p&typeid=i","cat":293233},{"id":222515,"n":"Chou rouge émincé Notre Jardin 250g","p":0.99,"u":"3,96 €/KG","img":"https://fd14-photos.leclercdrive.fr/image.ashx?id=3006883&use=l&cat=p&typeid=i","cat":284352},{"id":222582,"n":"Shampoing Restaurateur Eslève Glycolic Gloss - 200ml","p":5.69,"u":"28,45 €/L","img":"https://fd14-photos.leclercdrive.fr/image.ashx?id=2657157&use=l&cat=p&typeid=i","cat":284606},{"id":222583,"n":"Soin Cheveux Lamination Elsève Glycolic Gloss - 200ml","p":6.95,"u":"34,75 €/L","img":"https://fd14-photos.leclercdrive.fr/image.ashx?id=2656796&use=l&cat=p&typeid=i","cat":284608},{"id":222584,"n":"Pâte à tartiner Nutella 220g","p":2.37,"u":"10,77 €/KG","img":"https://fd14-photos.leclercdrive.fr/image.ashx?id=2755216&use=l&cat=p&typeid=i","cat":284481},{"id":222586,"n":"Démêlant Cheveux Elsève Glycolic Gloss - 150ml","p":5.69,"u":"37,93 €/L","img":"https://fd14-photos.leclercdrive.fr/image.ashx?id=2657160&use=l&cat=p&typeid=i","cat":284607},{"id":222589,"n":"Sérum Soin Sans Rinçage Elsève Glycolic Gloss - 150ml","p":11.5,"u":"76,67 €/L","img":"https://fd14-photos.leclercdrive.fr/image.ashx?id=2656069&use=l&cat=p&typeid=i","cat":284608},{"id":222591,"n":"Soin anti-tâches L'Oréal Paris Bright Reveal SPF50+ - 50ml","p":14.35,"u":"287,00 €/L","img":"https://fd14-photos.leclercdrive.fr/image.ashx?id=2921879&use=l&cat=p&typeid=i","cat":325345},{"id":222595,"n":"Pur jus d'ananas passion  Jafaden - 90cl","p":2.29,"u":"2,54 €/L","img":"https://fd14-photos.leclercdrive.fr/image.ashx?id=2723189&use=l&cat=p&typeid=i","cat":285435},{"id":222597,"n":"Sérum anti-taches L'Oréal Paris Bright Reveal - 30ml","p":12.41,"u":"413,67 €/L","img":"https://fd14-photos.leclercdrive.fr/image.ashx?id=2865881&use=l&cat=p&typeid=i","cat":325345},{"id":222599,"n":"Sérum correcteur L'Oréal Paris  Age Perfect - 30ml","p":11.97,"pp":7.9,"u":"263,33 €/L","img":"https://fd14-photos.leclercdrive.fr/image.ashx?id=2664491&use=l&cat=p&typeid=i","cat":325345},{"id":222702,"n":"Dentifrice Integral 8 Signal Fraîcheur Intense 75ml","p":2.3,"u":"30,67 €/L","img":"https://fd14-photos.leclercdrive.fr/image.ashx?id=2818196&use=l&cat=p&typeid=i","cat":284612},{"id":222703,"n":"Dentifrice Signal Extra fraîcheur blancheur 75ml","p":2.05,"u":"27,33 €/L","img":"https://fd14-photos.leclercdrive.fr/image.ashx?id=2938328&use=l&cat=p&typeid=i","cat":284612},{"id":222704,"n":"Dentifrice Signal Extra fraîcheur intense - 75ml","p":1.99,"u":"26,53 €/L","img":"https://fd14-photos.leclercdrive.fr/image.ashx?id=2654212&use=l&cat=p&typeid=i","cat":284612},{"id":222718,"n":"Liquide vaisselle & mains Briochin - Ecocert 500ml","p":2.99,"u":"5,98 €/L","img":"https://fd14-photos.leclercdrive.fr/image.ashx?id=3000740&use=l&cat=p&typeid=i","cat":284655},{"id":222782,"n":"Adoucissant Soupline Lingettes Voile Sèche-linge Grand air-x20","p":2.77,"u":"0,14 €/P","img":"https://fd14-photos.leclercdrive.fr/image.ashx?id=2654435&use=l&cat=p&typeid=i","cat":325302},{"id":222824,"n":"Carottes râpées Notre Jardin 250g","p":1.49,"u":"5,96 €/KG","img":"https://fd14-photos.leclercdrive.fr/image.ashx?id=2664626&use=l&cat=p&typeid=i","cat":284353},{"id":222826,"n":"Chou blanc carotte Notre Jardin 250g","p":1.51,"u":"6,04 €/KG","img":"https://fd14-photos.leclercdrive.fr/image.ashx?id=2740975&use=l&cat=p&typeid=i","cat":284353},{"id":222844,"n":"Gel douche Le Petit Marseillais Fleur de tiaré - 650ml","p":3.29,"u":"5,06 €/L","img":"https://fd14-photos.leclercdrive.fr/image.ashx?id=2656060&use=l&cat=p&typeid=i","cat":284594},{"id":222846,"n":"Gel douche Le Petit Marseillais Cerise & jasmin - 250ml","p":1.65,"u":"6,60 €/L","img":"https://fd14-photos.leclercdrive.fr/image.ashx?id=2685198&use=l&cat=p&typeid=i","cat":284594},{"id":222849,"n":"Mélange gourmand Notre Jardin 320g","p":1.58,"u":"4,94 €/KG","img":"https://fd14-photos.leclercdrive.fr/image.ashx?id=2720190&use=l&cat=p&typeid=i","cat":284353},{"id":222894,"n":"Fromage à raclette Richesmonts Nature - 420g +20% offerts","p":5.23,"u":"12,45 €/KG","img":"https://fd14-photos.leclercdrive.fr/image.ashx?id=2953836&use=l&cat=p&typeid=i","cat":314037},{"id":222895,"n":"Fromage à raclette Richesmonts Duo - 420g +20% offerts","p":5.23,"u":"12,45 €/KG","img":"https://fd14-photos.leclercdrive.fr/image.ashx?id=2953839&use=l&cat=p&typeid=i","cat":314037},{"id":222896,"n":"Fromage à raclette Richesmonts Duo Poivre - 420g +20% offerts","p":5.23,"u":"12,45 €/KG","img":"https://fd14-photos.leclercdrive.fr/image.ashx?id=2953842&use=l&cat=p&typeid=i","cat":314037},{"id":222897,"n":"Fromage à raclette Richesmonts Caractère - 420g +20% offerts","p":5.23,"u":"12,45 €/KG","img":"https://fd14-photos.leclercdrive.fr/image.ashx?id=2953845&use=l&cat=p&typeid=i","cat":314037},{"id":222898,"n":"Dentifrice Sensodyne Anti-Tâches - 75ml","p":6.5,"u":"86,67 €/L","img":"https://fd14-photos.leclercdrive.fr/image.ashx?id=2997775&use=l&cat=p&typeid=i","cat":284612},{"id":222899,"n":"Dentifrice Sensodyne Email renforcé - 75ml","p":6.4,"u":"85,33 €/L","img":"https://fd14-photos.leclercdrive.fr/image.ashx?id=2997208&use=l&cat=p&typeid=i","cat":284612},{"id":222912,"n":"Sauce soja sucrée Suzi Wan 250ml","p":2.7,"u":"10,80 €/L","img":"https://fd14-photos.leclercdrive.fr/image.ashx?id=2886217&use=l&cat=p&typeid=i","cat":288992},{"id":222913,"n":"Sauce pour nems Suzi Wan 250ml","p":2.7,"u":"10,80 €/L","img":"https://fd14-photos.leclercdrive.fr/image.ashx?id=2990877&use=l&cat=p&typeid=i","cat":288992},{"id":222958,"n":"Sérum bio So'Bio Etic Anti-âge global - Argan - 30ml","p":16.99,"u":"566,33 €/L","img":"https://fd14-photos.leclercdrive.fr/image.ashx?id=2977480&use=l&cat=p&typeid=i","cat":325345},{"id":222959,"n":"Soin jour bio So'Bio Etic Anti-tâches - Lys - 50ml","p":17.4,"u":"348,00 €/L","img":"https://fd14-photos.leclercdrive.fr/image.ashx?id=3000207&use=l&cat=p&typeid=i","cat":325345},{"id":222960,"n":"Soin nuit bio So'Bio Etic Peeling - Anti-tâche - Lys 50ml","p":13.46,"u":"269,20 €/L","img":"https://fd14-photos.leclercdrive.fr/image.ashx?id=2997019&use=l&cat=p&typeid=i","cat":325345},{"id":222961,"n":"Soin regard So'Bio Etic Lift Grenade bio - 15ml","p":11.6,"u":"773,33 €/L","img":"https://fd14-photos.leclercdrive.fr/image.ashx?id=2787113&use=l&cat=p&typeid=i","cat":325345},{"id":222993,"n":"Cabillaud à la Provençale Marie 400g","p":4.95,"u":"12,38 €/KG","img":"https://fd14-photos.leclercdrive.fr/image.ashx?id=2996746&use=l&cat=p&typeid=i","cat":319786},{"id":222998,"n":"Jambon de Paris Tradilège Sans nitrite 4 tranches - 140g","p":2.25,"u":"16,07 €/KG","img":"https://fd14-photos.leclercdrive.fr/image.ashx?id=2991530&use=l&cat=p&typeid=i","cat":316009},{"id":222999,"n":"Jambon de Paris Tradilège Sans nitrite 6 tranches - 210g","p":3.35,"u":"15,95 €/KG","img":"https://fd14-photos.leclercdrive.fr/image.ashx?id=2991533&use=l&cat=p&typeid=i","cat":316009},{"id":223004,"n":"Jambon supérieur Tradilège Sans nitrite 8 tranches - 280g","p":4.19,"u":"14,96 €/KG","img":"https://fd14-photos.leclercdrive.fr/image.ashx?id=2994399&use=l&cat=p&typeid=i","cat":316009},{"id":223023,"n":"Après-shampooing Herbal Essences - Aloe - 200ml","p":4.2,"u":"21,00 €/L","img":"https://fd14-photos.leclercdrive.fr/image.ashx?id=2759739&use=l&cat=p&typeid=i","cat":284607},{"id":223024,"n":"Shampooing Herbal Essences Aloe - 250ml","p":3.45,"u":"13,80 €/L","img":"https://fd14-photos.leclercdrive.fr/image.ashx?id=2748671&use=l&cat=p&typeid=i","cat":284606},{"id":223028,"n":"Shampooing Herbal Essences Coconut - 250ml","p":3.45,"u":"13,80 €/L","img":"https://fd14-photos.leclercdrive.fr/image.ashx?id=2677600&use=l&cat=p&typeid=i","cat":284606},{"id":223030,"n":"Après-shampooing Herbal Essences - Coconut - 200ml","p":3.65,"u":"18,25 €/L","img":"https://fd14-photos.leclercdrive.fr/image.ashx?id=2737813&use=l&cat=p&typeid=i","cat":284606},{"id":223085,"n":"Gel Nettoyant visage Garnier Argile - 250ml","p":4.4,"u":"17,60 €/L","img":"https://fd14-photos.leclercdrive.fr/image.ashx?id=2833741&use=l&cat=p&typeid=i","cat":284603},{"id":223278,"n":"Bière Kasteel Rubus 75cl","p":5.9,"u":"7,87 €/L","img":"https://fd14-photos.leclercdrive.fr/image.ashx?id=2661454&use=l&cat=p&typeid=i","cat":334872},{"id":223295,"n":"Brioche La Fournée Dorée Tressée et tranchée - 500g","p":2.75,"u":"5,50 €/KG","img":"https://fd14-photos.leclercdrive.fr/image.ashx?id=2661079&use=l&cat=p&typeid=i","cat":284478},{"id":223365,"n":"Boisson aux fruits Jafun Multifruits - 4x20cl","p":1.44,"u":"1,80 €/L","img":"https://fd14-photos.leclercdrive.fr/image.ashx?id=2992570&use=l&cat=p&typeid=i","cat":295018},{"id":223392,"n":"Boisson aux fruits Jafun Fruits rouges - 4x20cl","p":1.44,"u":"1,80 €/L","img":"https://fd14-photos.leclercdrive.fr/image.ashx?id=2992573&use=l&cat=p&typeid=i","cat":295018},{"id":223394,"n":"Boisson aux fruits Jafun Tropical - 4x20cl","p":1.49,"u":"1,86 €/L","img":"https://fd14-photos.leclercdrive.fr/image.ashx?id=2992576&use=l&cat=p&typeid=i","cat":295018},{"id":223431,"n":"Crème dessert protéinée Hipro  Chocolat noisette - 180g","p":1.7,"u":"9,44 €/KG","img":"https://fd14-photos.leclercdrive.fr/image.ashx?id=2800294&use=l&cat=p&typeid=i","cat":285041},{"id":223444,"n":"Shampoing 2en1 Fructis Force et brillance - 300ml","p":2.77,"u":"9,23 €/L","img":"https://fd14-photos.leclercdrive.fr/image.ashx?id=2669268&use=l&cat=p&typeid=i","cat":284606},{"id":223445,"n":"Shampoing fortifiant Fructis Force et Brillance - 300ml","p":2.77,"u":"9,23 €/L","img":"https://fd14-photos.leclercdrive.fr/image.ashx?id=2669271&use=l&cat=p&typeid=i","cat":284606},{"id":223499,"n":"Ketchup Rustica 390g","p":1.09,"u":"2,79 €/KG","img":"https://fd14-photos.leclercdrive.fr/image.ashx?id=2954391&use=l&cat=p&typeid=i","cat":284455},{"id":223540,"n":"Bloc Energy 5 actions WC Net Lavande et patchouli - 38g","p":2.1,"u":"55,26 €/KG","img":"https://fd14-photos.leclercdrive.fr/image.ashx?id=2664458&use=l&cat=p&typeid=i","cat":284662},{"id":223541,"n":"Bloc Energy 5 actions WC Net Citronniers et tilleul - 38g","p":1.85,"u":"48,68 €/KG","img":"https://fd14-photos.leclercdrive.fr/image.ashx?id=2664461&use=l&cat=p&typeid=i","cat":284662},{"id":223561,"n":"Culottes fuites urinaires Always Discreet - Taille L x11","p":9.9,"u":"0,90 €/P","img":"https://fd14-photos.leclercdrive.fr/image.ashx?id=2927032&use=l&cat=p&typeid=i","cat":284628},{"id":223572,"n":"Serviettes fuites urinaires Always Discreet - Normal x24","p":8.25,"u":"0,34 €/P","img":"https://fd14-photos.leclercdrive.fr/image.ashx?id=2680467&use=l&cat=p&typeid=i","cat":284628},{"id":223578,"n":"Serviettes fuites urinaires Always Discreet - Long - x26","p":9.35,"u":"0,36 €/P","img":"https://fd14-photos.leclercdrive.fr/image.ashx?id=2685465&use=l&cat=p&typeid=i","cat":284628},{"id":223579,"n":"Serviettes fuites urinaires Always Discreet - Long+ - x8","p":4.2,"u":"0,53 €/P","img":"https://fd14-photos.leclercdrive.fr/image.ashx?id=3005386&use=l&cat=p&typeid=i","cat":284628},{"id":223581,"n":"Serviettes fuites urinaires Always Discreet - Long+ - x16","p":8.05,"u":"0,50 €/P","img":"https://fd14-photos.leclercdrive.fr/image.ashx?id=2685471&use=l&cat=p&typeid=i","cat":284628},{"id":223583,"n":"Serviettes fuites urinaires Always Discreet - Normal - x12","p":3.65,"u":"0,30 €/P","img":"https://fd14-photos.leclercdrive.fr/image.ashx?id=2665517&use=l&cat=p&typeid=i","cat":284628},{"id":223604,"n":"Shampoing fortifiant Fructis Antipelliculaire - 300ml","p":2.77,"u":"9,23 €/L","img":"https://fd14-photos.leclercdrive.fr/image.ashx?id=2667862&use=l&cat=p&typeid=i","cat":284606},{"id":223605,"n":"Crème Douche Hydratation Cadum Peaux Sèches - 500ml","p":2.39,"u":"4,78 €/L","img":"https://fd14-photos.leclercdrive.fr/image.ashx?id=2739318&use=l&cat=p&typeid=i","cat":284594},{"id":223606,"n":"Crème Douche Nourrissante Cadum Miel de Fleurs Bio - 750ml","p":3.75,"u":"5,00 €/L","img":"https://fd14-photos.leclercdrive.fr/image.ashx?id=2805465&use=l&cat=p&typeid=i","cat":284594},{"id":223607,"n":"Gel Corps et Cheveux Cadum Hypoallergénique - 750ml","p":4.75,"u":"6,33 €/L","img":"https://fd14-photos.leclercdrive.fr/image.ashx?id=2802512&use=l&cat=p&typeid=i","cat":284594},{"id":223608,"n":"Crème Douche Tolérance Cadum Sans Sulfate - 400ml","p":2.7,"u":"6,75 €/L","img":"https://fd14-photos.leclercdrive.fr/image.ashx?id=2696007&use=l&cat=p&typeid=i","cat":284594},{"id":223631,"n":"Huile précieuse Gliss Hair Repair - Schwarzkopf - 75ml","p":7.4,"u":"98,67 €/L","img":"https://fd14-photos.leclercdrive.fr/image.ashx?id=2665274&use=l&cat=p&typeid=i","cat":284608},{"id":223646,"n":"Rillettes du Mans Bahier 220g","p":2.65,"u":"12,05 €/KG","img":"https://fd14-photos.leclercdrive.fr/image.ashx?id=3001299&use=l&cat=p&typeid=i","cat":316008},{"id":223648,"n":"Rasoir Gillette Skinguard + 1 recharge - Aloe vera - x1","p":10.11,"img":"https://fd14-photos.leclercdrive.fr/image.ashx?id=2665499&use=l&cat=p&typeid=i","cat":284616},{"id":223649,"n":"Shampooing Head & shoulder 2-en-1 - Classic - 300ml","p":4.78,"u":"15,93 €/L","img":"https://fd14-photos.leclercdrive.fr/image.ashx?id=2863003&use=l&cat=p&typeid=i","cat":284606},{"id":223654,"n":"Shampooing Head & shoulders 2en1 - Anti-démangeaisons 300ml","p":4.85,"u":"16,17 €/L","img":"https://fd14-photos.leclercdrive.fr/image.ashx?id=2828964&use=l&cat=p&typeid=i","cat":284606},{"id":223661,"n":"Pains au chocolat Croustipate  x6 - 275g","p":2.15,"u":"7,82 €/KG","img":"https://fd14-photos.leclercdrive.fr/image.ashx?id=2902055&use=l&cat=p&typeid=i","cat":333681},{"id":223826,"n":"Moulage avec surprise Kinder Chocolat - 36g","p":2.16,"u":"60,00 €/KG","img":"https://fd14-photos.leclercdrive.fr/image.ashx?id=2993158&use=l&cat=p&typeid=i","cat":327592},{"id":223834,"n":"Shampooing Head & shoulders Apple fresh - 330ml","p":5.5,"u":"16,67 €/L","img":"https://fd14-photos.leclercdrive.fr/image.ashx?id=2668767&use=l&cat=p&typeid=i","cat":284606},{"id":223839,"n":"Shampooing Head & shoulders 1in1 - Anti-démangeaisons 330ml","p":5.5,"u":"16,67 €/L","img":"https://fd14-photos.leclercdrive.fr/image.ashx?id=2681329&use=l&cat=p&typeid=i","cat":284606},{"id":223844,"n":"Shampooing Head & shoulders 1in1 - Lisse & soyeux - 330ml","p":5.55,"u":"16,82 €/L","img":"https://fd14-photos.leclercdrive.fr/image.ashx?id=2737843&use=l&cat=p&typeid=i","cat":284606},{"id":223850,"n":"Déodorant Spray Femme Narta Anti-Trace Blanche 48h - 200ml","p":2.4,"u":"12,00 €/L","img":"https://fd14-photos.leclercdrive.fr/image.ashx?id=2678589&use=l&cat=p&typeid=i","cat":284595},{"id":223851,"n":"Déodorant Spray Homme 48h Narta Fraîcheur Classique - 200mL","p":2.42,"u":"12,10 €/L","img":"https://fd14-photos.leclercdrive.fr/image.ashx?id=2675511&use=l&cat=p&typeid=i","cat":284618},{"id":223852,"n":"Déodorant Spray Homme Sans Alcool - Anti-transpirant 200ml","p":2.44,"u":"12,20 €/L","img":"https://fd14-photos.leclercdrive.fr/image.ashx?id=2681880&use=l&cat=p&typeid=i","cat":284618},{"id":223853,"n":"Déodorant Spray Femme Narta Fraîcheur Cologne 48h - 200ml","p":2.4,"u":"12,00 €/L","img":"https://fd14-photos.leclercdrive.fr/image.ashx?id=2678592&use=l&cat=p&typeid=i","cat":284595},{"id":223855,"n":"Déodorant Spray Homme 48h Narta Anti-Traces Blanches - 200ml","p":2.42,"u":"12,10 €/L","img":"https://fd14-photos.leclercdrive.fr/image.ashx?id=2681883&use=l&cat=p&typeid=i","cat":284618},{"id":223857,"n":"Déodorant Spray Femme Narta 48h Sans Alcool - 200ML","p":2.4,"u":"12,00 €/L","img":"https://fd14-photos.leclercdrive.fr/image.ashx?id=2680242&use=l&cat=p&typeid=i","cat":284595},{"id":223883,"n":"Gel cheveux Taft  Effet mouillé - 300ml","p":4.0,"u":"13,33 €/L","img":"https://fd14-photos.leclercdrive.fr/image.ashx?id=2666773&use=l&cat=p&typeid=i","cat":284609},{"id":223925,"n":"Riz Long grain Ben's original Vrac 10mn - 1kg","p":2.97,"u":"2,97 €/KG","img":"https://fd14-photos.leclercdrive.fr/image.ashx?id=2990961&use=l&cat=p&typeid=i","cat":284428},{"id":223932,"n":"Mochi glacé  Citron givré x6 - 198g","p":5.4,"u":"540,00 €/L","img":"https://fd14-photos.leclercdrive.fr/image.ashx?id=2754078&use=l&cat=p&typeid=i","cat":284266},{"id":223976,"n":"Ampoule LED Foxter Flamme - E14 40W - Chaud  x1","p":3.95,"u":"Dont 0,29 € d'éco-part.","img":"https://fd14-photos.leclercdrive.fr/image.ashx?id=2670485&use=l&cat=p&typeid=i","cat":300573},{"id":224140,"n":"Bun's jambon ketchup McCain 460g","p":3.5,"u":"7,61 €/KG","img":"https://fd14-photos.leclercdrive.fr/image.ashx?id=2741180&use=l&cat=p&typeid=i","cat":319822},{"id":224141,"n":"Bun's bolognaise McCain 460g","p":3.5,"u":"7,61 €/KG","img":"https://fd14-photos.leclercdrive.fr/image.ashx?id=2750675&use=l&cat=p&typeid=i","cat":319822},{"id":224143,"n":"Bun's Burger McCain 460g","p":3.5,"u":"7,61 €/KG","img":"https://fd14-photos.leclercdrive.fr/image.ashx?id=2741183&use=l&cat=p&typeid=i","cat":319822},{"id":224144,"n":"Bun's jambon 4 fromages McCain 460g","p":3.5,"u":"7,61 €/KG","img":"https://fd14-photos.leclercdrive.fr/image.ashx?id=2668111&use=l&cat=p&typeid=i","cat":319822},{"id":224235,"n":"Box All Italiana Sodebo  Pesto Verde Parmesan Basi -280g","p":3.4,"u":"12,14 €/KG","img":"https://fd14-photos.leclercdrive.fr/image.ashx?id=2786264&use=l&cat=p&typeid=i","cat":334983},{"id":224237,"n":"Box All Italiana Sodebo  Cacio & Pepe - 280g","p":3.4,"u":"12,14 €/KG","img":"https://fd14-photos.leclercdrive.fr/image.ashx?id=2786267&use=l&cat=p&typeid=i","cat":334983},{"id":224238,"n":"Kasteel Rubus Framboise 7% 33cl","p":2.3,"u":"6,97 €/L","img":"https://fd14-photos.leclercdrive.fr/image.ashx?id=2669376&use=l&cat=p&typeid=i","cat":334872},{"id":224240,"n":"Dentifrice L'Arbre vert Blancheur - Mente - 75ml","p":2.49,"u":"33,20 €/L","img":"https://fd14-photos.leclercdrive.fr/image.ashx?id=2892805&use=l&cat=p&typeid=i","cat":284612},{"id":224324,"n":"Roulé surimi Breizh Surimi Saveur crabe - 300g","p":2.9,"pp":2.03,"u":"6,77 €/KG","img":"https://fd14-photos.leclercdrive.fr/image.ashx?id=2914600&use=l&cat=p&typeid=i","cat":285189},{"id":224348,"n":"Mousse au chocolat au lait Marie Morin - 400g","p":6.95,"u":"17,38 €/KG","img":"https://fd14-photos.leclercdrive.fr/image.ashx?id=2673721&use=l&cat=p&typeid=i","cat":284417},{"id":224351,"n":"Mascara L'Oréal Paris Panorama - Brown - 10.5ml","p":14.9,"pp":9.83,"u":"983,00 €/L","img":"https://fd14-photos.leclercdrive.fr/image.ashx?id=2946484&use=l&cat=p&typeid=i","cat":287029},{"id":224352,"n":"Rouge à lèvres L'Oréal Paris Color Riche 302 Bois de rose","p":12.9,"img":"https://fd14-photos.leclercdrive.fr/image.ashx?id=3014431&use=l&cat=p&typeid=i","cat":287029},{"id":224353,"n":"Eosine Mercurochrome 2% Solution aquese - 100ml","p":3.7,"u":"37,00 €/L","img":"https://fd14-photos.leclercdrive.fr/image.ashx?id=2670710&use=l&cat=p&typeid=i","cat":284630},{"id":224355,"n":"Masque Nutrition Intense Elsève Cheveux très Secs - 310ml","p":4.92,"u":"15,87 €/L","img":"https://fd14-photos.leclercdrive.fr/image.ashx?id=2739312&use=l&cat=p&typeid=i","cat":284608},{"id":224359,"n":"Crème Visage Homme Nivea Men Anti-taches Power 2en1 - 50ml","p":13.4,"pp":8.84,"u":"176,80 €/L","img":"https://fd14-photos.leclercdrive.fr/image.ashx?id=3014617&use=l&cat=p&typeid=i","cat":284622},{"id":224360,"n":"Sérum Visage Homme Nivea Men Anti-taches Power 2en1 - 30ml","p":14.62,"pp":9.65,"u":"321,67 €/L","img":"https://fd14-photos.leclercdrive.fr/image.ashx?id=2944915&use=l&cat=p&typeid=i","cat":284622},{"id":224361,"n":"Lait Corps Anti-taches  Nivea Anti-vergeture Luminous - 200ml","p":10.6,"u":"53,00 €/L","img":"https://fd14-photos.leclercdrive.fr/image.ashx?id=2689049&use=l&cat=p&typeid=i","cat":325349},{"id":224371,"n":"Huile d'olive Terra Delyssa Vierge extra - 75cl","p":6.95,"u":"9,27 €/L","img":"https://fd14-photos.leclercdrive.fr/image.ashx?id=2736850&use=l&cat=p&typeid=i","cat":284453},{"id":224423,"n":"Concentré Sodastream Ice Tea - 440ml","p":5.5,"pp":4.5,"u":"10,23 €/L","img":"https://fd14-photos.leclercdrive.fr/image.ashx?id=2670917&use=l&cat=p&typeid=i","cat":295020},{"id":224434,"n":"Yaourt à la grecque Délisse Vanille - 4x150g","p":2.39,"u":"3,98 €/KG","img":"https://fd14-photos.leclercdrive.fr/image.ashx?id=2885143&use=l&cat=p&typeid=i","cat":314999},{"id":224822,"n":"Muesli energie Bjorg Bio - 375g","p":3.85,"u":"10,27 €/KG","img":"https://fd14-photos.leclercdrive.fr/image.ashx?id=2906259&use=l&cat=p&typeid=i","cat":309512},{"id":224856,"n":"Jus innocent ananas fraise 900ml","p":2.7,"u":"3,00 €/L","img":"https://fd14-photos.leclercdrive.fr/image.ashx?id=2879122&use=l&cat=p&typeid=i","cat":285435},{"id":224888,"n":"Riz Long grain Ben's original Vrac 20mn - 1kg","p":3.5,"u":"3,50 €/KG","img":"https://fd14-photos.leclercdrive.fr/image.ashx?id=2886301&use=l&cat=p&typeid=i","cat":284428},{"id":224924,"n":"Tomates cerises gustatives Panier du Primeur - 300g","p":3.99,"u":"13,30 €/KG","img":"https://fd14-photos.leclercdrive.fr/image.ashx?id=2686350&use=l&cat=p&typeid=i","cat":284352},{"id":224930,"n":"Lait d'avoine Bjorg Bio Vanille - 1L","p":2.4,"u":"2,40 €/L","img":"https://fd14-photos.leclercdrive.fr/image.ashx?id=2906253&use=l&cat=p&typeid=i","cat":316067},{"id":224931,"n":"Boisson soja Bjorg Bio Proteines - 1L","p":2.35,"u":"2,35 €/L","img":"https://fd14-photos.leclercdrive.fr/image.ashx?id=2939469&use=l&cat=p&typeid=i","cat":316067},{"id":224937,"n":"Plat en morceaux Bledina 200g","p":2.29,"u":"11,45 €/KG","img":"https://fd14-photos.leclercdrive.fr/image.ashx?id=2866298&use=l&cat=p&typeid=i","cat":312239},{"id":224943,"n":"Brie pasteurisé 200g","p":2.5,"u":"12,50 €/KG","img":"https://fd14-photos.leclercdrive.fr/image.ashx?id=2505573&use=l&cat=p&typeid=i","cat":329558},{"id":224944,"n":"IGP Tomme des Pyrénées noire  200g","p":3.2,"u":"16,00 €/KG","img":"https://fd14-photos.leclercdrive.fr/image.ashx?id=2505579&use=l&cat=p&typeid=i","cat":329184},{"id":224970,"n":"Camembert Eco+ 240g","p":1.34,"u":"5,58 €/KG","img":"https://fd14-photos.leclercdrive.fr/image.ashx?id=2675036&use=l&cat=p&typeid=i","cat":314033},{"id":225213,"n":"Thé Matcha Energie Yogi Bio x15 - 27g","p":2.25,"u":"83,33 €/KG","img":"https://fd14-photos.leclercdrive.fr/image.ashx?id=2677495&use=l&cat=p&typeid=i","cat":293234},{"id":225214,"n":"Infusion Yogi bio  Gingembre orange - x15 - 27g","p":2.25,"u":"83,33 €/KG","img":"https://fd14-photos.leclercdrive.fr/image.ashx?id=2677492&use=l&cat=p&typeid=i","cat":293234},{"id":225215,"n":"Infusion Yogi detox Bio énergie - x15 - 27g","p":2.45,"u":"90,74 €/KG","img":"https://fd14-photos.leclercdrive.fr/image.ashx?id=2677489&use=l&cat=p&typeid=i","cat":293234},{"id":225217,"n":"Infusion Nuit Calme Yogi Bio x15 - 27g","p":2.25,"u":"83,33 €/KG","img":"https://fd14-photos.leclercdrive.fr/image.ashx?id=2677486&use=l&cat=p&typeid=i","cat":293234},{"id":225218,"n":"Thé Chaï aux Epices Yogi Bio  x15 - 27g","p":2.25,"u":"75,00 €/KG","img":"https://fd14-photos.leclercdrive.fr/image.ashx?id=2677483&use=l&cat=p&typeid=i","cat":293234},{"id":225248,"n":"Tartine céréales Gerblé  Matin - 125g","p":1.75,"u":"14,00 €/KG","img":"https://fd14-photos.leclercdrive.fr/image.ashx?id=2688866&use=l&cat=p&typeid=i","cat":318651},{"id":225251,"n":"Crème Vinaigre balsamique  Tramier - 250g","p":3.05,"u":"12,20 €/KG","img":"https://fd14-photos.leclercdrive.fr/image.ashx?id=2677192&use=l&cat=p&typeid=i","cat":298543},{"id":225276,"n":"Galette moelleuse tigrée Choco blanc - St Michel - 180g","p":1.9,"u":"10,56 €/KG","img":"https://fd14-photos.leclercdrive.fr/image.ashx?id=2953501&use=l&cat=p&typeid=i","cat":284495},{"id":225309,"n":"Bière blonde Kronenbourg 4,2° - 30x25cl","p":15.5,"u":"2,07 €/L","img":"https://fd14-photos.leclercdrive.fr/image.ashx?id=2992759&use=l&cat=p&typeid=i","cat":334873},{"id":225310,"n":"Boisson aux Fruits Tropico Tropical - Bouteille - 1,25L","p":1.8,"u":"1,44 €/L","img":"https://fd14-photos.leclercdrive.fr/image.ashx?id=2736811&use=l&cat=p&typeid=i","cat":295018},{"id":225311,"n":"Boisson Tropico Orange Ananas - 1.25 L","p":1.7,"u":"1,36 €/L","img":"https://fd14-photos.leclercdrive.fr/image.ashx?id=2977702&use=l&cat=p&typeid=i","cat":295018},{"id":225316,"n":"Biscuit petit déj Gerblé Chocolat - 200g","p":2.05,"u":"10,25 €/KG","img":"https://fd14-photos.leclercdrive.fr/image.ashx?id=2679014&use=l&cat=p&typeid=i","cat":318651},{"id":225374,"n":"Pizza L'Ovale Sodebo Poulet cheddar - 200g","p":1.9,"u":"9,50 €/KG","img":"https://fd14-photos.leclercdrive.fr/image.ashx?id=2995124&use=l&cat=p&typeid=i","cat":333679},{"id":225384,"n":"Déodorant homme L'Arbre Vert Fraîcheur intense - 50ml","p":2.9,"u":"58,00 €/L","img":"https://fd14-photos.leclercdrive.fr/image.ashx?id=2865827&use=l&cat=p&typeid=i","cat":284618},{"id":225385,"n":"Déodorant homme L'Arbre Vert Bois de cèdre - 50","p":2.9,"u":"58,00 €/L","img":"https://fd14-photos.leclercdrive.fr/image.ashx?id=2680203&use=l&cat=p&typeid=i","cat":284618},{"id":225441,"n":"Fusilli au poulet Fleury Michon Sauce champignons - 280g","p":2.65,"u":"9,46 €/KG","img":"https://fd14-photos.leclercdrive.fr/image.ashx?id=3003233&use=l&cat=p&typeid=i","cat":333665},{"id":225443,"n":"Risotto Fleury Michon Saint Jacques poireaux - 280g","p":3.75,"u":"13,39 €/KG","img":"https://fd14-photos.leclercdrive.fr/image.ashx?id=3003263&use=l&cat=p&typeid=i","cat":333665},{"id":225445,"n":"Les tranches Fleury Michon Pois chiches x4 - 120g","p":2.1,"u":"17,50 €/KG","img":"https://fd14-photos.leclercdrive.fr/image.ashx?id=2902007&use=l&cat=p&typeid=i","cat":316036},{"id":225446,"n":"Les tranches Fleury Michon Lentilles corail  x4 - 120g","p":2.1,"u":"17,50 €/KG","img":"https://fd14-photos.leclercdrive.fr/image.ashx?id=2900905&use=l&cat=p&typeid=i","cat":316036},{"id":225447,"n":"Les tranches Fleury Michon Haricots blancs x4 - 120g","p":1.95,"u":"16,25 €/KG","img":"https://fd14-photos.leclercdrive.fr/image.ashx?id=2902010&use=l&cat=p&typeid=i","cat":316036},{"id":225461,"n":"Déodorant Bille Homme 48h Narta Anti-traces - 50ml","p":2.38,"u":"47,60 €/L","img":"https://fd14-photos.leclercdrive.fr/image.ashx?id=2681859&use=l&cat=p&typeid=i","cat":284618},{"id":225462,"n":"Déodorant Bille Femme Narta Anti-Transpirant 48h - 50ml","p":2.38,"u":"47,60 €/L","img":"https://fd14-photos.leclercdrive.fr/image.ashx?id=2681862&use=l&cat=p&typeid=i","cat":284595},{"id":225463,"n":"Déodorant Bille Homme 48h Narta Fraîcheur Polaire - 50ml","p":2.39,"u":"47,80 €/L","img":"https://fd14-photos.leclercdrive.fr/image.ashx?id=2681865&use=l&cat=p&typeid=i","cat":284618},{"id":225464,"n":"Déodorant Bille bio Femme Narta Sans Alcool - 50ml","p":2.38,"u":"47,60 €/L","img":"https://fd14-photos.leclercdrive.fr/image.ashx?id=2681868&use=l&cat=p&typeid=i","cat":284595},{"id":225465,"n":"Déodorant Bille Femme Narta Anti-Traces 48h - 50ml","p":2.41,"u":"48,20 €/L","img":"https://fd14-photos.leclercdrive.fr/image.ashx?id=2681871&use=l&cat=p&typeid=i","cat":284595},{"id":225466,"n":"Déodorant Bille Femme Narta Anti-Traces Sans alcool - 50ml","p":2.38,"u":"47,60 €/L","img":"https://fd14-photos.leclercdrive.fr/image.ashx?id=2681874&use=l&cat=p&typeid=i","cat":284595},{"id":225467,"n":"Déodorant Bille Homme 48h Narta Invisible Sans Alcool - 50ml","p":4.35,"u":"87,00 €/L","img":"https://fd14-photos.leclercdrive.fr/image.ashx?id=2681877&use=l&cat=p&typeid=i","cat":284618},{"id":225468,"n":"Déodorant Bille Homme 48h Narta Anti-Traces Blanches - 50ml","p":2.39,"u":"47,80 €/L","img":"https://fd14-photos.leclercdrive.fr/image.ashx?id=2681886&use=l&cat=p&typeid=i","cat":284618},{"id":225472,"n":"Shampooing Head & Shoulders  Menthol fresh - 300ml","p":4.81,"u":"16,03 €/L","img":"https://fd14-photos.leclercdrive.fr/image.ashx?id=2843517&use=l&cat=p&typeid=i","cat":284606},{"id":225608,"n":"Triangolo Fromage enfants vache Les Croisés 8 portions - 140g","p":1.19,"u":"8,50 €/KG","img":"https://fd14-photos.leclercdrive.fr/image.ashx?id=2791917&use=l&cat=p&typeid=i","cat":314030},{"id":225614,"n":"Désinfectant Sanytol Eucalyptus - Multi-usage 500ml","p":2.3,"u":"4,60 €/L","img":"https://fd14-photos.leclercdrive.fr/image.ashx?id=2894800&use=l&cat=p&typeid=i","cat":325357},{"id":225619,"n":"Désinfectant nettoyant Sanytol Multi-surfaces - Eucalyptus 1L","p":2.1,"u":"2,10 €/L","img":"https://fd14-photos.leclercdrive.fr/image.ashx?id=2866319&use=l&cat=p&typeid=i","cat":284907},{"id":225623,"n":"Lingettes optiques - Nettoyant  lunettes x30","p":1.29,"u":"0,04 €/P","img":"https://fd14-photos.leclercdrive.fr/image.ashx?id=2681539&use=l&cat=p&typeid=i","cat":288862},{"id":225647,"n":"Maïs Géant Vert extra tendre sans résidu pesticides - 3x140g","p":2.25,"u":"5,36 €/KG","img":"https://fd14-photos.leclercdrive.fr/image.ashx?id=2977366&use=l&cat=p&typeid=i","cat":312611},{"id":225699,"n":"Tartine petit dej Gerblé  Matin - 125g","p":1.75,"u":"14,00 €/KG","img":"https://fd14-photos.leclercdrive.fr/image.ashx?id=2688869&use=l&cat=p&typeid=i","cat":318651},{"id":225711,"n":"Infusion Yogi Relaxation Bio - x15 - 27g","p":2.45,"u":"90,74 €/KG","img":"https://fd14-photos.leclercdrive.fr/image.ashx?id=2683193&use=l&cat=p&typeid=i","cat":293234},{"id":225712,"n":"Infusion Yogi Bio Défenses immunitaires x15 - 30g","p":2.45,"u":"81,67 €/KG","img":"https://fd14-photos.leclercdrive.fr/image.ashx?id=2683196&use=l&cat=p&typeid=i","cat":293234},{"id":225714,"n":"Infusion Yogi Bio Elixir pour la gorge x15 - 27g","p":2.45,"u":"90,74 €/KG","img":"https://fd14-photos.leclercdrive.fr/image.ashx?id=2683199&use=l&cat=p&typeid=i","cat":293234},{"id":225717,"n":"Infusion Yogi Bio Curcuma gingembre - x15 - 30g","p":2.45,"u":"81,67 €/KG","img":"https://fd14-photos.leclercdrive.fr/image.ashx?id=2683202&use=l&cat=p&typeid=i","cat":293234},{"id":225719,"n":"Infusion Yogi Bio Rooibos - x15 - 30g","p":2.35,"u":"78,33 €/KG","img":"https://fd14-photos.leclercdrive.fr/image.ashx?id=2683208&use=l&cat=p&typeid=i","cat":293234},{"id":225743,"n":"Coloration Permanente Garnier Color Sensation 1.0 Noir","p":4.35,"img":"https://fd14-photos.leclercdrive.fr/image.ashx?id=2684254&use=l&cat=p&typeid=i","cat":288899},{"id":225744,"n":"Coloration Permanente Garnier 2.10 Noir Bleuté","p":4.39,"img":"https://fd14-photos.leclercdrive.fr/image.ashx?id=2684242&use=l&cat=p&typeid=i","cat":288899},{"id":225747,"n":"Coloration Permanente Garnier 5.35 Châtain Clair Cannelle","p":4.3,"img":"https://fd14-photos.leclercdrive.fr/image.ashx?id=2684251&use=l&cat=p&typeid=i","cat":288899},{"id":225749,"n":"Masque Lissant Ultra Doux Eau de Riz - 340ml","p":4.76,"u":"14,00 €/L","img":"https://fd14-photos.leclercdrive.fr/image.ashx?id=2684233&use=l&cat=p&typeid=i","cat":284608},{"id":225751,"n":"Shampoing Lissant Ultra Doux Cheveux longs - 250ml","p":2.41,"u":"9,64 €/L","img":"https://fd14-photos.leclercdrive.fr/image.ashx?id=2684236&use=l&cat=p&typeid=i","cat":284606},{"id":225752,"n":"Après-shampooing Garnier Ultra Doux - Eau de riz - 200ml","p":2.7,"u":"13,50 €/L","img":"https://fd14-photos.leclercdrive.fr/image.ashx?id=2684239&use=l&cat=p&typeid=i","cat":284607},{"id":225755,"n":"Crème dépilatoire Veet Men Peaux sensibles - 400ml","p":7.9,"u":"19,75 €/L","img":"https://fd14-photos.leclercdrive.fr/image.ashx?id=2785448&use=l&cat=p&typeid=i","cat":284617},{"id":225769,"n":"Change culottes Mots d'enfants T7 - 17kg - x15","p":5.15,"u":"0,34 €/P","img":"https://fd14-photos.leclercdrive.fr/image.ashx?id=2907249&use=l&cat=p&typeid=i","cat":290633},{"id":225773,"n":"Mouchoirs Lotus Sensitive - x110","p":2.3,"u":"0,02 €/P","img":"https://fd14-photos.leclercdrive.fr/image.ashx?id=2684296&use=l&cat=p&typeid=i","cat":284638},{"id":225784,"n":"Bandes de cire Veet Pure Froide - Aisselles - x16","p":4.98,"u":"0,31 €/P","img":"https://fd14-photos.leclercdrive.fr/image.ashx?id=2970795&use=l&cat=p&typeid=i","cat":325351},{"id":225785,"n":"Bandes de cire Veet Pure Jambes - x20","p":4.65,"u":"0,23 €/P","img":"https://fd14-photos.leclercdrive.fr/image.ashx?id=2964956&use=l&cat=p&typeid=i","cat":325351},{"id":225786,"n":"Lingettes Intima Regul'Active - x20","p":2.3,"u":"0,12 €/P","img":"https://fd14-photos.leclercdrive.fr/image.ashx?id=2689787&use=l&cat=p&typeid=i","cat":284627},{"id":225793,"n":"Liquide vaisselle Paic Acti Froid - Menthe - 500ml","p":2.55,"u":"5,10 €/L","img":"https://fd14-photos.leclercdrive.fr/image.ashx?id=2684335&use=l&cat=p&typeid=i","cat":284655},{"id":225947,"n":"Bière blonde 1664 5,5° 24x25cl","p":14.9,"u":"2,48 €/L","img":"https://fd14-photos.leclercdrive.fr/image.ashx?id=2686597&use=l&cat=p&typeid=i","cat":334873},{"id":226108,"n":"Chocolat Nesquik 800g","p":4.65,"u":"5,81 €/KG","img":"https://fd14-photos.leclercdrive.fr/image.ashx?id=3005377&use=l&cat=p&typeid=i","cat":293235},{"id":226122,"n":"Biscuits Delacre Cigarettes Russes - 230g","p":1.8,"u":"7,83 €/KG","img":"https://fd14-photos.leclercdrive.fr/image.ashx?id=2688833&use=l&cat=p&typeid=i","cat":284490},{"id":226304,"n":"Pâtes fraîches RANA Ravioli  Saumon fumé et Mascarpone -250g","p":2.65,"u":"10,60 €/KG","img":"https://fd14-photos.leclercdrive.fr/image.ashx?id=2737387&use=l&cat=p&typeid=i","cat":333682},{"id":226315,"n":"Croquettes Vitafit Friskies Boeuf - 12kg","p":24.35,"u":"2,03 €/KG","img":"https://fd14-photos.leclercdrive.fr/image.ashx?id=2986996&use=l&cat=p&typeid=i","cat":284672},{"id":226398,"n":"Céréales Eco+ Caramel cacao - 750g","p":2.97,"u":"3,96 €/KG","img":"https://fd14-photos.leclercdrive.fr/image.ashx?id=2691559&use=l&cat=p&typeid=i","cat":309513},{"id":226406,"n":"Confiture Saint Mamet 310g","p":1.95,"u":"6,29 €/KG","img":"https://fd14-photos.leclercdrive.fr/image.ashx?id=2775416&use=l&cat=p&typeid=i","cat":284480},{"id":226408,"n":"Confiture de fraise Saint Mamet 310g","p":1.95,"u":"6,29 €/KG","img":"https://fd14-photos.leclercdrive.fr/image.ashx?id=2775413&use=l&cat=p&typeid=i","cat":284480},{"id":226418,"n":"Huile d'olive Terra Delyssa 75cl","p":7.1,"u":"9,47 €/L","img":"https://fd14-photos.leclercdrive.fr/image.ashx?id=2872958&use=l&cat=p&typeid=i","cat":284453},{"id":226438,"n":"Soda Coca-Cola Original Canette - Pack 6x20CL","p":3.6,"u":"3,00 €/L","img":"https://fd14-photos.leclercdrive.fr/image.ashx?id=2766571&use=l&cat=p&typeid=i","cat":284530},{"id":226510,"n":"Biscuits BN Chocolats -570g","p":2.45,"img":"https://fd14-photos.leclercdrive.fr/image.ashx?id=2693509&use=l&cat=p&typeid=i","cat":284488},{"id":226534,"n":"Huile de tournesol Tramier  1L","p":5.59,"u":"5,59 €/L","img":"https://fd14-photos.leclercdrive.fr/image.ashx?id=2695097&use=l&cat=p&typeid=i","cat":284453},{"id":226538,"n":"Huile d'olive Terra Delyssa Vierge extra - 75cl","p":6.95,"u":"9,27 €/L","img":"https://fd14-photos.leclercdrive.fr/image.ashx?id=2849256&use=l&cat=p&typeid=i","cat":284453},{"id":226641,"n":"Réhausseur de chaise Tigex Taupe - x1","p":19.9,"img":"https://fd14-photos.leclercdrive.fr/image.ashx?id=2694524&use=l&cat=p&typeid=i","cat":289435},{"id":226776,"n":"Thé noir fruits rouges Lipton 20 sachets - 30g","p":1.8,"u":"60,00 €/KG","img":"https://fd14-photos.leclercdrive.fr/image.ashx?id=2695359&use=l&cat=p&typeid=i","cat":293233},{"id":226778,"n":"Thé noir orange Lipton 20 sachets - 34g","p":2.4,"u":"70,59 €/KG","img":"https://fd14-photos.leclercdrive.fr/image.ashx?id=2695371&use=l&cat=p&typeid=i","cat":293233},{"id":226806,"n":"Liquide de rinçage Sun Brillance - 500ml","p":3.2,"u":"6,40 €/L","img":"https://fd14-photos.leclercdrive.fr/image.ashx?id=2829099&use=l&cat=p&typeid=i","cat":284657},{"id":226813,"n":"Déodorant stick Sanex  Zéro% Sensitive - 65ml","p":3.05,"u":"46,92 €/L","img":"https://fd14-photos.leclercdrive.fr/image.ashx?id=2745415&use=l&cat=p&typeid=i","cat":284595},{"id":226815,"n":"Dentifrice Oral-B kids 0-6ans - 50ml","p":2.2,"u":"44,00 €/L","img":"https://fd14-photos.leclercdrive.fr/image.ashx?id=2737801&use=l&cat=p&typeid=i","cat":288898},{"id":226818,"n":"Dentifrice Sensodyne Soin  complet Triple action - 75ml","p":3.85,"u":"51,33 €/L","img":"https://fd14-photos.leclercdrive.fr/image.ashx?id=2997778&use=l&cat=p&typeid=i","cat":284612},{"id":226819,"n":"Dentifrice Sensodyne Soin gencives Triple action - 75ml","p":4.2,"u":"56,00 €/L","img":"https://fd14-photos.leclercdrive.fr/image.ashx?id=3000384&use=l&cat=p&typeid=i","cat":284612},{"id":226824,"n":"Dentifrice Sensodyne Soin  Blancheur naturelle 24h - 75ml","p":4.05,"u":"54,00 €/L","img":"https://fd14-photos.leclercdrive.fr/image.ashx?id=2694944&use=l&cat=p&typeid=i","cat":284612},{"id":226825,"n":"Dentifrice Sensodyne Répare & protège Novamin - 75ml","p":4.2,"u":"56,00 €/L","img":"https://fd14-photos.leclercdrive.fr/image.ashx?id=2694947&use=l&cat=p&typeid=i","cat":284612},{"id":226826,"n":"Dentifrice Sensodyne Soin Blancheur triple action - 75ml","p":4.2,"u":"56,00 €/L","img":"https://fd14-photos.leclercdrive.fr/image.ashx?id=3000381&use=l&cat=p&typeid=i","cat":284612},{"id":226829,"n":"Dentifrice Sensodyne Répare & protège extra fresh - 75ml","p":4.85,"u":"64,67 €/L","img":"https://fd14-photos.leclercdrive.fr/image.ashx?id=2694956&use=l&cat=p&typeid=i","cat":284612},{"id":226830,"n":"Dentifrice Sensodyne Répare & protège Blancheur - 75ml","p":4.35,"u":"58,00 €/L","img":"https://fd14-photos.leclercdrive.fr/image.ashx?id=2872955&use=l&cat=p&typeid=i","cat":284612},{"id":226856,"n":"P'tit onctueux pêche Nestlé sans sucres ajoutés - 4x90g","p":2.2,"u":"6,11 €/KG","img":"https://fd14-photos.leclercdrive.fr/image.ashx?id=2695124&use=l&cat=p&typeid=i","cat":312392},{"id":226876,"n":"P'tit brassé banane Nestlé mangue sans sucre - 4x90g","p":2.23,"u":"6,19 €/KG","img":"https://fd14-photos.leclercdrive.fr/image.ashx?id=2696133&use=l&cat=p&typeid=i","cat":312392},{"id":226878,"n":"Gourdes Nestlé Naturnes Fruitées - 360g","p":6.25,"u":"9,92 €/KG","img":"https://fd14-photos.leclercdrive.fr/image.ashx?id=2696136&use=l&cat=p&typeid=i","cat":312393},{"id":226879,"n":"Pate tomate colin Naturnes Dès 6 mois - 2x90g","p":2.15,"u":"11,94 €/KG","img":"https://fd14-photos.leclercdrive.fr/image.ashx?id=2696139&use=l&cat=p&typeid=i","cat":312235},{"id":226911,"n":"Bille au chocolat Maltesers 400g","p":5.57,"u":"13,93 €/KG","img":"https://fd14-photos.leclercdrive.fr/image.ashx?id=2976050&use=l&cat=p&typeid=i","cat":304238},{"id":226920,"n":"Bonbons Skittles  152g","p":1.3,"u":"8,55 €/KG","img":"https://fd14-photos.leclercdrive.fr/image.ashx?id=3008984&use=l&cat=p&typeid=i","cat":304250},{"id":226970,"n":"Tablette lave-vaisselle Sun  Expert Plus x40 -700g","p":7.9,"u":"11,29 €/KG","img":"https://fd14-photos.leclercdrive.fr/image.ashx?id=2738734&use=l&cat=p&typeid=i","cat":284656},{"id":226971,"n":"Sun Tablettes Lave-Vaisselle Tout en 1 Expert Plus x40","p":7.9,"u":"11,29 €/KG","img":"https://fd14-photos.leclercdrive.fr/image.ashx?id=2942012&use=l&cat=p&typeid=i","cat":284656},{"id":226973,"n":"Sun Tablettes Lave-Vaisselle Tout en 1 Citron Ecolabel x46","p":7.9,"u":"10,41 €/KG","img":"https://fd14-photos.leclercdrive.fr/image.ashx?id=3000905&use=l&cat=p&typeid=i","cat":284656},{"id":226975,"n":"Crème de douche Corine de Farme Soin nourrissant - Monoï 500ml","p":2.85,"u":"5,70 €/L","img":"https://fd14-photos.leclercdrive.fr/image.ashx?id=2696613&use=l&cat=p&typeid=i","cat":284594},{"id":226978,"n":"Crème Anti-Âge Rose Re-Fortifiant - 50ml","p":11.97,"pp":7.9,"u":"158,00 €/L","img":"https://fd14-photos.leclercdrive.fr/image.ashx?id=2757425&use=l&cat=p&typeid=i","cat":325345},{"id":227070,"n":"Thé glacé pétillant Lipton Ice Tea pêche - bouteille 1.25L","p":1.55,"u":"1,24 €/L","img":"https://fd14-photos.leclercdrive.fr/image.ashx?id=2887704&use=l&cat=p&typeid=i","cat":295019},{"id":227143,"n":"Gratin dauphinois aux lardons  fumés Marie - 900g","p":5.3,"u":"5,89 €/KG","img":"https://fd14-photos.leclercdrive.fr/image.ashx?id=2993376&use=l&cat=p&typeid=i","cat":284254},{"id":227153,"n":"Couches Carryboo de nos Régions Couches locales Taille 2 - x 50","p":14.79,"u":"0,30 €/P","img":"https://fd14-photos.leclercdrive.fr/image.ashx?id=2969245&use=l&cat=p&typeid=i","cat":284737},{"id":227154,"n":"Couches Carryboo de nos Régions Couches locales Taille 3 - x50","p":14.79,"u":"0,30 €/P","img":"https://fd14-photos.leclercdrive.fr/image.ashx?id=2833801&use=l&cat=p&typeid=i","cat":284737},{"id":227155,"n":"Couche Carryboo de nos Régions Couches locales Taille 4 - x44","p":14.42,"u":"0,33 €/P","img":"https://fd14-photos.leclercdrive.fr/image.ashx?id=2787404&use=l&cat=p&typeid=i","cat":284737},{"id":227158,"n":"Couches Carryboo de nos Régions Couches locales Taille 4+ - x42","p":14.79,"u":"0,35 €/P","img":"https://fd14-photos.leclercdrive.fr/image.ashx?id=2787407&use=l&cat=p&typeid=i","cat":284737},{"id":227159,"n":"Couche Carryboo de nos Régions Couches locales Taille 5 - x40","p":14.79,"u":"0,37 €/P","img":"https://fd14-photos.leclercdrive.fr/image.ashx?id=2805486&use=l&cat=p&typeid=i","cat":284737},{"id":227165,"n":"Serum Acide Hyaluronique Mixa 30mL","p":10.25,"u":"341,67 €/L","img":"https://fd14-photos.leclercdrive.fr/image.ashx?id=2698711&use=l&cat=p&typeid=i","cat":325345},{"id":227166,"n":"Sérum Anti-tâches Vitamine C Mixa 30 mL","p":10.25,"u":"341,67 €/L","img":"https://fd14-photos.leclercdrive.fr/image.ashx?id=2698714&use=l&cat=p&typeid=i","cat":325345},{"id":227167,"n":"Serum anti-imperfections Niacinamide Mixa 30mL","p":10.25,"u":"341,67 €/L","img":"https://fd14-photos.leclercdrive.fr/image.ashx?id=2698717&use=l&cat=p&typeid=i","cat":325345},{"id":227320,"n":"Céréales Nesquik 675g","p":5.08,"u":"7,53 €/KG","img":"https://fd14-photos.leclercdrive.fr/image.ashx?id=2971434&use=l&cat=p&typeid=i","cat":309513},{"id":227323,"n":"Céréales Crunch Nestlé 675g","p":4.96,"u":"7,35 €/KG","img":"https://fd14-photos.leclercdrive.fr/image.ashx?id=2949085&use=l&cat=p&typeid=i","cat":309513},{"id":227325,"n":"P'tite céréales Nestlé Saveur biscuit - 415g","p":3.05,"u":"7,35 €/KG","img":"https://fd14-photos.leclercdrive.fr/image.ashx?id=2700776&use=l&cat=p&typeid=i","cat":312225},{"id":227331,"n":"P'tite céréales Nestlé Cacao - 415g","p":2.68,"u":"6,46 €/KG","img":"https://fd14-photos.leclercdrive.fr/image.ashx?id=2700767&use=l&cat=p&typeid=i","cat":312225},{"id":227347,"n":"Déodorant Spray L'Oréal Paris Men Expert 48h - 150ml","p":2.65,"u":"17,67 €/L","img":"https://fd14-photos.leclercdrive.fr/image.ashx?id=2802509&use=l&cat=p&typeid=i","cat":284618},{"id":227351,"n":"Déodorant compressé 48h Ushuaïa Monoï de Polynésie - 100ml","p":3.14,"u":"31,40 €/L","img":"https://fd14-photos.leclercdrive.fr/image.ashx?id=2763580&use=l&cat=p&typeid=i","cat":284595},{"id":227352,"n":"Céréales Chocapic  645g","p":5.25,"u":"8,14 €/KG","img":"https://fd14-photos.leclercdrive.fr/image.ashx?id=2977732&use=l&cat=p&typeid=i","cat":309513},{"id":227374,"n":"Céréales Chocapic 375g","p":3.21,"u":"8,56 €/KG","img":"https://fd14-photos.leclercdrive.fr/image.ashx?id=2977408&use=l&cat=p&typeid=i","cat":309513},{"id":227376,"n":"Croquette Friskies Vitafit  Boeuf - 3kg","p":7.1,"u":"2,37 €/KG","img":"https://fd14-photos.leclercdrive.fr/image.ashx?id=2986999&use=l&cat=p&typeid=i","cat":284672},{"id":227377,"n":"Croquette Friskies Vitafit Boeuf - 12kg","p":24.65,"img":"https://fd14-photos.leclercdrive.fr/image.ashx?id=2986984&use=l&cat=p&typeid=i","cat":284672},{"id":227378,"n":"Croquettes Friskies junior Poulet & legumes - 1.5kg","p":5.35,"u":"3,57 €/KG","img":"https://fd14-photos.leclercdrive.fr/image.ashx?id=2699612&use=l&cat=p&typeid=i","cat":284680},{"id":227381,"n":"Croquettes Friskies Vitafit Poulet & legumes - 3kg","p":6.95,"u":"2,32 €/KG","img":"https://fd14-photos.leclercdrive.fr/image.ashx?id=2986981&use=l&cat=p&typeid=i","cat":284672},{"id":227391,"n":"Croquettes Friskies Saumon & legumes - 3 kg","p":10.2,"u":"3,40 €/KG","img":"https://fd14-photos.leclercdrive.fr/image.ashx?id=2940615&use=l&cat=p&typeid=i","cat":284680},{"id":227400,"n":"Croquettes chat Friskies Saumon et legumes - 1.5 kg","p":5.25,"u":"3,50 €/KG","img":"https://fd14-photos.leclercdrive.fr/image.ashx?id=2940600&use=l&cat=p&typeid=i","cat":284680},{"id":227406,"n":"Déodorant stick Rexona Sensitive dry - 45ml","p":4.9,"u":"108,89 €/L","img":"https://fd14-photos.leclercdrive.fr/image.ashx?id=2906880&use=l&cat=p&typeid=i","cat":284595},{"id":227412,"n":"Masque pieds Scholl Exfoliant talon - x1","p":5.9,"img":"https://fd14-photos.leclercdrive.fr/image.ashx?id=2981313&use=l&cat=p&typeid=i","cat":325354},{"id":227413,"n":"Semelles GelActiv' Scholl Décontracté - Taille 1","p":14.45,"img":"https://fd14-photos.leclercdrive.fr/image.ashx?id=2700665&use=l&cat=p&typeid=i","cat":325354},{"id":227423,"n":"Etuis mouchoirs Lotus Compact+ - x24","p":3.3,"img":"https://fd14-photos.leclercdrive.fr/image.ashx?id=2700692&use=l&cat=p&typeid=i","cat":284638},{"id":227425,"n":"Boîte mouchoirs Lotus Classic+ - Pur Blanc - x80","p":1.55,"img":"https://fd14-photos.leclercdrive.fr/image.ashx?id=2700698&use=l&cat=p&typeid=i","cat":284638},{"id":227427,"n":"Boîte mouchoirs Lotus Classic+ - Pur Blanc - x130","p":2.4,"u":"0,02 €/P","img":"https://fd14-photos.leclercdrive.fr/image.ashx?id=2700704&use=l&cat=p&typeid=i","cat":284638},{"id":227448,"n":"Céréales Crunch 375g","p":2.55,"u":"6,80 €/KG","img":"https://fd14-photos.leclercdrive.fr/image.ashx?id=2939760&use=l&cat=p&typeid=i","cat":309513},{"id":227494,"n":"Pâté de campagne Guyader Breton - 160g","p":2.5,"u":"15,63 €/KG","img":"https://fd14-photos.leclercdrive.fr/image.ashx?id=2711725&use=l&cat=p&typeid=i","cat":316008},{"id":227497,"n":"Pâté de campagne Guyader Poivre vert - 160g","p":2.5,"u":"15,63 €/KG","img":"https://fd14-photos.leclercdrive.fr/image.ashx?id=2711112&use=l&cat=p&typeid=i","cat":316008},{"id":227498,"n":"Pâté de campagne Guyader Au piment d'Espelette - 160g","p":2.5,"u":"15,63 €/KG","img":"https://fd14-photos.leclercdrive.fr/image.ashx?id=2711109&use=l&cat=p&typeid=i","cat":316008},{"id":227542,"n":"Croquettes pour chien Friskies Vitafit 12kg","p":25.05,"u":"2,09 €/KG","img":"https://fd14-photos.leclercdrive.fr/image.ashx?id=2986987&use=l&cat=p&typeid=i","cat":284672},{"id":227561,"n":"Culottes Fuites urinaires  Always discreet Taille M - x10","p":8.64,"u":"0,86 €/P","img":"https://fd14-photos.leclercdrive.fr/image.ashx?id=2927035&use=l&cat=p&typeid=i","cat":284628},{"id":227590,"n":"Jambon cru Aoste Les Fines  Et fondantes 10 tranches - 167g","p":5.5,"u":"32,93 €/KG","img":"https://fd14-photos.leclercdrive.fr/image.ashx?id=2700455&use=l&cat=p&typeid=i","cat":316007},{"id":227592,"n":"Jambon cru Serrano Aoste 6 tranches - 100g","p":3.5,"u":"35,00 €/KG","img":"https://fd14-photos.leclercdrive.fr/image.ashx?id=2937184&use=l&cat=p&typeid=i","cat":316007},{"id":227593,"n":"Jambon cru Speck Aoste 8 tranches - 100g","p":3.5,"u":"35,00 €/KG","img":"https://fd14-photos.leclercdrive.fr/image.ashx?id=2701262&use=l&cat=p&typeid=i","cat":316007},{"id":227595,"n":"Jambon Fleury Michon  Simplement Bon x10 - 350g","p":4.15,"u":"11,86 €/KG","img":"https://fd14-photos.leclercdrive.fr/image.ashx?id=2842699&use=l&cat=p&typeid=i","cat":316009},{"id":227600,"n":"Croquettes chat Friskies Boeuf, poulet et légumes - 3kg","p":10.2,"u":"3,40 €/KG","img":"https://fd14-photos.leclercdrive.fr/image.ashx?id=2940603&use=l&cat=p&typeid=i","cat":284680},{"id":227605,"n":"Croquettes petit chien Friskies Poulet & légumes - 1.5kg","p":4.85,"u":"3,23 €/KG","img":"https://fd14-photos.leclercdrive.fr/image.ashx?id=2986314&use=l&cat=p&typeid=i","cat":294526},{"id":227608,"n":"Croquettes Friskies Junior  Poulet avec du lait - 3kg","p":8.5,"u":"2,83 €/KG","img":"https://fd14-photos.leclercdrive.fr/image.ashx?id=2986900&use=l&cat=p&typeid=i","cat":284672},{"id":227626,"n":"Barres chocolatées Mars  x7 - 315g","p":2.89,"u":"9,17 €/KG","img":"https://fd14-photos.leclercdrive.fr/image.ashx?id=2701043&use=l&cat=p&typeid=i","cat":284498},{"id":227629,"n":"Barres chocolatées Snickers x7 - 350g","p":3.05,"u":"8,71 €/KG","img":"https://fd14-photos.leclercdrive.fr/image.ashx?id=2701040&use=l&cat=p&typeid=i","cat":284498},{"id":227645,"n":"Barres Bounty chocolat & noix de coco x5 - 285g","p":2.63,"u":"9,23 €/KG","img":"https://fd14-photos.leclercdrive.fr/image.ashx?id=2701022&use=l&cat=p&typeid=i","cat":284498},{"id":227657,"n":"Soda Fanta Orange Sans Sucres  Canette - Pack 6x33cl","p":3.25,"u":"1,64 €/L","img":"https://fd14-photos.leclercdrive.fr/image.ashx?id=2701361&use=l&cat=p&typeid=i","cat":284532},{"id":227671,"n":"Bière aromatisée Desperados Tropical -  6X33cl","p":8.8,"u":"4,44 €/L","img":"https://fd14-photos.leclercdrive.fr/image.ashx?id=2701142&use=l&cat=p&typeid=i","cat":334878},{"id":227684,"n":"Barres chocolatées Twix x7 - 350g","p":2.85,"u":"8,14 €/KG","img":"https://fd14-photos.leclercdrive.fr/image.ashx?id=2701028&use=l&cat=p&typeid=i","cat":284498},{"id":227701,"n":"Chocolat Pâtissier Nestlé Dessert Blanc - 170g","p":2.95,"u":"17,35 €/KG","img":"https://fd14-photos.leclercdrive.fr/image.ashx?id=2895062&use=l&cat=p&typeid=i","cat":284957},{"id":227731,"n":"Céréales Nesquik  375g","p":2.55,"u":"6,80 €/KG","img":"https://fd14-photos.leclercdrive.fr/image.ashx?id=2977411&use=l&cat=p&typeid=i","cat":309513},{"id":227767,"n":"Gel douche Men Expert Barber club - 300ml","p":2.95,"u":"9,83 €/L","img":"https://fd14-photos.leclercdrive.fr/image.ashx?id=3008773&use=l&cat=p&typeid=i","cat":284619},{"id":227769,"n":"Profiteroles Equador Caramel - 4x90g","p":2.69,"u":"7,47 €/KG","img":"https://fd14-photos.leclercdrive.fr/image.ashx?id=2701100&use=l&cat=p&typeid=i","cat":284419},{"id":227818,"n":"Fromage enfant La Vache qui rit Pik&Croq 5 portions - 175g","p":2.15,"u":"12,29 €/KG","img":"https://fd14-photos.leclercdrive.fr/image.ashx?id=2945433&use=l&cat=p&typeid=i","cat":314030},{"id":227831,"n":"Spray Nettoyant Menager Cif  Anti-calcaire Universel 750 ml","p":2.19,"u":"2,92 €/L","img":"https://fd14-photos.leclercdrive.fr/image.ashx?id=2890520&use=l&cat=p&typeid=i","cat":325362},{"id":227838,"n":"Yaourt hyperprotéiné Sport  Vanille - 4x120g","p":2.65,"u":"5,52 €/P","img":"https://fd14-photos.leclercdrive.fr/image.ashx?id=2881250&use=l&cat=p&typeid=i","cat":315000},{"id":227839,"n":"Yaourt hyperprotéiné Sport Citron - 4x120g","p":2.65,"u":"5,52 €/KG","img":"https://fd14-photos.leclercdrive.fr/image.ashx?id=3009547&use=l&cat=p&typeid=i","cat":315000},{"id":227841,"n":"Yaourt hyperprotéiné Sport Fraise framboise - 4x120g","p":2.65,"u":"5,76 €/P","img":"https://fd14-photos.leclercdrive.fr/image.ashx?id=2716988&use=l&cat=p&typeid=i","cat":315000},{"id":227882,"n":"Concentré Sodastream Cola - 440ml","p":5.5,"pp":4.5,"u":"10,23 €/L","img":"https://fd14-photos.leclercdrive.fr/image.ashx?id=2703350&use=l&cat=p&typeid=i","cat":295020},{"id":227884,"n":"Bâtonnet Magnum White choco Cookie - x3 - 222g","p":2.45,"u":"11,04 €/KG","img":"https://fd14-photos.leclercdrive.fr/image.ashx?id=2793071&use=l&cat=p&typeid=i","cat":284265},{"id":227894,"n":"Bâtonnet Magnum Caramel salé Amandes x3 - 222g","p":2.7,"u":"12,16 €/KG","img":"https://fd14-photos.leclercdrive.fr/image.ashx?id=2793038&use=l&cat=p&typeid=i","cat":284265},{"id":227896,"n":"Glace Carte d'Or Les Essentiels Vanille de Madagascar 700ml","p":2.7,"pp":1.89,"u":"5,15 €/KG","img":"https://fd14-photos.leclercdrive.fr/image.ashx?id=2831149&use=l&cat=p&typeid=i","cat":284263},{"id":227897,"n":"Glace Bâtonnet MAGNUM Amande 4x100ml","p":2.65,"u":"8,83 €/KG","img":"https://fd14-photos.leclercdrive.fr/image.ashx?id=2849364&use=l&cat=p&typeid=i","cat":284265},{"id":227898,"n":"Bâtonnet Magnum Classic x4 - 300g","p":2.9,"u":"9,67 €/KG","img":"https://fd14-photos.leclercdrive.fr/image.ashx?id=2966794&use=l&cat=p&typeid=i","cat":284265},{"id":227900,"n":"Glace Bâtonnet MAGNUM Chocolat Blanc 4x100ml","p":2.9,"u":"9,86 €/KG","img":"https://fd14-photos.leclercdrive.fr/image.ashx?id=3011944&use=l&cat=p&typeid=i","cat":284265},{"id":227901,"n":"Bâtonnet Magnum Fraise et blanc - x4 - 324g","p":2.9,"u":"8,95 €/KG","img":"https://fd14-photos.leclercdrive.fr/image.ashx?id=3009293&use=l&cat=p&typeid=i","cat":284265},{"id":227906,"n":"Glace Bâtonnet Mini MAGNUM Amande 6x55ml","p":2.95,"u":"11,09 €/KG","img":"https://fd14-photos.leclercdrive.fr/image.ashx?id=2843544&use=l&cat=p&typeid=i","cat":284265},{"id":227907,"n":"Glace Bâtonnet MAGNUM Classique 6x55ml","p":2.78,"u":"11,16 €/KG","img":"https://fd14-photos.leclercdrive.fr/image.ashx?id=2967968&use=l&cat=p&typeid=i","cat":284265},{"id":227908,"n":"Mini bâtonnet Magnum Chocolat blanc Amande x6 - 257g","p":3.4,"u":"13,23 €/KG","img":"https://fd14-photos.leclercdrive.fr/image.ashx?id=2849367&use=l&cat=p&typeid=i","cat":284265},{"id":227909,"n":"Glace Bâtonnet Mini MAGNUM Amande & Chocolat Blanc 6x55ml","p":3.3,"u":"10,00 €/L","img":"https://fd14-photos.leclercdrive.fr/image.ashx?id=2843541&use=l&cat=p&typeid=i","cat":284265},{"id":227915,"n":"Saucisses fraîches Hénaff Nature 3x55g","p":3.2,"u":"19,28 €/KG","img":"https://fd14-photos.leclercdrive.fr/image.ashx?id=2702975&use=l&cat=p&typeid=i","cat":284334},{"id":227960,"n":"Concentré cola sans sucres Sodastream - 440ml","p":5.5,"pp":4.5,"u":"10,23 €/L","img":"https://fd14-photos.leclercdrive.fr/image.ashx?id=2703155&use=l&cat=p&typeid=i","cat":295020},{"id":227961,"n":"Concentré cola light Sodastream - 440ml","p":5.5,"pp":4.5,"u":"10,23 €/L","img":"https://fd14-photos.leclercdrive.fr/image.ashx?id=2703332&use=l&cat=p&typeid=i","cat":295020},{"id":227962,"n":"Concentré agrumes sans sucres Sodastream - 440ml","p":5.5,"pp":4.5,"u":"10,23 €/L","img":"https://fd14-photos.leclercdrive.fr/image.ashx?id=2871133&use=l&cat=p&typeid=i","cat":295020},{"id":227973,"n":"Concentré saveur citron sans Sucres - Sodastream - 440ml","p":5.5,"pp":4.5,"u":"10,23 €/L","img":"https://fd14-photos.leclercdrive.fr/image.ashx?id=2765363&use=l&cat=p&typeid=i","cat":295020},{"id":227978,"n":"Concentré Sodastream Menthe sans sucres - 440ml","p":5.5,"pp":4.5,"u":"10,23 €/L","img":"https://fd14-photos.leclercdrive.fr/image.ashx?id=2765372&use=l&cat=p&typeid=i","cat":295020},{"id":228021,"n":"Brassé végétal Andros Stracciatella - 4x100g","p":3.3,"u":"8,25 €/KG","img":"https://fd14-photos.leclercdrive.fr/image.ashx?id=2872000&use=l&cat=p&typeid=i","cat":316071},{"id":228053,"n":"Yaourt à la grecque Délisse Sur lit de mangue 4x150g","p":2.39,"u":"3,98 €/KG","img":"https://fd14-photos.leclercdrive.fr/image.ashx?id=2885146&use=l&cat=p&typeid=i","cat":314999},{"id":228103,"n":"Thé glacé Lipton Ice Tea Pêche Zéro sucres - canettes 6x33cl","p":3.5,"u":"1,77 €/L","img":"https://fd14-photos.leclercdrive.fr/image.ashx?id=2959442&use=l&cat=p&typeid=i","cat":295019},{"id":228196,"n":"Sirop Frucci  Pêche - 1.3L","p":3.99,"u":"3,07 €/L","img":"https://fd14-photos.leclercdrive.fr/image.ashx?id=2898047&use=l&cat=p&typeid=i","cat":295020},{"id":228198,"n":"Sirop Frucci Grenadine - 1.3L","p":3.28,"u":"2,52 €/L","img":"https://fd14-photos.leclercdrive.fr/image.ashx?id=2909921&use=l&cat=p&typeid=i","cat":295020},{"id":228199,"n":"Sirop Frucci Menthe - 1.3L","p":3.02,"u":"2,32 €/L","img":"https://fd14-photos.leclercdrive.fr/image.ashx?id=2898038&use=l&cat=p&typeid=i","cat":295020},{"id":228205,"n":"Nettoyant ménager AJAX Air frais coquelicots - 1.25L","p":2.28,"u":"1,82 €/L","img":"https://fd14-photos.leclercdrive.fr/image.ashx?id=2944473&use=l&cat=p&typeid=i","cat":284907},{"id":228206,"n":"Pâte à pizza Croustipate prête à dérouler - 300g","p":1.4,"u":"4,67 €/KG","img":"https://fd14-photos.leclercdrive.fr/image.ashx?id=2902058&use=l&cat=p&typeid=i","cat":333681},{"id":228305,"n":"Ampoule tube LED1 Foxter G13 18w - x1","p":6.95,"u":"Dont 0,29 € d'éco-part.","img":"https://fd14-photos.leclercdrive.fr/image.ashx?id=2706174&use=l&cat=p&typeid=i","cat":300573},{"id":228306,"n":"Ampoule tube LED1 Foxter G13 36w - x1","p":9.95,"u":"Dont 0,29 € d'éco-part.","img":"https://fd14-photos.leclercdrive.fr/image.ashx?id=2706177&use=l&cat=p&typeid=i","cat":300573},{"id":228329,"n":"Chicorée Leroux 500g","p":2.7,"u":"5,40 €/KG","img":"https://fd14-photos.leclercdrive.fr/image.ashx?id=2870251&use=l&cat=p&typeid=i","cat":284843},{"id":228330,"n":"Chicorée Leroux 200g","p":4.31,"u":"21,55 €/KG","img":"https://fd14-photos.leclercdrive.fr/image.ashx?id=2706219&use=l&cat=p&typeid=i","cat":284843},{"id":228396,"n":"Thé glacé Lipton Ice Tea Pêche - 6x33cl","p":3.18,"u":"1,61 €/L","img":"https://fd14-photos.leclercdrive.fr/image.ashx?id=2852471&use=l&cat=p&typeid=i","cat":295019},{"id":228461,"n":"Spray Nettoyant Menager Cif  Cleanboost Technology - 750 ml","p":2.1,"u":"2,80 €/L","img":"https://fd14-photos.leclercdrive.fr/image.ashx?id=2866214&use=l&cat=p&typeid=i","cat":325357},{"id":228462,"n":"Spray Nettoyant 5-en-1 Cif Cuisine & Salle de Bain 750ml","p":2.1,"u":"2,80 €/L","img":"https://fd14-photos.leclercdrive.fr/image.ashx?id=2999336&use=l&cat=p&typeid=i","cat":325357},{"id":228465,"n":"Nettoyant ménager Ajax Fête des fleurs muguets 1.25L","p":2.75,"u":"2,20 €/L","img":"https://fd14-photos.leclercdrive.fr/image.ashx?id=2926072&use=l&cat=p&typeid=i","cat":284907},{"id":228467,"n":"Spray nettoyant ménager Ajax Salle de bain - 500ml","p":2.68,"u":"5,36 €/L","img":"https://fd14-photos.leclercdrive.fr/image.ashx?id=2708041&use=l&cat=p&typeid=i","cat":325357},{"id":228468,"n":"Spray nettoyant ménager Ajax Multi-surfaces - 500ml","p":2.68,"u":"5,36 €/L","img":"https://fd14-photos.leclercdrive.fr/image.ashx?id=2708044&use=l&cat=p&typeid=i","cat":325357},{"id":228469,"n":"Perles de linge Soupline Grand Air - 230g","p":5.97,"u":"25,96 €/KG","img":"https://fd14-photos.leclercdrive.fr/image.ashx?id=2708032&use=l&cat=p&typeid=i","cat":325302},{"id":228477,"n":"Brosse à dents Signal Triple Action - Medium - x4","p":1.5,"u":"0,38 €/P","img":"https://fd14-photos.leclercdrive.fr/image.ashx?id=2708310&use=l&cat=p&typeid=i","cat":284614},{"id":228480,"n":"Gel Douche Dove Advanced Care Nutrition Intense 225ml","p":2.95,"u":"13,11 €/L","img":"https://fd14-photos.leclercdrive.fr/image.ashx?id=2968580&use=l&cat=p&typeid=i","cat":284594},{"id":228481,"n":"Gel Douche Dove Advanced Care Nutrition Intense 400ml","p":4.3,"u":"10,75 €/L","img":"https://fd14-photos.leclercdrive.fr/image.ashx?id=2991036&use=l&cat=p&typeid=i","cat":284594},{"id":228484,"n":"Gel Douche Dove Hydratant 450ml","p":3.75,"u":"8,33 €/L","img":"https://fd14-photos.leclercdrive.fr/image.ashx?id=2993499&use=l&cat=p&typeid=i","cat":284594},{"id":228499,"n":"Lessive liquide X-tra Total 4 en 1 x63 - 2.835L","p":9.07,"u":"3,20 €/L","img":"https://fd14-photos.leclercdrive.fr/image.ashx?id=2921561&use=l&cat=p&typeid=i","cat":284640},{"id":228502,"n":"Lessive liquide X-tra Total Déo fraîcheur x57 - 2.565L","p":9.04,"u":"3,52 €/L","img":"https://fd14-photos.leclercdrive.fr/image.ashx?id=2708564&use=l&cat=p&typeid=i","cat":284640},{"id":228503,"n":"Recharge lessive Maison Verte Huiles essentielles x33 -1.485L","p":6.9,"u":"4,65 €/L","img":"https://fd14-photos.leclercdrive.fr/image.ashx?id=2890625&use=l&cat=p&typeid=i","cat":284644},{"id":228509,"n":"Lessive liquide Mir Laine Textile délicat x27 - 1.35L","p":5.4,"u":"4,00 €/L","img":"https://fd14-photos.leclercdrive.fr/image.ashx?id=2890118&use=l&cat=p&typeid=i","cat":284644},{"id":228510,"n":"Lessive liquide Super Croix X-tra Bora Bora x42 - 1.89L","p":8.24,"u":"4,36 €/L","img":"https://fd14-photos.leclercdrive.fr/image.ashx?id=2876263&use=l&cat=p&typeid=i","cat":284640},{"id":228511,"n":"Lessive liquide Maison Verte Fraîcheur d'été - 1.485L x33","p":6.9,"u":"4,65 €/L","img":"https://fd14-photos.leclercdrive.fr/image.ashx?id=2890121&use=l&cat=p&typeid=i","cat":284640},{"id":228631,"n":"Soda Coca-Cola Sans Sucres Canette - Pack 6x20CL","p":3.4,"u":"2,83 €/L","img":"https://fd14-photos.leclercdrive.fr/image.ashx?id=2709352&use=l&cat=p&typeid=i","cat":284530},{"id":228802,"n":"Feuilletés aux St Jacques La Compagnie Artique - 4x80g","p":4.3,"u":"13,44 €/KG","img":"https://fd14-photos.leclercdrive.fr/image.ashx?id=2710128&use=l&cat=p&typeid=i","cat":319776},{"id":228807,"n":"Oeufs de poule Plein air Éleveurs de Bretagne x6","p":1.6,"u":"0,27 €/P","img":"https://fd14-photos.leclercdrive.fr/image.ashx?id=2765237&use=l&cat=p&typeid=i","cat":284378},{"id":228808,"n":"Oeufs de poule Plein air Éleveurs de Bretagne - x12","p":2.95,"u":"0,25 €/P","img":"https://fd14-photos.leclercdrive.fr/image.ashx?id=2766433&use=l&cat=p&typeid=i","cat":284378},{"id":228843,"n":"Ratatouille bio Jardin Bio - 400g","p":2.81,"u":"7,03 €/KG","img":"https://fd14-photos.leclercdrive.fr/image.ashx?id=2855654&use=l&cat=p&typeid=i","cat":312612},{"id":228852,"n":"Sève de bouleau bio Jardin Bio - 75cl","p":4.74,"u":"6,32 €/L","img":"https://fd14-photos.leclercdrive.fr/image.ashx?id=2811167&use=l&cat=p&typeid=i","cat":313736},{"id":228862,"n":"Lait bébé Candia Baby croissance 3ème âge - 18x25cl","p":10.35,"u":"2,30 €/L","img":"https://fd14-photos.leclercdrive.fr/image.ashx?id=2963367&use=l&cat=p&typeid=i","cat":284728},{"id":228905,"n":"Soin capillaire Expess Le  Petit Marseillais Coco -200ml","p":2.85,"u":"14,25 €/L","img":"https://fd14-photos.leclercdrive.fr/image.ashx?id=2711947&use=l&cat=p&typeid=i","cat":284608},{"id":228909,"n":"Crème fixative Polident Soin & tolérence 0% - 77g","p":5.9,"u":"76,62 €/KG","img":"https://fd14-photos.leclercdrive.fr/image.ashx?id=2712046&use=l&cat=p&typeid=i","cat":285158},{"id":228926,"n":"Lait infantile Guigoz Optipro 2ème age -1,3L","p":5.5,"u":"4,23 €/L","img":"https://fd14-photos.leclercdrive.fr/image.ashx?id=2712145&use=l&cat=p&typeid=i","cat":284727},{"id":228932,"n":"Lait croissance Guigoz Optipro 3 - 6x500ml","p":9.3,"u":"3,10 €/L","img":"https://fd14-photos.leclercdrive.fr/image.ashx?id=2712139&use=l&cat=p&typeid=i","cat":284728},{"id":228942,"n":"Dessert P'tit brassé  Mini pêche - 6x50g","p":1.79,"u":"5,97 €/KG","img":"https://fd14-photos.leclercdrive.fr/image.ashx?id=2955989&use=l&cat=p&typeid=i","cat":312392},{"id":228957,"n":"Dessert P'tit brassé  Mini banane - 300g","p":2.0,"u":"6,67 €/KG","img":"https://fd14-photos.leclercdrive.fr/image.ashx?id=2958203&use=l&cat=p&typeid=i","cat":312392},{"id":228963,"n":"Thé noir en vrac Lipton à l'Orange d'Espagne - 150g","p":8.0,"u":"53,33 €/KG","img":"https://fd14-photos.leclercdrive.fr/image.ashx?id=2746316&use=l&cat=p&typeid=i","cat":293234},{"id":228965,"n":"P'tite céréales Nestlé Saveur biscuit - 270g","p":3.05,"u":"1,13 €/L","img":"https://fd14-photos.leclercdrive.fr/image.ashx?id=2712813&use=l&cat=p&typeid=i","cat":312225},{"id":228970,"n":"Chips Tortilla Doritos Chili - 250g","p":2.45,"u":"9,80 €/KG","img":"https://fd14-photos.leclercdrive.fr/image.ashx?id=2959439&use=l&cat=p&typeid=i","cat":287899},{"id":228972,"n":"Chips Tortilla Doritos Cheese - 250g","p":2.75,"u":"11,00 €/KG","img":"https://fd14-photos.leclercdrive.fr/image.ashx?id=2901788&use=l&cat=p&typeid=i","cat":287899},{"id":229008,"n":"Herbes de provence Sainte Lucie Saveurs du sud - 62g","p":1.8,"u":"29,03 €/KG","img":"https://fd14-photos.leclercdrive.fr/image.ashx?id=2712600&use=l&cat=p&typeid=i","cat":298297},{"id":229009,"n":"Kit Tacos Old El Paso Street Vibes al pastor - 257g","p":3.85,"u":"14,98 €/KG","img":"https://fd14-photos.leclercdrive.fr/image.ashx?id=2764634&use=l&cat=p&typeid=i","cat":288993},{"id":229010,"n":"Kit tacos Old El Paso Street Vibes barbacoa - 255g","p":3.85,"u":"15,10 €/KG","img":"https://fd14-photos.leclercdrive.fr/image.ashx?id=2764631&use=l&cat=p&typeid=i","cat":288993},{"id":229013,"n":"Sauce Keralan coconut  The Spice Tailor - 225g","p":3.95,"u":"17,56 €/KG","img":"https://fd14-photos.leclercdrive.fr/image.ashx?id=2722102&use=l&cat=p&typeid=i","cat":289012},{"id":229014,"n":"Sauce tikka Masala  The Spice Tailor - 300g","p":3.95,"u":"13,17 €/KG","img":"https://fd14-photos.leclercdrive.fr/image.ashx?id=2722099&use=l&cat=p&typeid=i","cat":289012},{"id":229015,"n":"Sauce soja Suzi Wan 135ml","p":1.85,"u":"13,70 €/L","img":"https://fd14-photos.leclercdrive.fr/image.ashx?id=2906664&use=l&cat=p&typeid=i","cat":288992},{"id":229037,"n":"Sauce thai green curry  Sharwood's Cooking - 415g","p":3.25,"u":"7,83 €/KG","img":"https://fd14-photos.leclercdrive.fr/image.ashx?id=2792897&use=l&cat=p&typeid=i","cat":288992},{"id":229044,"n":"Mini naans Sharwood's  X4 - 260g","p":2.5,"u":"9,62 €/KG","img":"https://fd14-photos.leclercdrive.fr/image.ashx?id=2850165&use=l&cat=p&typeid=i","cat":289012},{"id":229056,"n":"Nouilles instantanées Tanoshi Blé curry - sachet 85g","p":0.7,"u":"8,24 €/KG","img":"https://fd14-photos.leclercdrive.fr/image.ashx?id=2912053&use=l&cat=p&typeid=i","cat":288992},{"id":229058,"n":"Nouilles instantannées Tanoshi Blé canard - sachet 85g","p":0.8,"u":"9,41 €/KG","img":"https://fd14-photos.leclercdrive.fr/image.ashx?id=2906187&use=l&cat=p&typeid=i","cat":288992},{"id":229059,"n":"Nouilles instantannées Tanoshi Blé crevette- sachet 85g","p":0.75,"u":"8,82 €/KG","img":"https://fd14-photos.leclercdrive.fr/image.ashx?id=2912047&use=l&cat=p&typeid=i","cat":288992},{"id":229117,"n":"Noisettes décortiquées  Couleurs Vives - 175g","p":2.99,"u":"17,09 €/KG","img":"https://fd14-photos.leclercdrive.fr/image.ashx?id=2713661&use=l&cat=p&typeid=i","cat":284357},{"id":229128,"n":"Nouilles Tanoshi Curry épicé cup de 65g","p":1.5,"u":"23,08 €/KG","img":"https://fd14-photos.leclercdrive.fr/image.ashx?id=2939442&use=l&cat=p&typeid=i","cat":288992},{"id":229137,"n":"Nouilles Tanoshi Poulet shitake cup de 65g","p":1.45,"u":"22,31 €/KG","img":"https://fd14-photos.leclercdrive.fr/image.ashx?id=2906208&use=l&cat=p&typeid=i","cat":288992},{"id":229140,"n":"Herbes de provence Sainte Lucie L'Originale Recette - 80g","p":3.3,"u":"41,25 €/KG","img":"https://fd14-photos.leclercdrive.fr/image.ashx?id=2713895&use=l&cat=p&typeid=i","cat":298297},{"id":229156,"n":"Vin efferverscent Perlino Prosecco brut - 75cl","p":7.2,"pp":5.4,"u":"7,20 €/L","img":"https://fd14-photos.leclercdrive.fr/image.ashx?id=2873333&use=l&cat=p&typeid=i","cat":289461},{"id":229167,"n":"Eau de source Cristaline  Petillante - 6x33cl","p":2.2,"u":"1,11 €/L","img":"https://fd14-photos.leclercdrive.fr/image.ashx?id=2714018&use=l&cat=p&typeid=i","cat":284536},{"id":229224,"n":"Glace pâte à tartiner Nutella 230g","p":3.99,"u":"17,35 €/KG","img":"https://fd14-photos.leclercdrive.fr/image.ashx?id=2905672&use=l&cat=p&typeid=i","cat":284725},{"id":229243,"n":"Soin capillaire express Le  Petit Marseillais Karité -200ml","p":2.85,"u":"14,25 €/L","img":"https://fd14-photos.leclercdrive.fr/image.ashx?id=2735248&use=l&cat=p&typeid=i","cat":284608},{"id":229269,"n":"Vinaigre de cidre Tramier 50cl","p":2.45,"u":"4,90 €/L","img":"https://fd14-photos.leclercdrive.fr/image.ashx?id=2717400&use=l&cat=p&typeid=i","cat":298543},{"id":229287,"n":"Bière \"Slash\" Citrus 4.5% vol. - 3x33cl","p":4.2,"u":"4,24 €/L","img":"https://fd14-photos.leclercdrive.fr/image.ashx?id=2927354&use=l&cat=p&typeid=i","cat":334878},{"id":229288,"n":"Glace Carte d'Or Café - 374g","p":2.82,"pp":1.97,"u":"5,27 €/KG","img":"https://fd14-photos.leclercdrive.fr/image.ashx?id=2973348&use=l&cat=p&typeid=i","cat":284263},{"id":229289,"n":"Glace Carte d'Or Chocolat Noir - 374g","p":2.69,"pp":1.88,"u":"5,03 €/KG","img":"https://fd14-photos.leclercdrive.fr/image.ashx?id=2849370&use=l&cat=p&typeid=i","cat":284263},{"id":229330,"n":"Choucroute cuisinée Stoeffler 400g","p":3.35,"u":"8,38 €/KG","img":"https://fd14-photos.leclercdrive.fr/image.ashx?id=2716162&use=l&cat=p&typeid=i","cat":333665},{"id":229397,"n":"Sorbet La Laitière Fraise - 558g","p":3.24,"pp":2.27,"u":"4,07 €/KG","img":"https://fd14-photos.leclercdrive.fr/image.ashx?id=3000018&use=l&cat=p&typeid=i","cat":284263},{"id":229419,"n":"Grilletine Pasquier Biscuitée x18 - 255g","p":2.05,"u":"8,04 €/KG","img":"https://fd14-photos.leclercdrive.fr/image.ashx?id=2716177&use=l&cat=p&typeid=i","cat":284479},{"id":229451,"n":"Croquettes Friskies junior  Poulet avec du lait - 7kg","p":18.1,"u":"2,59 €/KG","img":"https://fd14-photos.leclercdrive.fr/image.ashx?id=2986990&use=l&cat=p&typeid=i","cat":284672},{"id":229487,"n":"Margarine ProActiv Expert Tartine et gourmet -Doux - 450g","p":4.7,"u":"10,44 €/KG","img":"https://fd14-photos.leclercdrive.fr/image.ashx?id=2972601&use=l&cat=p&typeid=i","cat":315229},{"id":229549,"n":"Salade & Cie Sodebo Portofino Thon Mozzarella - 320g","p":3.95,"u":"12,34 €/KG","img":"https://fd14-photos.leclercdrive.fr/image.ashx?id=2740601&use=l&cat=p&typeid=i","cat":333657},{"id":229593,"n":"Tablettes lave-vaisselle Visior Tout en 1 citron x45 - 765g","p":5.79,"u":"7,57 €/KG","img":"https://fd14-photos.leclercdrive.fr/image.ashx?id=2954905&use=l&cat=p&typeid=i","cat":284656},{"id":229731,"n":"Bière blonde Lancelot 12x25cl","p":10.95,"u":"3,65 €/L","img":"https://fd14-photos.leclercdrive.fr/image.ashx?id=2719384&use=l&cat=p&typeid=i","cat":334873},{"id":229752,"n":"Yaourt brassé Ker Ronan Mandarine citron vert - 4x125g","p":2.5,"u":"5,00 €/KG","img":"https://fd14-photos.leclercdrive.fr/image.ashx?id=2719561&use=l&cat=p&typeid=i","cat":284410},{"id":229782,"n":"Steaks hachés Black Angus 4x125g","p":8.09,"u":"16,18 €/KG","img":"https://fd14-photos.leclercdrive.fr/image.ashx?id=2719564&use=l&cat=p&typeid=i","cat":319778},{"id":229811,"n":"Crème fixative Polident Original 0% -44g -","p":3.29,"u":"74,77 €/KG","img":"https://fd14-photos.leclercdrive.fr/image.ashx?id=2719615&use=l&cat=p&typeid=i","cat":285158},{"id":229814,"n":"Crème fixative Polident Original 0% - 77g","p":5.55,"u":"72,08 €/KG","img":"https://fd14-photos.leclercdrive.fr/image.ashx?id=2719618&use=l&cat=p&typeid=i","cat":285158},{"id":229891,"n":"Pain de mie complet Harrys Sandwich Sans sucre ajouté 600g","p":1.7,"u":"2,83 €/KG","img":"https://fd14-photos.leclercdrive.fr/image.ashx?id=2962473&use=l&cat=p&typeid=i","cat":284477},{"id":229893,"n":"Pain de mie complet Harrys Sandwich Sans sucre ajouté 900g","p":2.34,"u":"2,60 €/KG","img":"https://fd14-photos.leclercdrive.fr/image.ashx?id=2962476&use=l&cat=p&typeid=i","cat":284477},{"id":229896,"n":"Pain de mie nature Harrys American Sandwich 550g","p":1.97,"u":"3,58 €/KG","img":"https://fd14-photos.leclercdrive.fr/image.ashx?id=2962446&use=l&cat=p&typeid=i","cat":284477},{"id":229897,"n":"Pain de mie nature Harrys Sandwich Sans sucre ajouté 825g","p":2.22,"u":"2,69 €/KG","img":"https://fd14-photos.leclercdrive.fr/image.ashx?id=2962449&use=l&cat=p&typeid=i","cat":284477},{"id":229921,"n":"Pain de mie céréales Harrys Sandwich Sans sucre ajouté 550g","p":1.85,"u":"3,36 €/KG","img":"https://fd14-photos.leclercdrive.fr/image.ashx?id=2962452&use=l&cat=p&typeid=i","cat":284477},{"id":230151,"n":"Tablette de chocolat Lindt Création blanc rocher - 145g","p":4.0,"u":"27,59 €/KG","img":"https://fd14-photos.leclercdrive.fr/image.ashx?id=2720446&use=l&cat=p&typeid=i","cat":284957},{"id":230167,"n":"Lessive liquide X-tra Total  Ecopack  x41 - 1.845L","p":6.25,"u":"3,39 €/L","img":"https://fd14-photos.leclercdrive.fr/image.ashx?id=2890124&use=l&cat=p&typeid=i","cat":284640},{"id":230174,"n":"Bière blonde Fischer Tradition 6% - 66cl","p":1.85,"u":"2,80 €/L","img":"https://fd14-photos.leclercdrive.fr/image.ashx?id=3008128&use=l&cat=p&typeid=i","cat":334873},{"id":230198,"n":"Gel nettoyant WC La Croix Ultra WC - 750ml","p":1.29,"u":"1,72 €/L","img":"https://fd14-photos.leclercdrive.fr/image.ashx?id=2721531&use=l&cat=p&typeid=i","cat":284662},{"id":230382,"n":"Pavé truite Pomme de terre grenaille 600g","p":8.45,"u":"14,08 €/KG","img":"https://fd14-photos.leclercdrive.fr/image.ashx?id=2721946&use=l&cat=p&typeid=i","cat":284342},{"id":230707,"n":"Poisson à la Bordelaise Fleury Michon - 300g","p":3.8,"u":"12,67 €/KG","img":"https://fd14-photos.leclercdrive.fr/image.ashx?id=3003239&use=l&cat=p&typeid=i","cat":333665},{"id":230709,"n":"Mini tartinade Daunat Thon - 130g","p":1.95,"u":"15,00 €/KG","img":"https://fd14-photos.leclercdrive.fr/image.ashx?id=2723794&use=l&cat=p&typeid=i","cat":333658},{"id":230757,"n":"Crème fixante Polident Soin & tolérance 0% - 44g","p":4.25,"u":"96,59 €/KG","img":"https://fd14-photos.leclercdrive.fr/image.ashx?id=2723893&use=l&cat=p&typeid=i","cat":285158},{"id":230758,"n":"Dentifrice Oral-B 3D White Arctic Fresh - 75ml","p":3.2,"u":"42,67 €/L","img":"https://fd14-photos.leclercdrive.fr/image.ashx?id=2902385&use=l&cat=p&typeid=i","cat":284612},{"id":230830,"n":"Crackers Belin Monaco Emmental 110g","p":1.2,"u":"10,91 €/KG","img":"https://fd14-photos.leclercdrive.fr/image.ashx?id=3002228&use=l&cat=p&typeid=i","cat":297000},{"id":230855,"n":"Crackers Belin Feuilleté Emmental 95g","p":1.66,"u":"17,47 €/KG","img":"https://fd14-photos.leclercdrive.fr/image.ashx?id=3005320&use=l&cat=p&typeid=i","cat":297000},{"id":231020,"n":"Tube harissa El Manar - 70g","p":0.65,"u":"9,29 €/KG","img":"https://fd14-photos.leclercdrive.fr/image.ashx?id=2725810&use=l&cat=p&typeid=i","cat":289013},{"id":231048,"n":"Yaourts brassés bio pêche Les 2 Vaches - 4x115g","p":1.9,"u":"4,13 €/KG","img":"https://fd14-photos.leclercdrive.fr/image.ashx?id=2725714&use=l&cat=p&typeid=i","cat":284410},{"id":231053,"n":"Saucisson sec Cochonou  -25% de sel 32 tranches - 100g","p":1.85,"u":"18,50 €/KG","img":"https://fd14-photos.leclercdrive.fr/image.ashx?id=2833633&use=l&cat=p&typeid=i","cat":316007},{"id":231162,"n":"Pinsa - Sacla  230g","p":3.6,"u":"15,65 €/KG","img":"https://fd14-photos.leclercdrive.fr/image.ashx?id=2848397&use=l&cat=p&typeid=i","cat":284985},{"id":231173,"n":"Pâte à pizza Croustipate XXL - 500g","p":1.8,"u":"3,60 €/KG","img":"https://fd14-photos.leclercdrive.fr/image.ashx?id=2900923&use=l&cat=p&typeid=i","cat":333681},{"id":231203,"n":"Lessive liquide Super Croix  X-tra Japon x42- 1.89L","p":8.35,"u":"4,42 €/L","img":"https://fd14-photos.leclercdrive.fr/image.ashx?id=2876272&use=l&cat=p&typeid=i","cat":284640},{"id":231231,"n":"Magret de canard du Sud-Ouest Maison Montfort - 80g","p":3.8,"u":"47,50 €/KG","img":"https://fd14-photos.leclercdrive.fr/image.ashx?id=2728393&use=l&cat=p&typeid=i","cat":284339},{"id":231301,"n":"Nouilles au poulet  Tables du Monde - 900g","p":5.19,"u":"5,77 €/KG","img":"https://fd14-photos.leclercdrive.fr/image.ashx?id=2726794&use=l&cat=p&typeid=i","cat":284254},{"id":231324,"n":"Rôti de porc cuit Tradilège Supérieur -25% de sel x4 - 160g","p":3.11,"u":"19,44 €/KG","img":"https://fd14-photos.leclercdrive.fr/image.ashx?id=2726896&use=l&cat=p&typeid=i","cat":316009},{"id":231325,"n":"Rôti de porc cuit Tradilège supérieur -25% de sel x6 - 210g","p":3.69,"u":"17,57 €/KG","img":"https://fd14-photos.leclercdrive.fr/image.ashx?id=2728291&use=l&cat=p&typeid=i","cat":316009},{"id":231367,"n":"Rôti de porc Tradilège Supérieur 2 tranches - 80g","p":1.67,"u":"20,88 €/KG","img":"https://fd14-photos.leclercdrive.fr/image.ashx?id=2994402&use=l&cat=p&typeid=i","cat":316009},{"id":231375,"n":"Fromage Carré Eco+ 25%MG - 200g","p":1.56,"u":"7,80 €/KG","img":"https://fd14-photos.leclercdrive.fr/image.ashx?id=2728047&use=l&cat=p&typeid=i","cat":314033},{"id":231394,"n":"Gommage Le Petit Marseillais Corps - Karité et argan - 150ml","p":4.15,"u":"27,67 €/L","img":"https://fd14-photos.leclercdrive.fr/image.ashx?id=2899428&use=l&cat=p&typeid=i","cat":325375},{"id":231407,"n":"Concentré saveur limonade  Sodastream sans sucre - 440ml","p":5.5,"pp":4.5,"u":"10,23 €/L","img":"https://fd14-photos.leclercdrive.fr/image.ashx?id=2728768&use=l&cat=p&typeid=i","cat":295020},{"id":231440,"n":"Pistaches grillées sans Sel Sun - 250g","p":4.59,"u":"18,36 €/KG","img":"https://fd14-photos.leclercdrive.fr/image.ashx?id=2728378&use=l&cat=p&typeid=i","cat":284357},{"id":231441,"n":"Pâte à tartiner  Merveilles du monde - 190g","p":2.8,"u":"14,74 €/KG","img":"https://fd14-photos.leclercdrive.fr/image.ashx?id=2728645&use=l&cat=p&typeid=i","cat":284481},{"id":231447,"n":"Petit camembert Bon Mayennais 150g","p":1.85,"u":"12,33 €/KG","img":"https://fd14-photos.leclercdrive.fr/image.ashx?id=2728140&use=l&cat=p&typeid=i","cat":314033},{"id":231449,"n":"Gel douche Dop Pancakes - 290ml","p":2.05,"u":"7,07 €/L","img":"https://fd14-photos.leclercdrive.fr/image.ashx?id=2728585&use=l&cat=p&typeid=i","cat":284594},{"id":231451,"n":"Gel douche Dop Pâte à tartiner - 290ml","p":2.15,"u":"7,41 €/L","img":"https://fd14-photos.leclercdrive.fr/image.ashx?id=2728570&use=l&cat=p&typeid=i","cat":284594},{"id":231517,"n":"Eau aromatisée Volvic Zest Pêche - 1.5L","p":1.1,"u":"0,73 €/L","img":"https://fd14-photos.leclercdrive.fr/image.ashx?id=2753943&use=l&cat=p&typeid=i","cat":284537},{"id":231532,"n":"Panna cotta fraise Marie Morin - 2x120g","p":3.5,"u":"14,58 €/KG","img":"https://fd14-photos.leclercdrive.fr/image.ashx?id=2734216&use=l&cat=p&typeid=i","cat":284419},{"id":231657,"n":"Tablettes lave-vaisselle Finish Power Plus - x35","p":7.45,"u":"13,30 €/KG","img":"https://fd14-photos.leclercdrive.fr/image.ashx?id=2749431&use=l&cat=p&typeid=i","cat":284656},{"id":231658,"n":"Lessive liquide X-tra Total  4 en 1 propreté x85 - 3.825L","p":13.5,"u":"3,53 €/L","img":"https://fd14-photos.leclercdrive.fr/image.ashx?id=2740568&use=l&cat=p&typeid=i","cat":284640},{"id":231659,"n":"Tablette lave-vaisselle Tout-en-un - x100","p":11.43,"img":"https://fd14-photos.leclercdrive.fr/image.ashx?id=2954908&use=l&cat=p&typeid=i","cat":284656},{"id":231660,"n":"Lessive liquide Super Croix  X-tra Maroc x42 - 1.890L","p":8.25,"u":"4,37 €/L","img":"https://fd14-photos.leclercdrive.fr/image.ashx?id=2876275&use=l&cat=p&typeid=i","cat":284640},{"id":231667,"n":"Brosse à dent Colgate Zig Zag Souple - x1","p":2.45,"img":"https://fd14-photos.leclercdrive.fr/image.ashx?id=2740910&use=l&cat=p&typeid=i","cat":284614},{"id":231690,"n":"Crème soin Mixa Cica réparatrice - 10en1 150ml","p":7.4,"u":"49,33 €/L","img":"https://fd14-photos.leclercdrive.fr/image.ashx?id=2819403&use=l&cat=p&typeid=i","cat":325350},{"id":231692,"n":"Crème corps Mixa Réparatrice - 150ml","p":3.2,"u":"21,33 €/L","img":"https://fd14-photos.leclercdrive.fr/image.ashx?id=2867557&use=l&cat=p&typeid=i","cat":325350},{"id":231694,"n":"Crème corps Mixa Réparatrice Peau sensibles  - 150ml","p":3.2,"u":"21,33 €/L","img":"https://fd14-photos.leclercdrive.fr/image.ashx?id=2892199&use=l&cat=p&typeid=i","cat":325350},{"id":231704,"n":"Lessive multi-usages St Marc  à la Résine de pin - 1,4kg","p":4.4,"u":"3,14 €/KG","img":"https://fd14-photos.leclercdrive.fr/image.ashx?id=2884645&use=l&cat=p&typeid=i","cat":325365},{"id":231708,"n":"Capsules lave-vaisselle Finish  Quantum - x46","p":8.95,"u":"18,72 €/KG","img":"https://fd14-photos.leclercdrive.fr/image.ashx?id=2749440&use=l&cat=p&typeid=i","cat":284656},{"id":231709,"n":"Capsules lave-vaisselle Finish Ultimate Plus Citron - x35","p":8.95,"u":"20,96 €/KG","img":"https://fd14-photos.leclercdrive.fr/image.ashx?id=2749437&use=l&cat=p&typeid=i","cat":284656},{"id":231710,"n":"Capsules lave-vaisselle Finish Ultimate Plus - x35","p":8.95,"u":"20,96 €/KG","img":"https://fd14-photos.leclercdrive.fr/image.ashx?id=2749434&use=l&cat=p&typeid=i","cat":284656},{"id":231712,"n":"Tablettes lave-vaisselle Finish Power Plus - x54","p":8.95,"u":"10,36 €/KG","img":"https://fd14-photos.leclercdrive.fr/image.ashx?id=2749425&use=l&cat=p&typeid=i","cat":284656},{"id":231713,"n":"Spray nettoyant Cillit Bang Expert crasse & calcaire 750ml","p":2.98,"u":"3,97 €/L","img":"https://fd14-photos.leclercdrive.fr/image.ashx?id=2839755&use=l&cat=p&typeid=i","cat":325362},{"id":231714,"n":"Spray nettoyant Cillit Bang  Expert Anti-moisissures - 750ml","p":2.98,"u":"3,97 €/L","img":"https://fd14-photos.leclercdrive.fr/image.ashx?id=2790114&use=l&cat=p&typeid=i","cat":325357},{"id":231715,"n":"Spray nettoyant Cillit Bang  Expert Javel - 750ml","p":2.98,"u":"3,97 €/L","img":"https://fd14-photos.leclercdrive.fr/image.ashx?id=2793653&use=l&cat=p&typeid=i","cat":325357},{"id":231717,"n":"ST MARC Liquide Nettoyant Multi Usages Côtes Bretonnes - 1L","p":2.3,"u":"2,30 €/L","img":"https://fd14-photos.leclercdrive.fr/image.ashx?id=2859074&use=l&cat=p&typeid=i","cat":284907},{"id":231719,"n":"Lessive capsules Super Croix X-tra Bora Bora x28  - 336g","p":7.99,"u":"23,78 €/KG","img":"https://fd14-photos.leclercdrive.fr/image.ashx?id=2876284&use=l&cat=p&typeid=i","cat":284641},{"id":231735,"n":"Dés de jambon à l'étouffé Fleury Michon - 150g","p":1.7,"u":"11,33 €/KG","img":"https://fd14-photos.leclercdrive.fr/image.ashx?id=2740538&use=l&cat=p&typeid=i","cat":316011},{"id":231858,"n":"Crème glacée chocolat Terres Bleues - 420g","p":5.1,"u":"12,14 €/KG","img":"https://fd14-photos.leclercdrive.fr/image.ashx?id=2741123&use=l&cat=p&typeid=i","cat":284263},{"id":231859,"n":"Gâteau glacé Terres Bleues Vanille caramel - 530g","p":10.9,"u":"20,57 €/KG","img":"https://fd14-photos.leclercdrive.fr/image.ashx?id=2741126&use=l&cat=p&typeid=i","cat":284266},{"id":231923,"n":"Liquide vaisselle Maison Verte  Dégraissant, écologique - 500ml","p":1.75,"u":"3,50 €/L","img":"https://fd14-photos.leclercdrive.fr/image.ashx?id=2890619&use=l&cat=p&typeid=i","cat":284655},{"id":232005,"n":"Céleri rémoulade Bonduelle  Moutarde à l'ancienne - 300g","p":2.1,"u":"7,00 €/KG","img":"https://fd14-photos.leclercdrive.fr/image.ashx?id=2894176&use=l&cat=p&typeid=i","cat":333657},{"id":232036,"n":"Compotes Andros Pomme citron - 4x100g","p":1.4,"u":"3,50 €/KG","img":"https://fd14-photos.leclercdrive.fr/image.ashx?id=2989327&use=l&cat=p&typeid=i","cat":284416},{"id":232037,"n":"Crème gourmande Mamie Nova Chocolat Noir 2x150g","p":1.65,"u":"5,50 €/KG","img":"https://fd14-photos.leclercdrive.fr/image.ashx?id=2909020&use=l&cat=p&typeid=i","cat":285041},{"id":232038,"n":"Dessert Fondant Mamie Nova Chocolat Menthe 2x150g","p":1.45,"u":"4,83 €/KG","img":"https://fd14-photos.leclercdrive.fr/image.ashx?id=2909032&use=l&cat=p&typeid=i","cat":285041},{"id":232040,"n":"Yaourt Gourmand Mamie Nova Abricot 2x150g","p":1.5,"u":"5,00 €/KG","img":"https://fd14-photos.leclercdrive.fr/image.ashx?id=2986567&use=l&cat=p&typeid=i","cat":284410},{"id":232130,"n":"Lessive liquide Super Croix  X-tra Bora Bora x63 - 2.835L","p":12.71,"u":"4,48 €/L","img":"https://fd14-photos.leclercdrive.fr/image.ashx?id=2876269&use=l&cat=p&typeid=i","cat":284640},{"id":232150,"n":"Lessive liquide Mir Couleurs  Raviveur couleurs x27 - 1.35L","p":5.68,"u":"4,21 €/L","img":"https://fd14-photos.leclercdrive.fr/image.ashx?id=2744034&use=l&cat=p&typeid=i","cat":284644},{"id":232193,"n":"Liquide vaisselle Mir vinaigre Pamplemousse dégraissant -450ml","p":1.77,"u":"3,93 €/L","img":"https://fd14-photos.leclercdrive.fr/image.ashx?id=2889346&use=l&cat=p&typeid=i","cat":284655},{"id":232195,"n":"Liquide vaisselle Mir  Peau sensible aloe vera - 450ml","p":1.47,"u":"3,27 €/L","img":"https://fd14-photos.leclercdrive.fr/image.ashx?id=2874904&use=l&cat=p&typeid=i","cat":284655},{"id":232230,"n":"Crème visage Mixa Expert Anti-tâches SPF20 - 50ml","p":10.25,"u":"205,00 €/L","img":"https://fd14-photos.leclercdrive.fr/image.ashx?id=2770551&use=l&cat=p&typeid=i","cat":325345},{"id":232231,"n":"Nettoyant confort visage Mixa Anti-secheresse - 150ml","p":5.27,"u":"35,13 €/L","img":"https://fd14-photos.leclercdrive.fr/image.ashx?id=2744171&use=l&cat=p&typeid=i","cat":284603},{"id":232233,"n":"Gelée matifiante visage Mixa Anti-imperfections - 50ml","p":10.25,"u":"205,00 €/L","img":"https://fd14-photos.leclercdrive.fr/image.ashx?id=2770554&use=l&cat=p&typeid=i","cat":325345},{"id":232237,"n":"Nettoyant confort visage Mixa Anti-imperfection - 150ml","p":5.27,"u":"35,13 €/L","img":"https://fd14-photos.leclercdrive.fr/image.ashx?id=2744168&use=l&cat=p&typeid=i","cat":284603},{"id":232275,"n":"Bain de bouche Colgate Max Fraîcheur intense - 500ml","p":3.22,"u":"6,44 €/L","img":"https://fd14-photos.leclercdrive.fr/image.ashx?id=2745433&use=l&cat=p&typeid=i","cat":284613},{"id":232299,"n":"Bande de cire visage Nair Kit Caresse - x20","p":3.4,"img":"https://fd14-photos.leclercdrive.fr/image.ashx?id=2903236&use=l&cat=p&typeid=i","cat":325351},{"id":232304,"n":"Brosse à dent Signal  Integral 8 - Souple - x1","p":1.77,"img":"https://fd14-photos.leclercdrive.fr/image.ashx?id=2772539&use=l&cat=p&typeid=i","cat":284614},{"id":232305,"n":"Brosse à dent Signal Triple action - Souple - x4","p":1.5,"img":"https://fd14-photos.leclercdrive.fr/image.ashx?id=2745871&use=l&cat=p&typeid=i","cat":284614},{"id":232310,"n":"Cantal AOP Les Croisés 30%MG Tranchettes - 180g","p":2.59,"u":"14,39 €/KG","img":"https://fd14-photos.leclercdrive.fr/image.ashx?id=2744551&use=l&cat=p&typeid=i","cat":314028},{"id":232311,"n":"Dentifrice enfant L'Arbre Vert Bien-être Fraise 7-12 ans 50ml","p":2.4,"u":"48,00 €/L","img":"https://fd14-photos.leclercdrive.fr/image.ashx?id=2892811&use=l&cat=p&typeid=i","cat":288898},{"id":232312,"n":"Bain de bouche Sanogyl Soin complet+Blancheur - 500ml","p":4.65,"u":"9,30 €/L","img":"https://fd14-photos.leclercdrive.fr/image.ashx?id=2745706&use=l&cat=p&typeid=i","cat":284613},{"id":232315,"n":"Nettoyant Steradent Pureté active - x36","p":2.24,"img":"https://fd14-photos.leclercdrive.fr/image.ashx?id=2745604&use=l&cat=p&typeid=i","cat":285158},{"id":232317,"n":"Ruban interdentaire Efiseptyl Ultra doux - 25m","p":3.7,"img":"https://fd14-photos.leclercdrive.fr/image.ashx?id=2923474&use=l&cat=p&typeid=i","cat":285159},{"id":232341,"n":"Bloc WC Canard Fresh Disc Fraîcheur marine - 36ml","p":2.85,"img":"https://fd14-photos.leclercdrive.fr/image.ashx?id=2747691&use=l&cat=p&typeid=i","cat":284662},{"id":232356,"n":"Gel douche Sanex Zéro Family - Pompe - 700ml","p":5.76,"u":"8,23 €/L","img":"https://fd14-photos.leclercdrive.fr/image.ashx?id=2745859&use=l&cat=p&typeid=i","cat":284594},{"id":232357,"n":"Recharge Gel douche Sanex Zéro - Peaux sensibles - 500ml","p":3.3,"u":"6,60 €/L","img":"https://fd14-photos.leclercdrive.fr/image.ashx?id=2745856&use=l&cat=p&typeid=i","cat":284594},{"id":232358,"n":"Gel lavant désinfectant Sanytol Purifiant - 500ml","p":5.3,"u":"10,60 €/L","img":"https://fd14-photos.leclercdrive.fr/image.ashx?id=2904664&use=l&cat=p&typeid=i","cat":284597},{"id":232367,"n":"Déodorant spray homme Axe Black Vanilla 72h - 150ml","p":4.2,"u":"28,00 €/L","img":"https://fd14-photos.leclercdrive.fr/image.ashx?id=2910237&use=l&cat=p&typeid=i","cat":284618},{"id":232369,"n":"Bain de bouche Colgate Max Fresh Protection complète 500ml","p":3.22,"u":"6,44 €/L","img":"https://fd14-photos.leclercdrive.fr/image.ashx?id=2747178&use=l&cat=p&typeid=i","cat":284613},{"id":232371,"n":"Dentifrice enfant Elmex Anti-caries - 6-12 ans - 75ml","p":2.7,"u":"36,00 €/L","img":"https://fd14-photos.leclercdrive.fr/image.ashx?id=2747175&use=l&cat=p&typeid=i","cat":288898},{"id":232375,"n":"Déodorant stick homme Rexona Anti-transpirant - 45ml","p":4.5,"u":"100,00 €/L","img":"https://fd14-photos.leclercdrive.fr/image.ashx?id=2747166&use=l&cat=p&typeid=i","cat":284618},{"id":232518,"n":"Pâtes Barilla Stelline - 500g","p":1.25,"u":"2,50 €/KG","img":"https://fd14-photos.leclercdrive.fr/image.ashx?id=2748662&use=l&cat=p&typeid=i","cat":284427},{"id":232574,"n":"Fromage lait brebis Salakis Ail des ours 150g","p":2.8,"u":"18,67 €/KG","img":"https://fd14-photos.leclercdrive.fr/image.ashx?id=2756994&use=l&cat=p&typeid=i","cat":314031},{"id":232778,"n":"Concentré agrumes Sodastream - 440ml","p":5.5,"pp":4.5,"u":"10,23 €/L","img":"https://fd14-photos.leclercdrive.fr/image.ashx?id=2871136&use=l&cat=p&typeid=i","cat":295020},{"id":232780,"n":"Pansements Mercurochrome Peau sensible - x40","p":4.1,"u":"0,10 €/P","img":"https://fd14-photos.leclercdrive.fr/image.ashx?id=2785826&use=l&cat=p&typeid=i","cat":284630},{"id":232781,"n":"Pansements Mercurochrome Kit Ampoules  - 5 pièces","p":5.85,"u":"1,17 €/P","img":"https://fd14-photos.leclercdrive.fr/image.ashx?id=2750414&use=l&cat=p&typeid=i","cat":284630},{"id":232783,"n":"Pansements Mercurochrome A paillettes - x18","p":2.35,"u":"0,13 €/P","img":"https://fd14-photos.leclercdrive.fr/image.ashx?id=2921528&use=l&cat=p&typeid=i","cat":284630},{"id":232785,"n":"Sparadrap Mercurochrome Tissu résistant - 5m x 2.5cm","p":3.15,"img":"https://fd14-photos.leclercdrive.fr/image.ashx?id=2862158&use=l&cat=p&typeid=i","cat":284630},{"id":232786,"n":"Solution Mercurochrome Antiseptique incolore - 100ml","p":4.7,"u":"47,00 €/L","img":"https://fd14-photos.leclercdrive.fr/image.ashx?id=2816853&use=l&cat=p&typeid=i","cat":284630},{"id":232839,"n":"Gel déboucheur Destop  Turbo 5 min - 4 doses - 1L","p":6.8,"u":"6,80 €/L","img":"https://fd14-photos.leclercdrive.fr/image.ashx?id=2976032&use=l&cat=p&typeid=i","cat":284908},{"id":232857,"n":"Noisettes grillées sans sel  Couleurs Vives - 200g","p":3.49,"u":"17,45 €/KG","img":"https://fd14-photos.leclercdrive.fr/image.ashx?id=2749613&use=l&cat=p&typeid=i","cat":284357},{"id":232858,"n":"L'Onctueux Rians Caramel beurre salé - 2x90g","p":2.4,"u":"13,33 €/KG","img":"https://fd14-photos.leclercdrive.fr/image.ashx?id=2750438&use=l&cat=p&typeid=i","cat":285041},{"id":232945,"n":"Kéfir à boire Activia  Myrtille - 280g","p":1.6,"u":"5,71 €/KG","img":"https://fd14-photos.leclercdrive.fr/image.ashx?id=2983012&use=l&cat=p&typeid=i","cat":284415},{"id":232946,"n":"Kefir à boire Activia  Nature 280g","p":1.6,"u":"5,71 €/KG","img":"https://fd14-photos.leclercdrive.fr/image.ashx?id=2750976&use=l&cat=p&typeid=i","cat":284415},{"id":232969,"n":"Gel douche Sanex Essentials Zéro% - Peau sensibles - 475ml","p":4.58,"u":"9,64 €/L","img":"https://fd14-photos.leclercdrive.fr/image.ashx?id=2751375&use=l&cat=p&typeid=i","cat":284594},{"id":232971,"n":"Râpe Scholl Manuelle Nanofile - x1","p":7.95,"img":"https://fd14-photos.leclercdrive.fr/image.ashx?id=2990958&use=l&cat=p&typeid=i","cat":323852},{"id":232972,"n":"Gel Douche Homme Nivea Men 3 en 1 Réveil Express - 250ml","p":1.85,"u":"7,40 €/L","img":"https://fd14-photos.leclercdrive.fr/image.ashx?id=2985459&use=l&cat=p&typeid=i","cat":284619},{"id":232989,"n":"Spray nettoyant Cillit Bang  Expert Dégraissant - 750ml","p":2.98,"img":"https://fd14-photos.leclercdrive.fr/image.ashx?id=2751222&use=l&cat=p&typeid=i","cat":325357},{"id":232991,"n":"Déodorant Eco+ Floral - 200ml","p":0.87,"u":"4,35 €/L","img":"https://fd14-photos.leclercdrive.fr/image.ashx?id=2750270&use=l&cat=p&typeid=i","cat":284595},{"id":233051,"n":"Collant Body Touch Dim Ventre plat - Noir - T2","p":8.9,"img":"https://fd14-photos.leclercdrive.fr/image.ashx?id=3003152&use=l&cat=p&typeid=i","cat":334130},{"id":233137,"n":"Masque cheveux Fructis Réparateur - Papaye - 320ml","p":5.91,"u":"18,47 €/L","img":"https://fd14-photos.leclercdrive.fr/image.ashx?id=2754036&use=l&cat=p&typeid=i","cat":284608},{"id":233151,"n":"Masque cheveux fructis Nourrissant - Banana - 320ml","p":5.91,"u":"18,47 €/L","img":"https://fd14-photos.leclercdrive.fr/image.ashx?id=2754042&use=l&cat=p&typeid=i","cat":284608},{"id":233153,"n":"Masque cheveux Fructis Nutrition Beurre de cacao 320ml","p":5.85,"u":"18,28 €/L","img":"https://fd14-photos.leclercdrive.fr/image.ashx?id=2788763&use=l&cat=p&typeid=i","cat":284608},{"id":233154,"n":"Masque cheveux Fructis Hydratant - Aloe Vera - 320ml","p":5.8,"u":"18,13 €/L","img":"https://fd14-photos.leclercdrive.fr/image.ashx?id=2754048&use=l&cat=p&typeid=i","cat":284608},{"id":233209,"n":"Délices panés Céréal Bio Légumes du soleil Bio - 160g","p":3.3,"u":"20,63 €/KG","img":"https://fd14-photos.leclercdrive.fr/image.ashx?id=2752915&use=l&cat=p&typeid=i","cat":316036},{"id":233233,"n":"Désodorisant Arbre Magique Clip vanille - 1 pièce","p":2.99,"img":"https://fd14-photos.leclercdrive.fr/image.ashx?id=2753289&use=l&cat=p&typeid=i","cat":298252},{"id":233234,"n":"Désodorisant Arbre Magique Clip tropical - 1 pièce","p":2.99,"img":"https://fd14-photos.leclercdrive.fr/image.ashx?id=2753292&use=l&cat=p&typeid=i","cat":298252},{"id":233235,"n":"Désodorisant Arbre Magique Clip new car - 1 pièce","p":2.99,"img":"https://fd14-photos.leclercdrive.fr/image.ashx?id=2753295&use=l&cat=p&typeid=i","cat":298252},{"id":233236,"n":"Désodorisant Arbre magique Midnight chic - 1 pièce","p":1.29,"img":"https://fd14-photos.leclercdrive.fr/image.ashx?id=2753283&use=l&cat=p&typeid=i","cat":298252},{"id":233254,"n":"Désodorisant Arbre Magique Clip black ice - 1 pièce","p":2.75,"img":"https://fd14-photos.leclercdrive.fr/image.ashx?id=2753286&use=l&cat=p&typeid=i","cat":298252},{"id":233280,"n":"Nouilles Tables du Monde Boeuf - 3x65g","p":1.25,"u":"6,41 €/KG","img":"https://fd14-photos.leclercdrive.fr/image.ashx?id=2752545&use=l&cat=p&typeid=i","cat":288992},{"id":233346,"n":"Yaourt Perle de Lait  Sur lit aux fruits 8x125g","p":3.45,"u":"3,45 €/KG","img":"https://fd14-photos.leclercdrive.fr/image.ashx?id=2990586&use=l&cat=p&typeid=i","cat":284410},{"id":233395,"n":"Torche carrée Foxter x1","p":4.99,"u":"Dont 0,10 € d'éco-part.","img":"https://fd14-photos.leclercdrive.fr/image.ashx?id=788336&use=l&cat=p&typeid=i","cat":300575},{"id":233480,"n":"Fromage à tartiner Madame Loïk 9x20g","p":2.2,"u":"12,22 €/KG","img":"https://fd14-photos.leclercdrive.fr/image.ashx?id=2945562&use=l&cat=p&typeid=i","cat":314029},{"id":233491,"n":"Boisson au jus Pago Fruit du dragon Goyave - 75cl","p":2.2,"u":"2,93 €/L","img":"https://fd14-photos.leclercdrive.fr/image.ashx?id=2964357&use=l&cat=p&typeid=i","cat":284916},{"id":233538,"n":"Pomme de terre saumon  Bonduelle 280g","p":2.55,"u":"9,11 €/KG","img":"https://fd14-photos.leclercdrive.fr/image.ashx?id=2903005&use=l&cat=p&typeid=i","cat":333657},{"id":233623,"n":"Baume corps Le Petit Marseillais - Monoï - 380ml","p":6.4,"u":"16,84 €/L","img":"https://fd14-photos.leclercdrive.fr/image.ashx?id=2908171&use=l&cat=p&typeid=i","cat":325350},{"id":233624,"n":"Baume corps Le Petit Marseillais - Coco - 380ml","p":6.2,"u":"16,32 €/L","img":"https://fd14-photos.leclercdrive.fr/image.ashx?id=2758105&use=l&cat=p&typeid=i","cat":325350},{"id":233625,"n":"Gommage corps Le Petit Marseillais - Coco - 150ml","p":4.85,"u":"32,33 €/L","img":"https://fd14-photos.leclercdrive.fr/image.ashx?id=2758108&use=l&cat=p&typeid=i","cat":325375},{"id":233626,"n":"Spray démêlant Le Petit Marseillais Pamplemousse 200ml","p":3.65,"u":"18,25 €/L","img":"https://fd14-photos.leclercdrive.fr/image.ashx?id=2758099&use=l&cat=p&typeid=i","cat":284608},{"id":233630,"n":"Shampooing Le Petit Marseillais Nutrition - 300ml","p":1.93,"u":"6,43 €/L","img":"https://fd14-photos.leclercdrive.fr/image.ashx?id=2758093&use=l&cat=p&typeid=i","cat":284606},{"id":233632,"n":"Shampooing Le Petit Marseillais Douceur & éclat - 300ml","p":2.25,"u":"7,50 €/MT","img":"https://fd14-photos.leclercdrive.fr/image.ashx?id=2758111&use=l&cat=p&typeid=i","cat":284606},{"id":233637,"n":"Concentré Sodastream Grenadine - 440ml","p":5.5,"pp":4.5,"u":"10,23 €/L","img":"https://fd14-photos.leclercdrive.fr/image.ashx?id=2765360&use=l&cat=p&typeid=i","cat":295020},{"id":233638,"n":"Concentré Sodastream Orange - 440ml","p":5.5,"pp":4.5,"u":"10,23 €/L","img":"https://fd14-photos.leclercdrive.fr/image.ashx?id=2765522&use=l&cat=p&typeid=i","cat":295020},{"id":233639,"n":"Concentré Sodastream Limonade - 440ml","p":5.5,"pp":4.5,"u":"102,27 €/L","img":"https://fd14-photos.leclercdrive.fr/image.ashx?id=2758758&use=l&cat=p&typeid=i","cat":295020},{"id":233640,"n":"Concentré Sodastream Tonic - 440ml","p":5.5,"pp":4.5,"u":"10,23 €/L","img":"https://fd14-photos.leclercdrive.fr/image.ashx?id=2765525&use=l&cat=p&typeid=i","cat":295020},{"id":233658,"n":"Chipster salé Belin  85g","p":1.35,"u":"15,88 €/KG","img":"https://fd14-photos.leclercdrive.fr/image.ashx?id=3002240&use=l&cat=p&typeid=i","cat":284449},{"id":233659,"n":"Crackers au sésame Triangolini Belin 110g","p":1.27,"u":"11,55 €/KG","img":"https://fd14-photos.leclercdrive.fr/image.ashx?id=2960057&use=l&cat=p&typeid=i","cat":297000},{"id":233665,"n":"Toast brioché raisin Pelletier 175g","p":1.7,"u":"9,71 €/KG","img":"https://fd14-photos.leclercdrive.fr/image.ashx?id=2758413&use=l&cat=p&typeid=i","cat":284479},{"id":233886,"n":"Dosettes café Senseo Cappuccino x8","p":3.23,"u":"35,11 €/KG","img":"https://fd14-photos.leclercdrive.fr/image.ashx?id=2760187&use=l&cat=p&typeid=i","cat":293238},{"id":233909,"n":"Nems crevette Agis  x4 - 260g","p":3.15,"u":"12,12 €/KG","img":"https://fd14-photos.leclercdrive.fr/image.ashx?id=2788685&use=l&cat=p&typeid=i","cat":333673},{"id":233946,"n":"Lessive capsules Omo Monoï - 3en1 - x29 - 502g","p":9.85,"u":"19,62 €/KG","img":"https://fd14-photos.leclercdrive.fr/image.ashx?id=2841607&use=l&cat=p&typeid=i","cat":284641},{"id":233947,"n":"Lessive capsules 3en1 Omo Rose & Lilas Blanc - 502g x29","p":9.85,"u":"19,62 €/KG","img":"https://fd14-photos.leclercdrive.fr/image.ashx?id=2841610&use=l&cat=p&typeid=i","cat":284641},{"id":233949,"n":"Lessive capsules 3en1 Omo Lavande & Patchouli - x29 502g","p":9.85,"u":"19,62 €/KG","img":"https://fd14-photos.leclercdrive.fr/image.ashx?id=2832599&use=l&cat=p&typeid=i","cat":284641},{"id":233950,"n":"Lessive capsules 3en1 Omo Jasmin fleur de coton 502g x29","p":9.85,"u":"19,62 €/KG","img":"https://fd14-photos.leclercdrive.fr/image.ashx?id=2841613&use=l&cat=p&typeid=i","cat":284641},{"id":233953,"n":"Lessive liquide Skip Cycle  Court Efficacité Express x37","p":10.29,"u":"6,95 €/L","img":"https://fd14-photos.leclercdrive.fr/image.ashx?id=2910240&use=l&cat=p&typeid=i","cat":284640},{"id":233955,"n":"Lessive liquide Skip Cycle Court Odeur Control x37","p":10.29,"u":"6,95 €/L","img":"https://fd14-photos.leclercdrive.fr/image.ashx?id=2927735&use=l&cat=p&typeid=i","cat":284640},{"id":233956,"n":"Lessive liquide Omo Rose & Lilas Blanc - 1.76L","p":9.65,"u":"5,47 €/L","img":"https://fd14-photos.leclercdrive.fr/image.ashx?id=2818208&use=l&cat=p&typeid=i","cat":284640},{"id":233961,"n":"Lessive liquide Omo Jasmin & Fleur de coton 1.764L x42","p":9.47,"u":"5,37 €/L","img":"https://fd14-photos.leclercdrive.fr/image.ashx?id=2841616&use=l&cat=p&typeid=i","cat":284640},{"id":234019,"n":"Bol nouilles instantanées  Daisuki - Poulet Teriyaki 60g","p":2.03,"u":"33,83 €/KG","img":"https://fd14-photos.leclercdrive.fr/image.ashx?id=2762001&use=l&cat=p&typeid=i","cat":288992},{"id":234096,"n":"Escalopes de poulet Maître Coq Tendres - 600g","p":7.45,"u":"12,42 €/KG","img":"https://fd14-photos.leclercdrive.fr/image.ashx?id=2762100&use=l&cat=p&typeid=i","cat":319780},{"id":234150,"n":"Crème de douche Cadum Douceur velours - 450ml","p":2.7,"u":"6,00 €/L","img":"https://fd14-photos.leclercdrive.fr/image.ashx?id=2802518&use=l&cat=p&typeid=i","cat":284594},{"id":234151,"n":"Déodorant bille Narta  Resixyl 72h - 50ml","p":4.36,"u":"87,20 €/L","img":"https://fd14-photos.leclercdrive.fr/image.ashx?id=2769017&use=l&cat=p&typeid=i","cat":284595},{"id":234152,"n":"Déodorant bille Ushuaïa Monoï & tiaré - 50ml","p":2.74,"u":"54,80 €/L","img":"https://fd14-photos.leclercdrive.fr/image.ashx?id=2769020&use=l&cat=p&typeid=i","cat":284595},{"id":234155,"n":"Déodorant bille femme Ushuaïa Grenade açores - 50ml","p":2.74,"u":"54,80 €/L","img":"https://fd14-photos.leclercdrive.fr/image.ashx?id=2789092&use=l&cat=p&typeid=i","cat":284595},{"id":234156,"n":"Déodorant bille Ushuaïa Vanille - 50ml","p":2.74,"u":"54,80 €/L","img":"https://fd14-photos.leclercdrive.fr/image.ashx?id=2769023&use=l&cat=p&typeid=i","cat":284595},{"id":234157,"n":"Déodorant spray Ushuaïa Grenade - 200ml","p":2.74,"u":"13,70 €/L","img":"https://fd14-photos.leclercdrive.fr/image.ashx?id=2769026&use=l&cat=p&typeid=i","cat":284595},{"id":234158,"n":"Déodorant spray Ushuaïa Orchidée - 200ml","p":2.74,"u":"13,70 €/L","img":"https://fd14-photos.leclercdrive.fr/image.ashx?id=2769029&use=l&cat=p&typeid=i","cat":284595},{"id":234159,"n":"Déodorant spray Ushuaïa Vanille - 200ml","p":2.74,"u":"13,70 €/L","img":"https://fd14-photos.leclercdrive.fr/image.ashx?id=2769032&use=l&cat=p&typeid=i","cat":284595},{"id":234163,"n":"Déodorant compressé Narta Resixyl Physio - 100ml","p":5.1,"u":"51,00 €/L","img":"https://fd14-photos.leclercdrive.fr/image.ashx?id=2778401&use=l&cat=p&typeid=i","cat":284595},{"id":234166,"n":"Déodorant spray homme Narta Resixyl Physio - 200ml","p":4.95,"u":"24,75 €/L","img":"https://fd14-photos.leclercdrive.fr/image.ashx?id=2769044&use=l&cat=p&typeid=i","cat":284596},{"id":234168,"n":"Déodorant bille homme Narta Resixyl Physio - 50ml","p":4.36,"u":"87,20 €/L","img":"https://fd14-photos.leclercdrive.fr/image.ashx?id=2769035&use=l&cat=p&typeid=i","cat":284596},{"id":234341,"n":"Café moulu L'Or Doux 100% Arabica - 250g","p":4.69,"u":"18,76 €/KG","img":"https://fd14-photos.leclercdrive.fr/image.ashx?id=2763015&use=l&cat=p&typeid=i","cat":284750},{"id":234370,"n":"Cornichons Croq'Vert  Amora Extra-fins aux épices 210g","p":2.18,"u":"10,38 €/KG","img":"https://fd14-photos.leclercdrive.fr/image.ashx?id=2770671&use=l&cat=p&typeid=i","cat":284458},{"id":234375,"n":"Nouilles Tables du Monde Poulet - 3x65g","p":1.39,"u":"7,13 €/KG","img":"https://fd14-photos.leclercdrive.fr/image.ashx?id=2763045&use=l&cat=p&typeid=i","cat":288992},{"id":234378,"n":"Bâtonnets Magnum Wonder Chocolat blanc caramélisé 208g","p":2.45,"u":"11,78 €/KG","img":"https://fd14-photos.leclercdrive.fr/image.ashx?id=2764044&use=l&cat=p&typeid=i","cat":284265},{"id":234379,"n":"Bâtonnets Magnum Euphoria Pink limonade x3 - 208g","p":2.95,"u":"14,18 €/KG","img":"https://fd14-photos.leclercdrive.fr/image.ashx?id=2788121&use=l&cat=p&typeid=i","cat":284265},{"id":234607,"n":"Skyr Siggi's  Fraise - 2x140g","p":2.0,"u":"7,14 €/KG","img":"https://fd14-photos.leclercdrive.fr/image.ashx?id=2986146&use=l&cat=p&typeid=i","cat":315000},{"id":234634,"n":"Concentré Sodastream Lipton Ice tea zero - 440ml","p":5.5,"pp":4.5,"u":"11,25 €/L","img":"https://fd14-photos.leclercdrive.fr/image.ashx?id=2766069&use=l&cat=p&typeid=i","cat":295020},{"id":234635,"n":"Concentré Sodastream Lipton Green ice tea - 440ml","p":5.5,"pp":4.5,"u":"11,25 €/L","img":"https://fd14-photos.leclercdrive.fr/image.ashx?id=2766072&use=l&cat=p&typeid=i","cat":295020},{"id":234795,"n":"Sardines Les Mouettes d'Arvor Au piment d'Espelette - 115g","p":3.3,"u":"28,70 €/KG","img":"https://fd14-photos.leclercdrive.fr/image.ashx?id=2767908&use=l&cat=p&typeid=i","cat":305146},{"id":234858,"n":"Yaourt brassé végétal Andros Lait de coco Nature - 8x100g","p":4.3,"u":"5,38 €/KG","img":"https://fd14-photos.leclercdrive.fr/image.ashx?id=2872027&use=l&cat=p&typeid=i","cat":284933},{"id":234875,"n":"Purée de tomates Heinz x 3 - 212g","p":1.92,"u":"3,02 €/KG","img":"https://fd14-photos.leclercdrive.fr/image.ashx?id=2927004&use=l&cat=p&typeid=i","cat":288384},{"id":234978,"n":"Crème glacée café Terres Bleues - 420g","p":5.1,"u":"12,14 €/KG","img":"https://fd14-photos.leclercdrive.fr/image.ashx?id=2772248&use=l&cat=p&typeid=i","cat":284263},{"id":235051,"n":"Repas bébé Blédichef 12 mois  Risotto épinards Kiri - 230g","p":1.99,"u":"8,65 €/KG","img":"https://fd14-photos.leclercdrive.fr/image.ashx?id=2852375&use=l&cat=p&typeid=i","cat":312237},{"id":235065,"n":"Repas bébé Blédichef 15 mois  Pâtes poireaux et kiri -250g","p":1.99,"u":"7,96 €/KG","img":"https://fd14-photos.leclercdrive.fr/image.ashx?id=2928420&use=l&cat=p&typeid=i","cat":312238},{"id":235067,"n":"Repas bébé Blédichef Dès 12mois Carotte et semoule - 4x230g","p":7.34,"u":"7,98 €/KG","img":"https://fd14-photos.leclercdrive.fr/image.ashx?id=2773216&use=l&cat=p&typeid=i","cat":312237},{"id":235068,"n":"Repas bébé Blédichef 15 mois Lasagne bolognaise -230g","p":2.67,"u":"11,61 €/KG","img":"https://fd14-photos.leclercdrive.fr/image.ashx?id=2975098&use=l&cat=p&typeid=i","cat":312238},{"id":235073,"n":"Repas bébé Blédichef 15 mois  Brocolis petits pois  -230g","p":2.48,"u":"12,40 €/KG","img":"https://fd14-photos.leclercdrive.fr/image.ashx?id=2773219&use=l&cat=p&typeid=i","cat":312238},{"id":235078,"n":"Repas bébé Blédichef 15 mois Carottes lentilles corail -200g","p":2.45,"u":"12,25 €/KG","img":"https://fd14-photos.leclercdrive.fr/image.ashx?id=2866304&use=l&cat=p&typeid=i","cat":312238},{"id":235115,"n":"Crème dessert Marie Morin Vanille de Madagascar 2x120g","p":2.8,"u":"11,67 €/KG","img":"https://fd14-photos.leclercdrive.fr/image.ashx?id=2790669&use=l&cat=p&typeid=i","cat":285041},{"id":235116,"n":"Tarte tatin Marie Morin 2x130g","p":3.55,"u":"13,65 €/KG","img":"https://fd14-photos.leclercdrive.fr/image.ashx?id=2774544&use=l&cat=p&typeid=i","cat":284419},{"id":235247,"n":"M&M's Peanut x5 180g","p":1.93,"u":"10,72 €/KG","img":"https://fd14-photos.leclercdrive.fr/image.ashx?id=3009011&use=l&cat=p&typeid=i","cat":304238},{"id":235260,"n":"Pâte Lotus Biscoff Speculoos Creamy - 410g","p":3.77,"u":"9,20 €/KG","img":"https://fd14-photos.leclercdrive.fr/image.ashx?id=2776208&use=l&cat=p&typeid=i","cat":284481},{"id":235323,"n":"Skyr Siggi's  Nature 0% MG - 825g","p":4.8,"u":"5,82 €/KG","img":"https://fd14-photos.leclercdrive.fr/image.ashx?id=2848551&use=l&cat=p&typeid=i","cat":315000},{"id":235413,"n":"Tube harissa El Manar  - 140g","p":0.8,"u":"5,71 €/KG","img":"https://fd14-photos.leclercdrive.fr/image.ashx?id=2776552&use=l&cat=p&typeid=i","cat":289013},{"id":235427,"n":"Sauce soja salée  Suziwan - 640ml","p":5.4,"u":"8,44 €/L","img":"https://fd14-photos.leclercdrive.fr/image.ashx?id=2886244&use=l&cat=p&typeid=i","cat":288992},{"id":235445,"n":"Céréales bébé Blédina  complètes au miel - 70g","p":1.84,"u":"26,29 €/KG","img":"https://fd14-photos.leclercdrive.fr/image.ashx?id=2776826&use=l&cat=p&typeid=i","cat":312225},{"id":235565,"n":"Plateau trio tradition  Jambon/rosette/pavé poivre 160g","p":5.95,"u":"37,19 €/KG","img":"https://fd14-photos.leclercdrive.fr/image.ashx?id=2779642&use=l&cat=p&typeid=i","cat":316007},{"id":235636,"n":"Capsules lave-vaisselle Finish Quantum Citron - x46 - 478g","p":8.95,"u":"18,72 €/KG","img":"https://fd14-photos.leclercdrive.fr/image.ashx?id=2780493&use=l&cat=p&typeid=i","cat":284656},{"id":235658,"n":"Herbes de provence Saint Lucie \"L'Originale Recette\" - 30g","p":1.95,"u":"65,00 €/KG","img":"https://fd14-photos.leclercdrive.fr/image.ashx?id=2968154&use=l&cat=p&typeid=i","cat":298297},{"id":235671,"n":"Fromage chaud Le Braison 240g","p":4.95,"u":"20,63 €/KG","img":"https://fd14-photos.leclercdrive.fr/image.ashx?id=2970771&use=l&cat=p&typeid=i","cat":314037},{"id":235685,"n":"Lait bébé en poudre Calisma Gallia Croissance 12 mois 830g","p":12.56,"u":"15,13 €/KG","img":"https://fd14-photos.leclercdrive.fr/image.ashx?id=2794274&use=l&cat=p&typeid=i","cat":290219},{"id":235793,"n":"Dentifrice Junior Signal Menthe douce - 6-13 ans 75ml","p":2.74,"u":"36,53 €/L","img":"https://fd14-photos.leclercdrive.fr/image.ashx?id=2993502&use=l&cat=p&typeid=i","cat":288898},{"id":235831,"n":"Brosse à dent électrique +1 Recharge Active Power","p":14.99,"img":"https://fd14-photos.leclercdrive.fr/image.ashx?id=2781049&use=l&cat=p&typeid=i","cat":297133},{"id":235926,"n":"Fromage pour raclette Pochat & Fils - des ours - 250g","p":5.7,"u":"22,80 €/KG","img":"https://fd14-photos.leclercdrive.fr/image.ashx?id=2781456&use=l&cat=p&typeid=i","cat":314037},{"id":235927,"n":"Fromage pour raclette Pochat & Fils - Au chèvre - 250g","p":5.7,"u":"22,80 €/KG","img":"https://fd14-photos.leclercdrive.fr/image.ashx?id=2781459&use=l&cat=p&typeid=i","cat":314037},{"id":235951,"n":"Frite classique Mc Cain Air Fryer - 600g","p":2.45,"u":"4,08 €/KG","img":"https://fd14-photos.leclercdrive.fr/image.ashx?id=2973345&use=l&cat=p&typeid=i","cat":319791},{"id":235952,"n":"Noisettes Mc Cain Air Fryer - 550g","p":2.45,"u":"4,45 €/KG","img":"https://fd14-photos.leclercdrive.fr/image.ashx?id=2878474&use=l&cat=p&typeid=i","cat":319792},{"id":236050,"n":"Lait bébé en poudre Calisma Gallia Junior Dès 18 mois 830g","p":10.95,"u":"13,19 €/KG","img":"https://fd14-photos.leclercdrive.fr/image.ashx?id=2907860&use=l&cat=p&typeid=i","cat":290219},{"id":236122,"n":"Haché moelleux Férial x20 - 1.6kg","p":16.06,"u":"10,04 €/KG","img":"https://fd14-photos.leclercdrive.fr/image.ashx?id=2783797&use=l&cat=p&typeid=i","cat":319778},{"id":236221,"n":"Brioche tressée Epi d'or nature - 600g","p":2.09,"u":"3,48 €/KG","img":"https://fd14-photos.leclercdrive.fr/image.ashx?id=2976297&use=l&cat=p&typeid=i","cat":284478},{"id":236228,"n":"Corbeille Offrandes Gourmandes Gourmandise - 609g","p":20.0,"u":"32,84 €/KG","img":"https://fd14-photos.leclercdrive.fr/image.ashx?id=2902169&use=l&cat=p&typeid=i","cat":305149},{"id":236260,"n":"Flammekueche L'Originale Stoeffler - 190g","p":2.3,"u":"12,11 €/KG","img":"https://fd14-photos.leclercdrive.fr/image.ashx?id=2868939&use=l&cat=p&typeid=i","cat":333680},{"id":236311,"n":"Le Burger frites Charal - 240g","p":3.4,"u":"14,17 €/KG","img":"https://fd14-photos.leclercdrive.fr/image.ashx?id=2789808&use=l&cat=p&typeid=i","cat":319822},{"id":236465,"n":"Chocolat L'escargot Lanvin Noir - 362g","p":13.95,"u":"38,54 €/KG","img":"https://fd14-photos.leclercdrive.fr/image.ashx?id=2903836&use=l&cat=p&typeid=i","cat":327595},{"id":236696,"n":"Rasoir jetable Wilkinson Xtreme 3 - Black Edition - 4+2","p":5.6,"img":"https://fd14-photos.leclercdrive.fr/image.ashx?id=2849220&use=l&cat=p&typeid=i","cat":284616},{"id":236718,"n":"Chocolat Peluche mix Kinder Cerf - 133g","p":13.45,"u":"101,13 €/KG","img":"https://fd14-photos.leclercdrive.fr/image.ashx?id=2798807&use=l&cat=p&typeid=i","cat":327789},{"id":236719,"n":"Chocolat Peluche mix Kinder Loutre - 133g","p":13.45,"u":"101,13 €/KG","img":"https://fd14-photos.leclercdrive.fr/image.ashx?id=2798810&use=l&cat=p&typeid=i","cat":327789},{"id":236731,"n":"Traîneau chocolat oeuf Kinder Bleu - 75g","p":3.45,"u":"46,00 €/KG","img":"https://fd14-photos.leclercdrive.fr/image.ashx?id=2798837&use=l&cat=p&typeid=i","cat":327592},{"id":236732,"n":"Traîneau chocolat oeuf Kinder Orange - 75g","p":3.45,"u":"46,00 €/KG","img":"https://fd14-photos.leclercdrive.fr/image.ashx?id=2798840&use=l&cat=p&typeid=i","cat":327592},{"id":236733,"n":"Traîneau chocolat oeuf Kinder Vert - 75g","p":3.45,"u":"46,00 €/KG","img":"https://fd14-photos.leclercdrive.fr/image.ashx?id=2798843&use=l&cat=p&typeid=i","cat":327592},{"id":236734,"n":"Moulage avec surprise Kinder Bonhomme de Neige- 36g","p":2.16,"u":"60,00 €/KG","img":"https://fd14-photos.leclercdrive.fr/image.ashx?id=2798846&use=l&cat=p&typeid=i","cat":327592},{"id":236735,"n":"Moulage avec surprise Kinder Ecureuil- 36g","p":2.16,"u":"60,00 €/KG","img":"https://fd14-photos.leclercdrive.fr/image.ashx?id=2798849&use=l&cat=p&typeid=i","cat":327592},{"id":236736,"n":"Moulage avec surprise Kinder Garçon - 36g","p":2.16,"u":"60,00 €/KG","img":"https://fd14-photos.leclercdrive.fr/image.ashx?id=2798852&use=l&cat=p&typeid=i","cat":327592},{"id":236737,"n":"Moulage avec surprise Kinder Père Noël - 36g","p":2.16,"u":"60,00 €/KG","img":"https://fd14-photos.leclercdrive.fr/image.ashx?id=2798855&use=l&cat=p&typeid=i","cat":327592},{"id":236738,"n":"Moulage avec surprise Kinder Pingouin - 36g","p":2.16,"u":"60,00 €/KG","img":"https://fd14-photos.leclercdrive.fr/image.ashx?id=2798858&use=l&cat=p&typeid=i","cat":327592},{"id":236741,"n":"Oeuf maxi Kinder Surprise Noel - 100g","p":6.35,"u":"63,50 €/KG","img":"https://fd14-photos.leclercdrive.fr/image.ashx?id=2798864&use=l&cat=p&typeid=i","cat":327592},{"id":237031,"n":"Peluche Kinder Mix - 133g","p":13.45,"u":"101,13 €/KG","img":"https://fd14-photos.leclercdrive.fr/image.ashx?id=2940285&use=l&cat=p&typeid=i","cat":327789},{"id":237033,"n":"Œuf Maxi Kinder surprise Garçon - 100g","p":6.35,"u":"63,50 €/KG","img":"https://fd14-photos.leclercdrive.fr/image.ashx?id=2940516&use=l&cat=p&typeid=i","cat":327592},{"id":237036,"n":"Petits plaisirs Ferrero Rocher Mix 3 goûts - 200g","p":7.8,"u":"39,00 €/KG","img":"https://fd14-photos.leclercdrive.fr/image.ashx?id=2945017&use=l&cat=p&typeid=i","cat":327600},{"id":237038,"n":"Bouchées Raffaello x12 -120g","p":5.45,"u":"45,42 €/KG","img":"https://fd14-photos.leclercdrive.fr/image.ashx?id=2945011&use=l&cat=p&typeid=i","cat":284499},{"id":237039,"n":"Bouchées Mon Chéri Liqueur cerise x12 - 126g","p":4.95,"u":"39,29 €/KG","img":"https://fd14-photos.leclercdrive.fr/image.ashx?id=2945014&use=l&cat=p&typeid=i","cat":284499},{"id":237040,"n":"Boîte Grand assortiment Ferrero Chocolat - x20 - 197g","p":9.95,"u":"50,51 €/KG","img":"https://fd14-photos.leclercdrive.fr/image.ashx?id=2909251&use=l&cat=p&typeid=i","cat":327595},{"id":237047,"n":"Moulage Kinder Caramel - 110g","p":3.65,"u":"33,18 €/KG","img":"https://fd14-photos.leclercdrive.fr/image.ashx?id=2797013&use=l&cat=p&typeid=i","cat":327592},{"id":237053,"n":"Boîte chocolat Kinder Happy Moments Sapin - 243g","p":9.25,"u":"38,07 €/KG","img":"https://fd14-photos.leclercdrive.fr/image.ashx?id=2945790&use=l&cat=p&typeid=i","cat":327592},{"id":237054,"n":"Chaussette Kinder&Co Assortiment chocolat - 212g","p":9.45,"u":"44,58 €/KG","img":"https://fd14-photos.leclercdrive.fr/image.ashx?id=2899755&use=l&cat=p&typeid=i","cat":327592},{"id":237056,"n":"Chocolat Ferrero Collection Grand assortiment x42 - 441g","p":16.95,"u":"38,44 €/KG","img":"https://fd14-photos.leclercdrive.fr/image.ashx?id=2940540&use=l&cat=p&typeid=i","cat":327595},{"id":237057,"n":"Chocolat Ferrero Collection Grand assortiment x43 - 432g","p":16.95,"u":"39,24 €/KG","img":"https://fd14-photos.leclercdrive.fr/image.ashx?id=2940543&use=l&cat=p&typeid=i","cat":327595},{"id":237069,"n":"Coffret cadeau magique Hamlet Chocolats Belges - 200g","p":11.95,"pp":8.96,"u":"44,80 €/KG","img":"https://fd14-photos.leclercdrive.fr/image.ashx?id=2839328&use=l&cat=p&typeid=i","cat":327595},{"id":237120,"n":"Père Noël Milka Party mix - 61g","p":2.85,"u":"46,72 €/KG","img":"https://fd14-photos.leclercdrive.fr/image.ashx?id=2796998&use=l&cat=p&typeid=i","cat":327592},{"id":237125,"n":"Les Bouchées Les Recettes de L'Atelier - Noir - 187g","p":7.15,"u":"38,24 €/KG","img":"https://fd14-photos.leclercdrive.fr/image.ashx?id=2797112&use=l&cat=p&typeid=i","cat":327595},{"id":237127,"n":"Boîte chocolat Lanvin Mixte chocolats - 285g","p":13.95,"u":"48,95 €/KG","img":"https://fd14-photos.leclercdrive.fr/image.ashx?id=2797145&use=l&cat=p&typeid=i","cat":327595},{"id":237128,"n":"Assortiment chocolat Lanvin Chocolat noir - 294g","p":13.9,"u":"47,28 €/KG","img":"https://fd14-photos.leclercdrive.fr/image.ashx?id=2966149&use=l&cat=p&typeid=i","cat":327595},{"id":237129,"n":"Les Bouchées Les Recettes de L'Atelier - Lait et noir - 398G","p":14.75,"pp":11.06,"u":"27,79 €/KG","img":"https://fd14-photos.leclercdrive.fr/image.ashx?id=2797106&use=l&cat=p&typeid=i","cat":327595},{"id":237131,"n":"Boîte chocolat Lanvin Assortiment chocolat Lait 274g","p":14.25,"u":"52,01 €/KG","img":"https://fd14-photos.leclercdrive.fr/image.ashx?id=2797139&use=l&cat=p&typeid=i","cat":327595},{"id":237134,"n":"L'escargot chocolat Lanvin Duo Lait noir - 362G","p":14.25,"u":"39,36 €/KG","img":"https://fd14-photos.leclercdrive.fr/image.ashx?id=2902843&use=l&cat=p&typeid=i","cat":327595},{"id":237136,"n":"L'escargot chocolat Lanvin Chocolat au lait - 362g","p":13.95,"u":"38,54 €/KG","img":"https://fd14-photos.leclercdrive.fr/image.ashx?id=2987005&use=l&cat=p&typeid=i","cat":327595},{"id":237137,"n":"Bouchées Les Recettes de L'Atelier - Noir - 401g","p":14.75,"pp":11.06,"u":"27,58 €/KG","img":"https://fd14-photos.leclercdrive.fr/image.ashx?id=2960102&use=l&cat=p&typeid=i","cat":327595},{"id":237140,"n":"L'escargot trio Lanvin Lait Amande Caramel - 362g","p":13.95,"u":"38,54 €/KG","img":"https://fd14-photos.leclercdrive.fr/image.ashx?id=2897405&use=l&cat=p&typeid=i","cat":327595},{"id":237145,"n":"Papillotes Pâtes de fruit chocolaterie du Forez - 420g","p":6.95,"u":"165,48 €/KG","img":"https://fd14-photos.leclercdrive.fr/image.ashx?id=2797825&use=l&cat=p&typeid=i","cat":327597},{"id":237156,"n":"Boîte chocolat Révillon Grand assortiment lait - 407g","p":17.55,"u":"43,12 €/KG","img":"https://fd14-photos.leclercdrive.fr/image.ashx?id=2900788&use=l&cat=p&typeid=i","cat":327595},{"id":237157,"n":"Boîte chocolat Révillon Grand Assortiment Noir 70% Lait 404g","p":17.55,"u":"43,44 €/KG","img":"https://fd14-photos.leclercdrive.fr/image.ashx?id=2900794&use=l&cat=p&typeid=i","cat":327595},{"id":237159,"n":"Boîte chocolat Révillon Grand Assortiment Noir 70% - 409g","p":16.35,"u":"39,98 €/KG","img":"https://fd14-photos.leclercdrive.fr/image.ashx?id=2900791&use=l&cat=p&typeid=i","cat":327595},{"id":237173,"n":"Chalet garni de noël Riegelein Moulage chocolat au lait - 174g","p":5.65,"u":"32,47 €/KG","img":"https://fd14-photos.leclercdrive.fr/image.ashx?id=2796950&use=l&cat=p&typeid=i","cat":327592},{"id":237175,"n":"Sachet cups Riegelein Confiserie de cacao - 200g","p":2.85,"u":"14,25 €/KG","img":"https://fd14-photos.leclercdrive.fr/image.ashx?id=2796956&use=l&cat=p&typeid=i","cat":327592},{"id":237177,"n":"Sachet cornet Napo Eichetti Confiserie de cacao - 200g","p":2.35,"u":"11,75 €/KG","img":"https://fd14-photos.leclercdrive.fr/image.ashx?id=2796920&use=l&cat=p&typeid=i","cat":327592},{"id":237894,"n":"Moulage avec surprise Kinder Pingouin - 36g","p":2.16,"u":"60,00 €/KG","img":"https://fd14-photos.leclercdrive.fr/image.ashx?id=2799032&use=l&cat=p&typeid=i","cat":327592},{"id":237900,"n":"Chaussette Kinder&Co Bleue Assortiment chocolat - 212g","p":9.45,"u":"44,58 €/KG","img":"https://fd14-photos.leclercdrive.fr/image.ashx?id=2799050&use=l&cat=p&typeid=i","cat":327592},{"id":237901,"n":"Chaussette Kinder&Co Rouge Assortiment chocolat - 212g","p":9.45,"u":"44,58 €/KG","img":"https://fd14-photos.leclercdrive.fr/image.ashx?id=2803939&use=l&cat=p&typeid=i","cat":327592},{"id":237902,"n":"Moulage Ourson Blanc Riegelein - Lait 100g","p":2.8,"u":"28,00 €/KG","img":"https://fd14-photos.leclercdrive.fr/image.ashx?id=2799053&use=l&cat=p&typeid=i","cat":327592},{"id":237903,"n":"Moulage Ourson Brun  Riegelein - Lait 100g","p":2.8,"u":"28,00 €/KG","img":"https://fd14-photos.leclercdrive.fr/image.ashx?id=2799056&use=l&cat=p&typeid=i","cat":327592},{"id":237904,"n":"Moulage Panda Riegelein Chocolat au lait - 100g","p":2.8,"u":"28,00 €/KG","img":"https://fd14-photos.leclercdrive.fr/image.ashx?id=2799059&use=l&cat=p&typeid=i","cat":327592},{"id":237927,"n":"Crème Revitalift L'Oréal Paris Soin défatigant jour - 100ml","p":10.1,"u":"101,00 €/L","img":"https://fd14-photos.leclercdrive.fr/image.ashx?id=2887965&use=l&cat=p&typeid=i","cat":325345},{"id":237931,"n":"Assortiment de chocolats belges Hamlet - 200g","p":6.89,"pp":4.55,"u":"22,75 €/KG","img":"https://fd14-photos.leclercdrive.fr/image.ashx?id=2797897&use=l&cat=p&typeid=i","cat":327595},{"id":237933,"n":"Chocolat arbre de Noël Hamlet 200g","p":6.89,"pp":4.55,"u":"22,75 €/KG","img":"https://fd14-photos.leclercdrive.fr/image.ashx?id=2800983&use=l&cat=p&typeid=i","cat":327595},{"id":238073,"n":"Soda Coca-Cola Sans Sucres Bouteille - Pack 6x50CL","p":5.4,"u":"1,80 €/L","img":"https://fd14-photos.leclercdrive.fr/image.ashx?id=2860532&use=l&cat=p&typeid=i","cat":284530},{"id":238264,"n":"Chocolats Caffarel Noisettes - 200g","p":10.95,"pp":7.23,"u":"36,15 €/KG","img":"https://fd14-photos.leclercdrive.fr/image.ashx?id=2872204&use=l&cat=p&typeid=i","cat":327595},{"id":238308,"n":"Fromage pour tartiflette Ermitage - 450g","p":4.9,"u":"10,89 €/KG","img":"https://fd14-photos.leclercdrive.fr/image.ashx?id=2831921&use=l&cat=p&typeid=i","cat":314037},{"id":238313,"n":"Nouilles Tables du Monde Curry - 3x65g","p":1.39,"u":"7,13 €/KG","img":"https://fd14-photos.leclercdrive.fr/image.ashx?id=2799850&use=l&cat=p&typeid=i","cat":288992},{"id":238377,"n":"Mousse à raser Wilkinson 200ml","p":2.95,"u":"14,75 €/L","img":"https://fd14-photos.leclercdrive.fr/image.ashx?id=2801252&use=l&cat=p&typeid=i","cat":284617},{"id":238378,"n":"Gel à raser Wilkinson 200ml","p":3.45,"u":"17,25 €/L","img":"https://fd14-photos.leclercdrive.fr/image.ashx?id=2801255&use=l&cat=p&typeid=i","cat":284617},{"id":238462,"n":"Emmental Français râpé  Paysan Breton - 200g","p":2.15,"u":"10,75 €/KG","img":"https://fd14-photos.leclercdrive.fr/image.ashx?id=2975200&use=l&cat=p&typeid=i","cat":314035},{"id":238518,"n":"Escalope cordon bleu poulet  Père Dodu 200g","p":2.65,"u":"13,25 €/KG","img":"https://fd14-photos.leclercdrive.fr/image.ashx?id=2804523&use=l&cat=p&typeid=i","cat":333683},{"id":238519,"n":"Crousti Tenders Père Dodu Epicé - 200g","p":5.25,"u":"26,25 €/KG","img":"https://fd14-photos.leclercdrive.fr/image.ashx?id=2957218&use=l&cat=p&typeid=i","cat":333684},{"id":238530,"n":"Ravioli Lustucru Selection  4 fromages - 310g","p":1.8,"u":"5,81 €/KG","img":"https://fd14-photos.leclercdrive.fr/image.ashx?id=2962524&use=l&cat=p&typeid=i","cat":333682},{"id":238565,"n":"Compotes gourdes Pom'Potes Multivariétés - 64x90g","p":28.39,"pp":19.87,"u":"3,45 €/KG","img":"https://fd14-photos.leclercdrive.fr/image.ashx?id=2977270&use=l&cat=p&typeid=i","cat":284508},{"id":238567,"n":"Masque cheveux Fructis Garnier Longueur & glow Ananas - 320ml","p":6.05,"u":"18,91 €/L","img":"https://fd14-photos.leclercdrive.fr/image.ashx?id=2802129&use=l&cat=p&typeid=i","cat":284608},{"id":238628,"n":"Mon haché Burger Bigard 20%MG - 2x110g","p":3.65,"u":"16,59 €/KG","img":"https://fd14-photos.leclercdrive.fr/image.ashx?id=2802386&use=l&cat=p&typeid=i","cat":284332},{"id":238693,"n":"Moulage Chocolat au lait Rohan Modèle divers - 150g","p":3.8,"u":"25,33 €/KG","img":"https://fd14-photos.leclercdrive.fr/image.ashx?id=2801881&use=l&cat=p&typeid=i","cat":327592},{"id":238729,"n":"Sarment chocolat noir Mademoiselle de Margaux - 150g","p":5.8,"u":"38,67 €/KG","img":"https://fd14-photos.leclercdrive.fr/image.ashx?id=2802563&use=l&cat=p&typeid=i","cat":327601},{"id":238731,"n":"Sarment chocolat noir & menthe Mademoiselle de Margaux 150g","p":5.8,"u":"38,67 €/KG","img":"https://fd14-photos.leclercdrive.fr/image.ashx?id=2802569&use=l&cat=p&typeid=i","cat":327601},{"id":238734,"n":"Sarment chocolat  lait  caramel Mademoiselle de Margaux - 150g","p":5.8,"u":"38,67 €/KG","img":"https://fd14-photos.leclercdrive.fr/image.ashx?id=2802560&use=l&cat=p&typeid=i","cat":327601},{"id":238735,"n":"Sarment chocolat noir framboise Mademoiselle de Margaux - 150g","p":5.8,"u":"38,67 €/KG","img":"https://fd14-photos.leclercdrive.fr/image.ashx?id=2802566&use=l&cat=p&typeid=i","cat":327601},{"id":238758,"n":"Crème légère fluide UHT 12% Bridélice - 50cl","p":1.85,"u":"3,70 €/L","img":"https://fd14-photos.leclercdrive.fr/image.ashx?id=2994470&use=l&cat=p&typeid=i","cat":284381},{"id":238785,"n":"Jambon Le tranché fin  Dégustation 4 tranches 120g","p":2.45,"u":"20,42 €/KG","img":"https://fd14-photos.leclercdrive.fr/image.ashx?id=2889298&use=l&cat=p&typeid=i","cat":316009},{"id":238788,"n":"Plat cuisiné lasagnes ricotta épinards 300g","p":3.55,"u":"11,83 €/KG","img":"https://fd14-photos.leclercdrive.fr/image.ashx?id=3003260&use=l&cat=p&typeid=i","cat":333665},{"id":238899,"n":"Yaourt protéiné Skyr Yoplait Vanille 0%Mg - 450g","p":2.25,"u":"5,00 €/KG","img":"https://fd14-photos.leclercdrive.fr/image.ashx?id=2884447&use=l&cat=p&typeid=i","cat":315000},{"id":238910,"n":"Yaourt protéiné Skyr Yoplait Lit au caramel 0%mg - 4x120g","p":3.3,"u":"6,88 €/KG","img":"https://fd14-photos.leclercdrive.fr/image.ashx?id=2973751&use=l&cat=p&typeid=i","cat":315000},{"id":238984,"n":"Rasoir Tondeuse Carré Homme Hybride +1 recharge","p":19.15,"u":"19,15 €/PRT","img":"https://fd14-photos.leclercdrive.fr/image.ashx?id=2804072&use=l&cat=p&typeid=i","cat":284616},{"id":238985,"n":"Recharge rasoir tondeuse Hybride - Carré homme","p":6.55,"img":"https://fd14-photos.leclercdrive.fr/image.ashx?id=2804075&use=l&cat=p&typeid=i","cat":284616},{"id":239052,"n":"Vacherin glacé Erhard Fraise vanille - 470g","p":7.9,"u":"16,81 €/KG","img":"https://fd14-photos.leclercdrive.fr/image.ashx?id=2805420&use=l&cat=p&typeid=i","cat":284266},{"id":239053,"n":"Corbeille Secret d'Eleveurs L'accord foie gras - x1","p":17.9,"img":"https://fd14-photos.leclercdrive.fr/image.ashx?id=2864480&use=l&cat=p&typeid=i","cat":305148},{"id":239054,"n":"Corbeille Secret d'Eleveurs Marche champêtre - 1p","p":29.0,"img":"https://fd14-photos.leclercdrive.fr/image.ashx?id=2864483&use=l&cat=p&typeid=i","cat":305148},{"id":239055,"n":"Vacherin glacé Erhard Chocolat caramel - 450g","p":7.9,"u":"17,56 €/KG","img":"https://fd14-photos.leclercdrive.fr/image.ashx?id=2805423&use=l&cat=p&typeid=i","cat":284266},{"id":239059,"n":"Foie gras canard Labeyrie Entier - 190g","p":25.49,"u":"134,16 €/KG","img":"https://fd14-photos.leclercdrive.fr/image.ashx?id=2805147&use=l&cat=p&typeid=i","cat":316008},{"id":239082,"n":"Foie gras de canard IGP Maison Rey - 300g","p":29.9,"u":"99,67 €/KG","img":"https://fd14-photos.leclercdrive.fr/image.ashx?id=2826003&use=l&cat=p&typeid=i","cat":316008},{"id":239083,"n":"Foie gras de canard IGP Maison Rey - 450g","p":39.9,"u":"88,67 €/KG","img":"https://fd14-photos.leclercdrive.fr/image.ashx?id=2833882&use=l&cat=p&typeid=i","cat":316008},{"id":239084,"n":"Foie gras d'oie Maison Rey Mi-cuit - 180g","p":24.5,"u":"136,11 €/KG","img":"https://fd14-photos.leclercdrive.fr/image.ashx?id=2833885&use=l&cat=p&typeid=i","cat":316008},{"id":239092,"n":"Foie gras de canard entier Maistres Occitans - 150g","p":13.9,"u":"92,67 €/KG","img":"https://fd14-photos.leclercdrive.fr/image.ashx?id=2814016&use=l&cat=p&typeid=i","cat":305149},{"id":239095,"n":"Foie gras de canard piment Maistres Occitans - 150g","p":13.9,"u":"92,67 €/KG","img":"https://fd14-photos.leclercdrive.fr/image.ashx?id=2812855&use=l&cat=p&typeid=i","cat":305148},{"id":239097,"n":"Foie gras de canard entier Maistres Occitans - 500g","p":39.9,"u":"79,80 €/KG","img":"https://fd14-photos.leclercdrive.fr/image.ashx?id=2812852&use=l&cat=p&typeid=i","cat":305148},{"id":239102,"n":"Bloc foie gras canard poivre Maistres Occitans - 110g","p":6.5,"u":"59,09 €/KG","img":"https://fd14-photos.leclercdrive.fr/image.ashx?id=2805435&use=l&cat=p&typeid=i","cat":316008},{"id":239103,"n":"Bloc foie gras canard Sauternes Maistres Occitans - 110g","p":6.5,"u":"59,09 €/KG","img":"https://fd14-photos.leclercdrive.fr/image.ashx?id=2805432&use=l&cat=p&typeid=i","cat":316008},{"id":239205,"n":"Coloration Palette N°800 Châtain foncé x1","p":3.72,"img":"https://fd14-photos.leclercdrive.fr/image.ashx?id=2817476&use=l&cat=p&typeid=i","cat":288899},{"id":239206,"n":"Coloration Palette N°900 Noir - x1","p":3.65,"img":"https://fd14-photos.leclercdrive.fr/image.ashx?id=2817479&use=l&cat=p&typeid=i","cat":288899},{"id":239207,"n":"Coloration Palette N°909 Noir bleuté - x1","p":4.05,"img":"https://fd14-photos.leclercdrive.fr/image.ashx?id=2911294&use=l&cat=p&typeid=i","cat":288899},{"id":239211,"n":"Huile Essentielle So Bio Etic  Eucalyptus Globuleux Bio - 12ml","p":3.15,"u":"262,50 €/MT","img":"https://fd14-photos.leclercdrive.fr/image.ashx?id=2805456&use=l&cat=p&typeid=i","cat":284630},{"id":239213,"n":"Huile Essentielle So Bio Etic Arbre à thé Bio - 12ml","p":4.6,"u":"383,33 €/L","img":"https://fd14-photos.leclercdrive.fr/image.ashx?id=2805459&use=l&cat=p&typeid=i","cat":284630},{"id":239215,"n":"Huile Essentielle So Bio Etic Menthe poivrée Bio - 10ml","p":5.6,"u":"560,00 €/L","img":"https://fd14-photos.leclercdrive.fr/image.ashx?id=2805462&use=l&cat=p&typeid=i","cat":284630},{"id":239218,"n":"Lingettes Décolor Stop  Anti-décoloration x52","p":7.2,"u":"0,14 €/P","img":"https://fd14-photos.leclercdrive.fr/image.ashx?id=2805264&use=l&cat=p&typeid=i","cat":290450},{"id":239220,"n":"Bain de Bouche Listerine Haleine Fraiche 500ml","p":3.75,"u":"7,50 €/L","img":"https://fd14-photos.leclercdrive.fr/image.ashx?id=2806309&use=l&cat=p&typeid=i","cat":284613},{"id":239221,"n":"Bain de Bouche Listerine Total Care 10 en 1-500ml","p":4.45,"u":"8,90 €/L","img":"https://fd14-photos.leclercdrive.fr/image.ashx?id=2806312&use=l&cat=p&typeid=i","cat":284613},{"id":239223,"n":"Bain de bouche Listerine Total Care - Sans alcool 500ml","p":4.05,"u":"8,10 €/L","img":"https://fd14-photos.leclercdrive.fr/image.ashx?id=2806315&use=l&cat=p&typeid=i","cat":284613},{"id":239224,"n":"Bain de Bouche Listerine Dents et Gencives 10 en 1 500ml","p":4.25,"u":"8,50 €/L","img":"https://fd14-photos.leclercdrive.fr/image.ashx?id=2806318&use=l&cat=p&typeid=i","cat":284613},{"id":239225,"n":"Bain de Bouche Listerine Total Care - Sans alcool 500ml","p":4.05,"u":"8,10 €/L","img":"https://fd14-photos.leclercdrive.fr/image.ashx?id=2806321&use=l&cat=p&typeid=i","cat":284613},{"id":239226,"n":"Adoucissant recharge Soupline à diluer Grand Air - 600ml","p":2.2,"u":"3,67 €/L","img":"https://fd14-photos.leclercdrive.fr/image.ashx?id=2957314&use=l&cat=p&typeid=i","cat":284650},{"id":239229,"n":"Brume de linge Soupline spray Grand Air - 300ml","p":5.9,"u":"19,67 €/L","img":"https://fd14-photos.leclercdrive.fr/image.ashx?id=2866202&use=l&cat=p&typeid=i","cat":325302},{"id":239231,"n":"Dentifrice Sensitive Elmex Blancheur - 75ml","p":5.9,"u":"78,67 €/L","img":"https://fd14-photos.leclercdrive.fr/image.ashx?id=2806447&use=l&cat=p&typeid=i","cat":284612},{"id":239232,"n":"Dentifrice Colgate Active Blancheur - 75ml","p":2.7,"u":"36,00 €/L","img":"https://fd14-photos.leclercdrive.fr/image.ashx?id=2814623&use=l&cat=p&typeid=i","cat":284612},{"id":239233,"n":"Dentifrice Colgate Soin complet - 75ml","p":2.23,"u":"29,73 €/L","img":"https://fd14-photos.leclercdrive.fr/image.ashx?id=2836196&use=l&cat=p&typeid=i","cat":284612},{"id":239234,"n":"Dentifrice Colgate Total Résistance de l'émail 75ml","p":3.05,"u":"40,67 €/L","img":"https://fd14-photos.leclercdrive.fr/image.ashx?id=2832578&use=l&cat=p&typeid=i","cat":284612},{"id":239236,"n":"Lingettes pocket bébé Biolane Visage et mains - x20","p":1.7,"img":"https://fd14-photos.leclercdrive.fr/image.ashx?id=2806195&use=l&cat=p&typeid=i","cat":284738},{"id":239237,"n":"Couches bébé Mots d'enfant Taille 3 - 4-9kg - x104","p":12.69,"u":"12,69 €/PRT","img":"https://fd14-photos.leclercdrive.fr/image.ashx?id=2922439&use=l&cat=p&typeid=i","cat":284737},{"id":239239,"n":"Couches bébé Mots d'enfant Taille 4 - 7-18kg - x92","p":12.67,"img":"https://fd14-photos.leclercdrive.fr/image.ashx?id=2922442&use=l&cat=p&typeid=i","cat":284737},{"id":239241,"n":"Couches bébé Mots d'enfant Taille 4+ - 9-20kg - x88","p":12.69,"img":"https://fd14-photos.leclercdrive.fr/image.ashx?id=2922445&use=l&cat=p&typeid=i","cat":284737},{"id":239242,"n":"Couches bébé Mots d'enfant Taille 5 - 11-25kg - x84","p":12.67,"u":"0,15 €/P","img":"https://fd14-photos.leclercdrive.fr/image.ashx?id=2922448&use=l&cat=p&typeid=i","cat":284737},{"id":239867,"n":"Soupe Légumes du Soleil Knorr - 600ml","p":2.67,"u":"4,45 €/L","img":"https://fd14-photos.leclercdrive.fr/image.ashx?id=2953079&use=l&cat=p&typeid=i","cat":284462},{"id":239871,"n":"Soupe Douceur à l'Italienne Knorr - 600ml","p":2.14,"u":"3,57 €/L","img":"https://fd14-photos.leclercdrive.fr/image.ashx?id=2950906&use=l&cat=p&typeid=i","cat":284462},{"id":239881,"n":"Soupe Douceur de 8 légumes Knorr - 1L","p":2.97,"u":"2,97 €/L","img":"https://fd14-photos.leclercdrive.fr/image.ashx?id=2944509&use=l&cat=p&typeid=i","cat":284462},{"id":239883,"n":"Velouté Eco+ Poireaux pomme de terre","p":0.87,"u":"0,87 €/L","img":"https://fd14-photos.leclercdrive.fr/image.ashx?id=2808724&use=l&cat=p&typeid=i","cat":284462},{"id":239889,"n":"Soupe Douceur d'Automne Knorr - 2x30cl","p":1.89,"u":"3,15 €/L","img":"https://fd14-photos.leclercdrive.fr/image.ashx?id=2953076&use=l&cat=p&typeid=i","cat":284462},{"id":239893,"n":"Bouillon de tomates Royco x3 - 60cl","p":1.48,"u":"2,47 €/L","img":"https://fd14-photos.leclercdrive.fr/image.ashx?id=2810630&use=l&cat=p&typeid=i","cat":288379},{"id":239899,"n":"Plat Bledina Boeuf et carotte - 200g","p":2.22,"u":"11,10 €/KG","img":"https://fd14-photos.leclercdrive.fr/image.ashx?id=2866307&use=l&cat=p&typeid=i","cat":312238},{"id":239900,"n":"Velouté de pommes de terre et  gruyère Knorr - 60cl","p":2.59,"u":"4,32 €/L","img":"https://fd14-photos.leclercdrive.fr/image.ashx?id=2810882&use=l&cat=p&typeid=i","cat":284462},{"id":239905,"n":"Nouilles Tables du Monde Legumes - 3x65g","p":1.39,"u":"7,13 €/KG","img":"https://fd14-photos.leclercdrive.fr/image.ashx?id=2808727&use=l&cat=p&typeid=i","cat":288992},{"id":239934,"n":"Bols Bledina Crémeux poireaux cabillaud 400g","p":3.03,"u":"7,58 €/KG","img":"https://fd14-photos.leclercdrive.fr/image.ashx?id=2975116&use=l&cat=p&typeid=i","cat":312237},{"id":239939,"n":"Bols ratatouille Bledina  poulet &huile d'olive - 400g","p":2.63,"u":"6,58 €/KG","img":"https://fd14-photos.leclercdrive.fr/image.ashx?id=2975122&use=l&cat=p&typeid=i","cat":312236},{"id":239942,"n":"Bols parmentier Bledina Carottes boeuf - 2x200g","p":3.15,"u":"7,88 €/KG","img":"https://fd14-photos.leclercdrive.fr/image.ashx?id=2975125&use=l&cat=p&typeid=i","cat":312235},{"id":239944,"n":"Bols écrasé Bledina Petits pois riz cabillaud 400g","p":2.85,"u":"7,13 €/KG","img":"https://fd14-photos.leclercdrive.fr/image.ashx?id=2975128&use=l&cat=p&typeid=i","cat":312236},{"id":239945,"n":"Gourdes Bledina Fruits multivariété - 720g","p":6.8,"u":"9,44 €/KG","img":"https://fd14-photos.leclercdrive.fr/image.ashx?id=2810654&use=l&cat=p&typeid=i","cat":312393},{"id":239960,"n":"Sauce provencale Eco+ 390g","p":0.87,"u":"2,23 €/KG","img":"https://fd14-photos.leclercdrive.fr/image.ashx?id=2808964&use=l&cat=p&typeid=i","cat":299047},{"id":239977,"n":"Club le Classique Jambon beurre Daunat - 135g","p":1.3,"u":"9,63 €/KG","img":"https://fd14-photos.leclercdrive.fr/image.ashx?id=2892715&use=l&cat=p&typeid=i","cat":333658},{"id":239981,"n":"Sauce napolitaine Eco+ 390g","p":0.97,"u":"2,49 €/KG","img":"https://fd14-photos.leclercdrive.fr/image.ashx?id=2809172&use=l&cat=p&typeid=i","cat":299047},{"id":240160,"n":"Recharge liquide vaisselle et  mains Le Briochin - 450ml","p":2.79,"u":"6,20 €/L","img":"https://fd14-photos.leclercdrive.fr/image.ashx?id=3000758&use=l&cat=p&typeid=i","cat":284655},{"id":240234,"n":"Bûche glacée Pilpa Duo de Vanilles - 535g","p":5.27,"u":"9,85 €/KG","img":"https://fd14-photos.leclercdrive.fr/image.ashx?id=2812765&use=l&cat=p&typeid=i","cat":284266},{"id":240239,"n":"Bûche glacée Nestlé Norvégienne - 455g","p":5.7,"u":"12,26 €/KG","img":"https://fd14-photos.leclercdrive.fr/image.ashx?id=2812768&use=l&cat=p&typeid=i","cat":284266},{"id":240338,"n":"Laque Elnett Fixation normale  200ml","p":5.95,"u":"29,75 €/L","img":"https://fd14-photos.leclercdrive.fr/image.ashx?id=2814064&use=l&cat=p&typeid=i","cat":284609},{"id":240425,"n":"Soda à l'orange Orangina 1,5L","p":1.9,"u":"1,27 €/L","img":"https://fd14-photos.leclercdrive.fr/image.ashx?id=2946499&use=l&cat=p&typeid=i","cat":284532},{"id":240428,"n":"Soda à l'orange Orangina 6x33cl","p":3.6,"u":"1,82 €/L","img":"https://fd14-photos.leclercdrive.fr/image.ashx?id=2946502&use=l&cat=p&typeid=i","cat":284532},{"id":240482,"n":"Riz basmati Lustucru 10min - 5x180g","p":3.05,"u":"3,39 €/KG","img":"https://fd14-photos.leclercdrive.fr/image.ashx?id=2814163&use=l&cat=p&typeid=i","cat":284428},{"id":240593,"n":"Fromage Délice des Neiges pour tartiflettes 26% MG - 440g","p":5.8,"u":"13,18 €/KG","img":"https://fd14-photos.leclercdrive.fr/image.ashx?id=2926404&use=l&cat=p&typeid=i","cat":314037},{"id":240623,"n":"Laque fixation forte Elnett 200ml","p":5.97,"u":"29,85 €/L","img":"https://fd14-photos.leclercdrive.fr/image.ashx?id=2828013&use=l&cat=p&typeid=i","cat":284609},{"id":240842,"n":"Skyr nature Délisse 4x100g","p":1.72,"u":"4,30 €/KG","img":"https://fd14-photos.leclercdrive.fr/image.ashx?id=2992588&use=l&cat=p&typeid=i","cat":315000},{"id":240843,"n":"Skyr nature Délisse 850g","p":2.75,"u":"3,24 €/KG","img":"https://fd14-photos.leclercdrive.fr/image.ashx?id=2992600&use=l&cat=p&typeid=i","cat":315000},{"id":240869,"n":"Gésiers de canard Volandrie Confits - 300g","p":3.9,"u":"13,00 €/KG","img":"https://fd14-photos.leclercdrive.fr/image.ashx?id=2814905&use=l&cat=p&typeid=i","cat":284715},{"id":240880,"n":"Yaourt nature Délisse Au lait entier 4x125g","p":1.29,"u":"2,58 €/KG","img":"https://fd14-photos.leclercdrive.fr/image.ashx?id=2814908&use=l&cat=p&typeid=i","cat":284409},{"id":240901,"n":"Dattes Deglet Nour Maître Prunille 1kg","p":3.99,"u":"3,99 €/KG","img":"https://fd14-photos.leclercdrive.fr/image.ashx?id=2971116&use=l&cat=p&typeid=i","cat":284357},{"id":241099,"n":"Nouilles asiatiques Maggi Pad Thai - 128g","p":1.75,"u":"13,67 €/KG","img":"https://fd14-photos.leclercdrive.fr/image.ashx?id=2899776&use=l&cat=p&typeid=i","cat":288992},{"id":241210,"n":"Dentifrice Enfants Signal  Super Mario - Fruité - 75ml","p":2.2,"u":"29,33 €/L","img":"https://fd14-photos.leclercdrive.fr/image.ashx?id=2993173&use=l&cat=p&typeid=i","cat":288898},{"id":241211,"n":"Dentifrice Enfants Signal Super Mario - Fraise - 75ml","p":2.2,"u":"29,33 €/L","img":"https://fd14-photos.leclercdrive.fr/image.ashx?id=2987047&use=l&cat=p&typeid=i","cat":288898},{"id":241489,"n":"Thon au naturel Petit Navire x3 - 112g","p":6.79,"u":"60,63 €/KG","img":"https://fd14-photos.leclercdrive.fr/image.ashx?id=2887491&use=l&cat=p&typeid=i","cat":303867},{"id":241497,"n":"Foie gras de canard Pierre de Chaumeyrac 150g","p":13.9,"u":"92,67 €/KG","img":"https://fd14-photos.leclercdrive.fr/image.ashx?id=2817226&use=l&cat=p&typeid=i","cat":316008},{"id":241498,"n":"Foie gras de canard entier Pierre de Chaumeyrac 200g","p":18.66,"u":"93,30 €/KG","img":"https://fd14-photos.leclercdrive.fr/image.ashx?id=2817229&use=l&cat=p&typeid=i","cat":316008},{"id":241500,"n":"Mousse foie gras de canard Eco+ 2x40g","p":3.35,"u":"41,88 €/KG","img":"https://fd14-photos.leclercdrive.fr/image.ashx?id=2817223&use=l&cat=p&typeid=i","cat":316008},{"id":241513,"n":"Bloc foie gras de canard  Pierre de Chaumeyrac 200g","p":11.47,"u":"57,35 €/KG","img":"https://fd14-photos.leclercdrive.fr/image.ashx?id=2817238&use=l&cat=p&typeid=i","cat":316008},{"id":241812,"n":"Gourde bébé Blédina - 10 mois Multifruits - 8x85g","p":7.73,"u":"11,37 €/KG","img":"https://fd14-photos.leclercdrive.fr/image.ashx?id=2826642&use=l&cat=p&typeid=i","cat":312393},{"id":242218,"n":"Lingettes Mixa bébé au lait x80","p":2.99,"u":"0,04 €/P","img":"https://fd14-photos.leclercdrive.fr/image.ashx?id=2828079&use=l&cat=p&typeid=i","cat":284738},{"id":242220,"n":"Lingettes Mixa bébé  eau minérale x48","p":2.73,"u":"0,06 €/P","img":"https://fd14-photos.leclercdrive.fr/image.ashx?id=2828082&use=l&cat=p&typeid=i","cat":284738},{"id":242222,"n":"Lingettes Mixa bébé  eau nettoyante x80","p":2.99,"u":"0,04 €/P","img":"https://fd14-photos.leclercdrive.fr/image.ashx?id=2828085&use=l&cat=p&typeid=i","cat":284738},{"id":242226,"n":"Déodorant Mixa Anti-transpirant 48h","p":2.69,"u":"53,80 €/L","img":"https://fd14-photos.leclercdrive.fr/image.ashx?id=2869116&use=l&cat=p&typeid=i","cat":284595},{"id":242258,"n":"Laque Elnett 300ml","p":7.59,"u":"25,30 €/L","img":"https://fd14-photos.leclercdrive.fr/image.ashx?id=2828019&use=l&cat=p&typeid=i","cat":284609},{"id":242259,"n":"Laque Elnett fixation forte 300ml","p":7.59,"u":"25,30 €/L","img":"https://fd14-photos.leclercdrive.fr/image.ashx?id=2828016&use=l&cat=p&typeid=i","cat":284609},{"id":242261,"n":"Laque Elnett Fixation normale 400ml","p":9.4,"u":"23,50 €/L","img":"https://fd14-photos.leclercdrive.fr/image.ashx?id=2828025&use=l&cat=p&typeid=i","cat":284609},{"id":242262,"n":"Laque Elnett Fixation forte 400ml","p":10.09,"u":"25,23 €/L","img":"https://fd14-photos.leclercdrive.fr/image.ashx?id=2828022&use=l&cat=p&typeid=i","cat":284609},{"id":242266,"n":"Après-shampoing Garnier Ultra  Doux Cheveux secs -250ml","p":2.54,"u":"10,16 €/L","img":"https://fd14-photos.leclercdrive.fr/image.ashx?id=2828046&use=l&cat=p&typeid=i","cat":284607},{"id":242400,"n":"Nouilles instantanées Oyakata Yakisoba saveur soja - 91g","p":1.65,"u":"18,13 €/KG","img":"https://fd14-photos.leclercdrive.fr/image.ashx?id=2857758&use=l&cat=p&typeid=i","cat":288992},{"id":242401,"n":"Nouilles instantanées Oyakata Yakisoba poulet teriyaki  - 93g","p":1.45,"u":"15,59 €/KG","img":"https://fd14-photos.leclercdrive.fr/image.ashx?id=2849253&use=l&cat=p&typeid=i","cat":288992},{"id":242683,"n":"Bière blanche Leffe 5,7% - 12x25cl","p":11.49,"u":"3,83 €/L","img":"https://fd14-photos.leclercdrive.fr/image.ashx?id=2828580&use=l&cat=p&typeid=i","cat":334878},{"id":242703,"n":"Déodorant Mennen Intracable  Xtrem 72h - 50ml","p":3.7,"u":"74,00 €/L","img":"https://fd14-photos.leclercdrive.fr/image.ashx?id=2828109&use=l&cat=p&typeid=i","cat":284596},{"id":242704,"n":"Déodorant Ushuaia Bio Hibiscus 50ml","p":3.35,"u":"67,00 €/L","img":"https://fd14-photos.leclercdrive.fr/image.ashx?id=2828118&use=l&cat=p&typeid=i","cat":284595},{"id":242705,"n":"Déodorant Bio Ushuaia Vanille 50ml","p":3.35,"u":"67,00 €/L","img":"https://fd14-photos.leclercdrive.fr/image.ashx?id=2828121&use=l&cat=p&typeid=i","cat":284595},{"id":242706,"n":"Crème dessert Danette Praliné - 4x125g","p":1.6,"u":"3,20 €/KG","img":"https://fd14-photos.leclercdrive.fr/image.ashx?id=2918556&use=l&cat=p&typeid=i","cat":285041},{"id":242710,"n":"Yaourt à boire Myrtille Hipro 300g","p":1.95,"u":"6,50 €/KG","img":"https://fd14-photos.leclercdrive.fr/image.ashx?id=2826573&use=l&cat=p&typeid=i","cat":284415},{"id":242713,"n":"Actimel triple action Fraise Grenade - 6x100g","p":2.75,"u":"4,58 €/KG","img":"https://fd14-photos.leclercdrive.fr/image.ashx?id=2826576&use=l&cat=p&typeid=i","cat":284415},{"id":242714,"n":"Actimel triple action Pêche  Fruits de la passion - 6x100g","p":2.75,"u":"4,58 €/P","img":"https://fd14-photos.leclercdrive.fr/image.ashx?id=2831681&use=l&cat=p&typeid=i","cat":284415},{"id":242715,"n":"Kéfir à boire Activia Mangue - 280g","p":1.6,"u":"5,71 €/KG","img":"https://fd14-photos.leclercdrive.fr/image.ashx?id=2983015&use=l&cat=p&typeid=i","cat":284415},{"id":242719,"n":"Yaourt protéiné Hipro Fraise - 2x160g","p":2.15,"u":"6,72 €/KG","img":"https://fd14-photos.leclercdrive.fr/image.ashx?id=2945418&use=l&cat=p&typeid=i","cat":315000},{"id":242815,"n":"Déodorant Men Expert Sport 150ml","p":3.7,"u":"24,67 €/L","img":"https://fd14-photos.leclercdrive.fr/image.ashx?id=2825877&use=l&cat=p&typeid=i","cat":284618},{"id":242835,"n":"Eau aromatisée Cristaline Fruits rouges - 1.5L","p":0.6,"u":"0,40 €/L","img":"https://fd14-photos.leclercdrive.fr/image.ashx?id=2825664&use=l&cat=p&typeid=i","cat":284537},{"id":242930,"n":"Starter Quattro Wilkinson Sensitive + 5lames - 1p","p":13.6,"img":"https://fd14-photos.leclercdrive.fr/image.ashx?id=2826078&use=l&cat=p&typeid=i","cat":325352},{"id":243486,"n":"Mélange Doumix Maître Prunille exotique - 350g","p":3.89,"u":"11,11 €/KG","img":"https://fd14-photos.leclercdrive.fr/image.ashx?id=2833684&use=l&cat=p&typeid=i","cat":284357},{"id":243487,"n":"Nems au porc X8 560G","p":3.39,"u":"6,05 €/KG","img":"https://fd14-photos.leclercdrive.fr/image.ashx?id=2953377&use=l&cat=p&typeid=i","cat":333673},{"id":243488,"n":"Nems au poulet X8 560G","p":3.58,"u":"6,39 €/KG","img":"https://fd14-photos.leclercdrive.fr/image.ashx?id=2829547&use=l&cat=p&typeid=i","cat":333673},{"id":243977,"n":"Vinaigre de nettoyage Clair 5L","p":5.01,"u":"1,00 €/L","img":"https://fd14-photos.leclercdrive.fr/image.ashx?id=2834190&use=l&cat=p&typeid=i","cat":325362},{"id":243995,"n":"Croutons saveur ail Pasquier 80g","p":1.05,"u":"13,13 €/KG","img":"https://fd14-photos.leclercdrive.fr/image.ashx?id=2834458&use=l&cat=p&typeid=i","cat":284464},{"id":243996,"n":"Croutons nature Pasquier 80g","p":0.95,"u":"11,88 €/KG","img":"https://fd14-photos.leclercdrive.fr/image.ashx?id=2834461&use=l&cat=p&typeid=i","cat":284464},{"id":244195,"n":"Gel douche Le Petit Marseillais Abricot - 400ml","p":3.65,"u":"9,13 €/L","img":"https://fd14-photos.leclercdrive.fr/image.ashx?id=2941778&use=l&cat=p&typeid=i","cat":284594},{"id":244229,"n":"Croquettes Friskies chat adulte Lapin Poulet Légumes - 1.5kg","p":4.35,"u":"2,90 €/KG","img":"https://fd14-photos.leclercdrive.fr/image.ashx?id=2835160&use=l&cat=p&typeid=i","cat":284680},{"id":244230,"n":"Croquettes Friskies chat adulte Poulet Légumes - 3kg","p":8.4,"u":"2,80 €/KG","img":"https://fd14-photos.leclercdrive.fr/image.ashx?id=2835151&use=l&cat=p&typeid=i","cat":284680},{"id":244351,"n":"Shampooing Elsève Color vive 250ml","p":2.35,"u":"9,40 €/L","img":"https://fd14-photos.leclercdrive.fr/image.ashx?id=2989318&use=l&cat=p&typeid=i","cat":284606},{"id":244354,"n":"Shampooing Garnier Ultra doux  Miel - 250ml","p":2.05,"u":"8,20 €/L","img":"https://fd14-photos.leclercdrive.fr/image.ashx?id=2836502&use=l&cat=p&typeid=i","cat":284606},{"id":244356,"n":"Shampooing Garnier Ultra doux  Avocat 250ml","p":2.05,"u":"8,20 €/L","img":"https://fd14-photos.leclercdrive.fr/image.ashx?id=2836499&use=l&cat=p&typeid=i","cat":284606},{"id":244359,"n":"Shampooing Elsève Dream length  250ml","p":3.48,"u":"13,92 €/L","img":"https://fd14-photos.leclercdrive.fr/image.ashx?id=2863614&use=l&cat=p&typeid=i","cat":284606},{"id":244360,"n":"Shampooing Elsève Hyaluronique  250ml","p":3.48,"u":"13,92 €/L","img":"https://fd14-photos.leclercdrive.fr/image.ashx?id=2863617&use=l&cat=p&typeid=i","cat":284606},{"id":244517,"n":"Crunchy filet de merlu MSC Pescanova 250g","p":2.95,"u":"11,80 €/KG","img":"https://fd14-photos.leclercdrive.fr/image.ashx?id=2983354&use=l&cat=p&typeid=i","cat":319788},{"id":244535,"n":"Pâte force carbone texturisante Taft - 100ml","p":4.6,"u":"46,00 €/L","img":"https://fd14-photos.leclercdrive.fr/image.ashx?id=2836337&use=l&cat=p&typeid=i","cat":284608},{"id":244661,"n":"Riz Basmati Lustucru Selection  10 min - 450g","p":2.12,"u":"4,71 €/KG","img":"https://fd14-photos.leclercdrive.fr/image.ashx?id=2836732&use=l&cat=p&typeid=i","cat":284428},{"id":245061,"n":"Pain pour panini Epi d'Or Précuit - x4  300g","p":1.47,"u":"4,90 €/KG","img":"https://fd14-photos.leclercdrive.fr/image.ashx?id=2837144&use=l&cat=p&typeid=i","cat":284985},{"id":245064,"n":"Riz Basmati Lustucru 900g","p":3.55,"u":"3,94 €/KG","img":"https://fd14-photos.leclercdrive.fr/image.ashx?id=2837640&use=l&cat=p&typeid=i","cat":284428},{"id":245074,"n":"Nouilles instantanées Maggi sauce aigre douce - 128g","p":1.75,"u":"13,67 €/KG","img":"https://fd14-photos.leclercdrive.fr/image.ashx?id=2837628&use=l&cat=p&typeid=i","cat":288992},{"id":245080,"n":"Nouilles instantanées Maggi sauce soja classique - 75g","p":1.95,"u":"26,00 €/KG","img":"https://fd14-photos.leclercdrive.fr/image.ashx?id=2842150&use=l&cat=p&typeid=i","cat":288992},{"id":245082,"n":"Nouilles instantanées Maggi sauce sweet chili - 75g","p":1.81,"u":"24,13 €/KG","img":"https://fd14-photos.leclercdrive.fr/image.ashx?id=2842960&use=l&cat=p&typeid=i","cat":288992},{"id":245389,"n":"Filet mignon tranché Bahier Nature - 100g","p":2.35,"u":"23,50 €/KG","img":"https://fd14-photos.leclercdrive.fr/image.ashx?id=2968190&use=l&cat=p&typeid=i","cat":316007},{"id":245400,"n":"Dés de chorizo Saint-Azay 120g","p":1.99,"u":"16,58 €/KG","img":"https://fd14-photos.leclercdrive.fr/image.ashx?id=2959746&use=l&cat=p&typeid=i","cat":316011},{"id":245560,"n":"Couscous aux epices douces  Comptoir du grain 2x250g","p":1.72,"u":"3,44 €/KG","img":"https://fd14-photos.leclercdrive.fr/image.ashx?id=3012875&use=l&cat=p&typeid=i","cat":284429},{"id":245579,"n":"Sauce Pesto vert crémeux  Panzani - 190g","p":2.46,"u":"12,95 €/KG","img":"https://fd14-photos.leclercdrive.fr/image.ashx?id=2873838&use=l&cat=p&typeid=i","cat":299047},{"id":245580,"n":"Sauce Arrabbiata Panzani 400g","p":2.2,"u":"5,50 €/KG","img":"https://fd14-photos.leclercdrive.fr/image.ashx?id=2880694&use=l&cat=p&typeid=i","cat":299047},{"id":245613,"n":"Velouté La Potagère Pomme de terre gruyère - 1L","p":3.21,"u":"3,21 €/L","img":"https://fd14-photos.leclercdrive.fr/image.ashx?id=2840578&use=l&cat=p&typeid=i","cat":284462},{"id":245615,"n":"Velouté La Potagère Pomme de terre raclette - 1L","p":2.94,"u":"2,94 €/L","img":"https://fd14-photos.leclercdrive.fr/image.ashx?id=2840584&use=l&cat=p&typeid=i","cat":284462},{"id":245681,"n":"Tranches Emmental Baguette Président - 8 tranches - 120g","p":1.9,"u":"15,83 €/KG","img":"https://fd14-photos.leclercdrive.fr/image.ashx?id=2840518&use=l&cat=p&typeid=i","cat":314028},{"id":245682,"n":"Tranches Gouda Baguette Président - 8 tranches - 120g","p":1.9,"u":"15,83 €/KG","img":"https://fd14-photos.leclercdrive.fr/image.ashx?id=2840521&use=l&cat=p&typeid=i","cat":314028},{"id":245683,"n":"Tranches Mimolette Baguette Président - 8 tranches - 120g","p":1.9,"u":"15,83 €/KG","img":"https://fd14-photos.leclercdrive.fr/image.ashx?id=2840524&use=l&cat=p&typeid=i","cat":314028},{"id":245929,"n":"Tablette chocolat KitKat Caramel salé - 99g","p":2.35,"u":"23,74 €/KG","img":"https://fd14-photos.leclercdrive.fr/image.ashx?id=2990868&use=l&cat=p&typeid=i","cat":284497},{"id":245930,"n":"Tablette KitKat  Double chocolat - 99g","p":2.35,"u":"23,74 €/KG","img":"https://fd14-photos.leclercdrive.fr/image.ashx?id=2990865&use=l&cat=p&typeid=i","cat":284497},{"id":245931,"n":"Tablette chocolat KitKat  Noisette - 99g","p":2.8,"u":"28,28 €/KG","img":"https://fd14-photos.leclercdrive.fr/image.ashx?id=2871046&use=l&cat=p&typeid=i","cat":284497},{"id":246210,"n":"Rillettes Bordeau Chesnel Pur Porc -25% de sel - 220g","p":2.31,"u":"10,50 €/KG","img":"https://fd14-photos.leclercdrive.fr/image.ashx?id=2843908&use=l&cat=p&typeid=i","cat":316008},{"id":246211,"n":"Yaourt noix de coco Ker Ronan Au lait entier - 4x125g","p":1.95,"u":"3,90 €/KG","img":"https://fd14-photos.leclercdrive.fr/image.ashx?id=2844259&use=l&cat=p&typeid=i","cat":286006},{"id":246217,"n":"Gourdes Douceur du Verger Pommes Fraises abricot 4x90g","p":1.6,"u":"4,44 €/KG","img":"https://fd14-photos.leclercdrive.fr/image.ashx?id=2934781&use=l&cat=p&typeid=i","cat":284508},{"id":246260,"n":"Masque Elseve Total Repair 5 - 310ml","p":5.08,"u":"16,39 €/L","img":"https://fd14-photos.leclercdrive.fr/image.ashx?id=2844178&use=l&cat=p&typeid=i","cat":284608},{"id":246261,"n":"Shampooing Elseve Hyaluronique - 400ml","p":5.23,"u":"13,08 €/L","img":"https://fd14-photos.leclercdrive.fr/image.ashx?id=2844181&use=l&cat=p&typeid=i","cat":284606},{"id":246262,"n":"Shampooing Elseve Dream long - 400ml","p":5.23,"u":"13,08 €/L","img":"https://fd14-photos.leclercdrive.fr/image.ashx?id=2844187&use=l&cat=p&typeid=i","cat":284606},{"id":246263,"n":"Sérum Elseve Anti-chute - 102ml","p":12.0,"u":"117,65 €/L","img":"https://fd14-photos.leclercdrive.fr/image.ashx?id=2844190&use=l&cat=p&typeid=i","cat":284608},{"id":246269,"n":"Après-shampooing Elseve Démêlant anti-chute - 150ml","p":6.85,"u":"45,67 €/L","img":"https://fd14-photos.leclercdrive.fr/image.ashx?id=2844193&use=l&cat=p&typeid=i","cat":284607},{"id":246270,"n":"Shampooing Elseve Anti-chute - 200ml","p":6.6,"u":"33,00 €/L","img":"https://fd14-photos.leclercdrive.fr/image.ashx?id=2844196&use=l&cat=p&typeid=i","cat":284606},{"id":246272,"n":"Shampooing Elseve Hyaluronique Pure - 250ml","p":4.18,"u":"16,72 €/L","img":"https://fd14-photos.leclercdrive.fr/image.ashx?id=2981593&use=l&cat=p&typeid=i","cat":284606},{"id":246351,"n":"Nouilles odon précuite Suzi Wan Wok soja sésame 320g","p":2.95,"u":"9,22 €/KG","img":"https://fd14-photos.leclercdrive.fr/image.ashx?id=2886229&use=l&cat=p&typeid=i","cat":288992},{"id":246352,"n":"Nouilles ramen Suzi Wan Précuites curry jaune - 320g","p":2.9,"u":"9,06 €/KG","img":"https://fd14-photos.leclercdrive.fr/image.ashx?id=2886232&use=l&cat=p&typeid=i","cat":288992},{"id":246353,"n":"Nouilles ramen Suzi Wan Précuites wok korean bbq - 320g","p":2.9,"u":"9,06 €/KG","img":"https://fd14-photos.leclercdrive.fr/image.ashx?id=2886235&use=l&cat=p&typeid=i","cat":288992},{"id":246468,"n":"Kub or Maggi  Herbes de provence x32 - 128g","p":1.48,"u":"11,56 €/KG","img":"https://fd14-photos.leclercdrive.fr/image.ashx?id=2992320&use=l&cat=p&typeid=i","cat":298297},{"id":246547,"n":"Crème nettoyante Neutrogena Points noirs 2% - 150ml","p":5.1,"u":"34,00 €/L","img":"https://fd14-photos.leclercdrive.fr/image.ashx?id=2846045&use=l&cat=p&typeid=i","cat":284603},{"id":246548,"n":"Gel exfoliant Neutrogena Pamplemousse 0.5% - 150ml","p":5.09,"u":"33,93 €/L","img":"https://fd14-photos.leclercdrive.fr/image.ashx?id=2846048&use=l&cat=p&typeid=i","cat":325346},{"id":246549,"n":"Gel nettoyant Neutrogena Pamplemousse 0.5% - 200ml","p":5.1,"u":"25,50 €/L","img":"https://fd14-photos.leclercdrive.fr/image.ashx?id=2846051&use=l&cat=p&typeid=i","cat":284603},{"id":247085,"n":"Mini cornichons Rustica Aigre doux - 220g","p":2.19,"u":"9,95 €/KG","img":"https://fd14-photos.leclercdrive.fr/image.ashx?id=2916737&use=l&cat=p&typeid=i","cat":284458},{"id":247096,"n":"Pad Thai Jardin Bio bio 220g","p":2.29,"u":"10,41 €/KG","img":"https://fd14-photos.leclercdrive.fr/image.ashx?id=2849935&use=l&cat=p&typeid=i","cat":284953},{"id":247139,"n":"Croutons Tipiak Ail - 150g","p":1.56,"u":"10,40 €/KG","img":"https://fd14-photos.leclercdrive.fr/image.ashx?id=2864089&use=l&cat=p&typeid=i","cat":284464},{"id":247262,"n":"Shampooing Elsève Hyaluronique - 250ml","p":4.18,"u":"16,72 €/L","img":"https://fd14-photos.leclercdrive.fr/image.ashx?id=2869095&use=l&cat=p&typeid=i","cat":284606},{"id":247263,"n":"Shampooing Elsève Total repair 5 - 300ml","p":4.18,"u":"13,93 €/L","img":"https://fd14-photos.leclercdrive.fr/image.ashx?id=2850617&use=l&cat=p&typeid=i","cat":284606},{"id":247265,"n":"Shampooing Elseve Dream long - 250ml","p":4.18,"u":"16,72 €/L","img":"https://fd14-photos.leclercdrive.fr/image.ashx?id=2850623&use=l&cat=p&typeid=i","cat":284606},{"id":247270,"n":"Shampooing Elseve Multi-vitaminé - 300ml","p":4.18,"u":"13,93 €/L","img":"https://fd14-photos.leclercdrive.fr/image.ashx?id=2850629&use=l&cat=p&typeid=i","cat":284606},{"id":247273,"n":"Démélant Elseve Hyaluronique Booster hydratation 72h - 200ml","p":4.18,"u":"20,90 €/L","img":"https://fd14-photos.leclercdrive.fr/image.ashx?id=2869092&use=l&cat=p&typeid=i","cat":284607},{"id":247274,"n":"Après-Shampooing Elseve Dream Long - 200ml","p":4.18,"u":"20,90 €/L","img":"https://fd14-photos.leclercdrive.fr/image.ashx?id=2850638&use=l&cat=p&typeid=i","cat":284607},{"id":247275,"n":"Après-shampooing Elseve Nutri gloss - 250ml","p":4.18,"u":"16,72 €/L","img":"https://fd14-photos.leclercdrive.fr/image.ashx?id=2850641&use=l&cat=p&typeid=i","cat":284607},{"id":247368,"n":"Girasoli Lustucru Selection Mozzarella chorizo - 250g","p":2.5,"u":"10,00 €/KG","img":"https://fd14-photos.leclercdrive.fr/image.ashx?id=2974354&use=l&cat=p&typeid=i","cat":333682},{"id":247574,"n":"Pâté de campagne traditionnel Prunier - 2x50g","p":1.8,"u":"18,00 €/KG","img":"https://fd14-photos.leclercdrive.fr/image.ashx?id=2884507&use=l&cat=p&typeid=i","cat":316008},{"id":247575,"n":"Pâté de foie forestier Prunier  2x50g","p":1.8,"u":"18,00 €/KG","img":"https://fd14-photos.leclercdrive.fr/image.ashx?id=2884510&use=l&cat=p&typeid=i","cat":316008},{"id":247577,"n":"Mousse pur canard Prunier 2x50g","p":1.95,"u":"19,50 €/KG","img":"https://fd14-photos.leclercdrive.fr/image.ashx?id=2884513&use=l&cat=p&typeid=i","cat":316008},{"id":247863,"n":"Shampooing Elsève Color vive  2 en 1 - 250ml","p":4.15,"u":"16,60 €/L","img":"https://fd14-photos.leclercdrive.fr/image.ashx?id=2853961&use=l&cat=p&typeid=i","cat":284606},{"id":247865,"n":"Shampooing Elsève Color vive  500ml","p":5.23,"u":"10,46 €/L","img":"https://fd14-photos.leclercdrive.fr/image.ashx?id=2853964&use=l&cat=p&typeid=i","cat":284606},{"id":247866,"n":"Shampooing Elsève Full resist  250ml","p":3.69,"u":"14,76 €/L","img":"https://fd14-photos.leclercdrive.fr/image.ashx?id=2853967&use=l&cat=p&typeid=i","cat":284606},{"id":247867,"n":"Shampooing Elsève Huile  extraordinaire Coco - 250ml","p":3.99,"u":"15,96 €/L","img":"https://fd14-photos.leclercdrive.fr/image.ashx?id=2853970&use=l&cat=p&typeid=i","cat":284606},{"id":247869,"n":"Shampooing Elsève Huile  extraordinaire amla -250ml","p":3.69,"u":"14,76 €/L","img":"https://fd14-photos.leclercdrive.fr/image.ashx?id=2853973&use=l&cat=p&typeid=i","cat":284606},{"id":247871,"n":"Shampooing Elsève  Liss intense -300ml","p":3.92,"u":"13,07 €/L","img":"https://fd14-photos.leclercdrive.fr/image.ashx?id=2853976&use=l&cat=p&typeid=i","cat":284606},{"id":247873,"n":"Shampooing Elsève Fibralogy Volume - 300ml","p":4.15,"u":"13,83 €/L","img":"https://fd14-photos.leclercdrive.fr/image.ashx?id=2870686&use=l&cat=p&typeid=i","cat":284606},{"id":247879,"n":"Adoucissant Soupline Concentré Grand air - 1.9L","p":8.55,"u":"4,50 €/L","img":"https://fd14-photos.leclercdrive.fr/image.ashx?id=2966800&use=l&cat=p&typeid=i","cat":284650},{"id":247882,"n":"Shampooing Elsève  Antipelliculaire - 300ml","p":4.15,"u":"13,83 €/L","img":"https://fd14-photos.leclercdrive.fr/image.ashx?id=2853982&use=l&cat=p&typeid=i","cat":284606},{"id":248328,"n":"Recharge Crème de douche  Le Petit Marseillais Lait 500ml","p":2.95,"u":"5,90 €/L","img":"https://fd14-photos.leclercdrive.fr/image.ashx?id=2855957&use=l&cat=p&typeid=i","cat":284594},{"id":248329,"n":"Recharge Crème de douche Fleur d'oranger - 500ml","p":2.78,"u":"5,56 €/L","img":"https://fd14-photos.leclercdrive.fr/image.ashx?id=2855960&use=l&cat=p&typeid=i","cat":284594},{"id":248330,"n":"Recharge Crème de douche Lait d'amande - 500ml","p":2.68,"u":"5,36 €/L","img":"https://fd14-photos.leclercdrive.fr/image.ashx?id=2855963&use=l&cat=p&typeid=i","cat":284594},{"id":248340,"n":"Recharge Crème de douche Le Petit Marseillais Vanille 500ml","p":2.62,"u":"5,24 €/L","img":"https://fd14-photos.leclercdrive.fr/image.ashx?id=2855966&use=l&cat=p&typeid=i","cat":284594},{"id":248341,"n":"Shampooing Garnier Merveilleux - Recharge 250ml","p":2.05,"u":"8,20 €/L","img":"https://fd14-photos.leclercdrive.fr/image.ashx?id=2904254&use=l&cat=p&typeid=i","cat":284606},{"id":248343,"n":"Masque capillaire Fructis Méthode boucles - 370ml","p":6.37,"u":"17,22 €/L","img":"https://fd14-photos.leclercdrive.fr/image.ashx?id=2867107&use=l&cat=p&typeid=i","cat":284608},{"id":248529,"n":"Foie gras de canard éveiné Salé poivré - 550g","p":36.95,"u":"67,18 €/KG","img":"https://fd14-photos.leclercdrive.fr/image.ashx?id=2858228&use=l&cat=p&typeid=i","cat":319780},{"id":248542,"n":"Mangue 1p","p":1.79,"img":"https://fd14-photos.leclercdrive.fr/image.ashx?id=1636371&use=l&cat=p&typeid=i","cat":284356},{"id":248544,"n":"Ananas Extra Sweet 1p","p":2.29,"img":"https://fd14-photos.leclercdrive.fr/image.ashx?id=2856700&use=l&cat=p&typeid=i","cat":284356},{"id":248545,"n":"Chou-fleur blanc 1p","p":1.25,"img":"https://fd14-photos.leclercdrive.fr/image.ashx?id=1631991&use=l&cat=p&typeid=i","cat":284352},{"id":248546,"n":"Feuille de chêne blonde 1p","p":1.29,"img":"https://fd14-photos.leclercdrive.fr/image.ashx?id=1633646&use=l&cat=p&typeid=i","cat":284352},{"id":248823,"n":"Sauce algérienne Rustica 260g","p":1.67,"u":"6,42 €/KG","img":"https://fd14-photos.leclercdrive.fr/image.ashx?id=2954397&use=l&cat=p&typeid=i","cat":318431},{"id":249019,"n":"Lessive liquide Xéor Savon de Marseille - 2.2L","p":3.89,"u":"1,77 €/L","img":"https://fd14-photos.leclercdrive.fr/image.ashx?id=2901500&use=l&cat=p&typeid=i","cat":284640},{"id":249020,"n":"Lessive liquide Xéor Fleurs de Cerisiers - 2.2L","p":3.99,"u":"1,81 €/L","img":"https://fd14-photos.leclercdrive.fr/image.ashx?id=2901491&use=l&cat=p&typeid=i","cat":284640},{"id":249021,"n":"Lessive liquide Xéor Savon de Marseille - 1.2L","p":2.12,"u":"1,77 €/L","img":"https://fd14-photos.leclercdrive.fr/image.ashx?id=2901503&use=l&cat=p&typeid=i","cat":284640},{"id":249037,"n":"Spray Huile d'amande douce Biolane 75ml","p":2.85,"u":"38,00 €/L","img":"https://fd14-photos.leclercdrive.fr/image.ashx?id=2893705&use=l&cat=p&typeid=i","cat":284741},{"id":249040,"n":"Crème nourrissante et hydratant Biolane 100ml","p":2.29,"u":"22,90 €/L","img":"https://fd14-photos.leclercdrive.fr/image.ashx?id=2893699&use=l&cat=p&typeid=i","cat":284741},{"id":249041,"n":"Crème de change dermo-pédiatrie Biolane 100ml","p":2.25,"u":"22,50 €/L","img":"https://fd14-photos.leclercdrive.fr/image.ashx?id=2893702&use=l&cat=p&typeid=i","cat":284741},{"id":249173,"n":"Riz basmati Taureau Ailé 1kg","p":3.6,"u":"3,60 €/KG","img":"https://fd14-photos.leclercdrive.fr/image.ashx?id=2860457&use=l&cat=p&typeid=i","cat":284428},{"id":249943,"n":"Tofu nature Bio The Tofoo.co 280g","p":2.6,"u":"9,29 €/KG","img":"https://fd14-photos.leclercdrive.fr/image.ashx?id=2872096&use=l&cat=p&typeid=i","cat":316036},{"id":250026,"n":"Sauce samourai Rustica 260g","p":1.39,"u":"5,35 €/KG","img":"https://fd14-photos.leclercdrive.fr/image.ashx?id=2955074&use=l&cat=p&typeid=i","cat":318431},{"id":250127,"n":"Recharge lessive Briochin  Peaux sensibles 37 Lav - 1,7L","p":5.49,"u":"3,23 €/L","img":"https://fd14-photos.leclercdrive.fr/image.ashx?id=3000785&use=l&cat=p&typeid=i","cat":284640},{"id":250151,"n":"Sauce frites Rustica 260g","p":1.29,"u":"4,96 €/KG","img":"https://fd14-photos.leclercdrive.fr/image.ashx?id=2954403&use=l&cat=p&typeid=i","cat":318431},{"id":250153,"n":"Sauce burger Rustica 260g","p":1.29,"u":"4,96 €/KG","img":"https://fd14-photos.leclercdrive.fr/image.ashx?id=2954400&use=l&cat=p&typeid=i","cat":318431},{"id":250158,"n":"Crème hydratante So Bio Etic Booster d'éclat Bio 50ml","p":9.9,"u":"198,00 €/L","img":"https://fd14-photos.leclercdrive.fr/image.ashx?id=2863581&use=l&cat=p&typeid=i","cat":325350},{"id":250160,"n":"Sérum hydratation So Bio Etic Booster d'éclat Bio30ml","p":11.9,"u":"396,67 €/L","img":"https://fd14-photos.leclercdrive.fr/image.ashx?id=2863578&use=l&cat=p&typeid=i","cat":325345},{"id":250172,"n":"Sérum hydratant So Bio Etic Fortifiant repulpant Bio - 30ml","p":12.9,"u":"430,00 €/L","img":"https://fd14-photos.leclercdrive.fr/image.ashx?id=2863584&use=l&cat=p&typeid=i","cat":325345},{"id":250366,"n":"Liquide vaisselle Nuk Biberons et Tétines - 500ml","p":5.9,"u":"11,80 €/L","img":"https://fd14-photos.leclercdrive.fr/image.ashx?id=2863779&use=l&cat=p&typeid=i","cat":284655},{"id":250406,"n":"Sérum capillaire So Bio Etic Karité bio équitable - 100ml","p":9.25,"u":"92,50 €/L","img":"https://fd14-photos.leclercdrive.fr/image.ashx?id=2864104&use=l&cat=p&typeid=i","cat":284608},{"id":250407,"n":"Huile végétale So Bio Etic Ricin Bio équitable - 100ml","p":8.45,"u":"84,50 €/L","img":"https://fd14-photos.leclercdrive.fr/image.ashx?id=2864107&use=l&cat=p&typeid=i","cat":284608},{"id":250409,"n":"Eau micellaire So Bio Etic Peaux sensibles Bio - 300ml","p":3.99,"u":"13,30 €/L","img":"https://fd14-photos.leclercdrive.fr/image.ashx?id=2864098&use=l&cat=p&typeid=i","cat":284603},{"id":250410,"n":"Eau micellaire So Bio Etic Tous types de peaux Bio 300ml","p":3.99,"u":"13,30 €/L","img":"https://fd14-photos.leclercdrive.fr/image.ashx?id=2864095&use=l&cat=p&typeid=i","cat":284603},{"id":250415,"n":"Lait corps hydratant Nivea Fermeté Q10 + vitamine C 250ml","p":4.2,"u":"16,80 €/L","img":"https://fd14-photos.leclercdrive.fr/image.ashx?id=3008978&use=l&cat=p&typeid=i","cat":325349},{"id":250416,"n":"Crème visage nuit Nivea Q10 Power anti-rides 50ml","p":10.9,"u":"218,00 €/L","img":"https://fd14-photos.leclercdrive.fr/image.ashx?id=3014593&use=l&cat=p&typeid=i","cat":325345},{"id":250417,"n":"Crème visage jour Nivea Q10 anti-rides SPF30 50ml","p":11.47,"u":"229,40 €/L","img":"https://fd14-photos.leclercdrive.fr/image.ashx?id=3000339&use=l&cat=p&typeid=i","cat":325345},{"id":250419,"n":"Crème visage jour Nivea Q10 anti-rides SPF15 50ml","p":11.47,"u":"229,40 €/L","img":"https://fd14-photos.leclercdrive.fr/image.ashx?id=2985480&use=l&cat=p&typeid=i","cat":325345},{"id":250420,"n":"Crème visage Nivea Q10 Energy jour SPF15 50ml","p":11.47,"u":"229,40 €/L","img":"https://fd14-photos.leclercdrive.fr/image.ashx?id=3014862&use=l&cat=p&typeid=i","cat":325345},{"id":250421,"n":"Sérum visage Nivea Luminous anti-tâches 30ml","p":17.71,"u":"590,33 €/L","img":"https://fd14-photos.leclercdrive.fr/image.ashx?id=3000821&use=l&cat=p&typeid=i","cat":325345},{"id":250425,"n":"Crème soin jour visage Nivea Anti-tâches SPF50 - 40ml","p":17.71,"u":"442,75 €/L","img":"https://fd14-photos.leclercdrive.fr/image.ashx?id=2985501&use=l&cat=p&typeid=i","cat":325345},{"id":250428,"n":"Sérum visage Q10 Double action - 30ml","p":14.89,"u":"496,33 €/L","img":"https://fd14-photos.leclercdrive.fr/image.ashx?id=3014620&use=l&cat=p&typeid=i","cat":325345},{"id":250429,"n":"Crème contour yeux Nivea Q10 Power anti-rides - 15ml","p":12.89,"u":"859,33 €/L","img":"https://fd14-photos.leclercdrive.fr/image.ashx?id=3000336&use=l&cat=p&typeid=i","cat":325345},{"id":250847,"n":"Rillettes de poulet rôti  En cocotte Bahier - 220g","p":2.9,"u":"13,18 €/KG","img":"https://fd14-photos.leclercdrive.fr/image.ashx?id=3000677&use=l&cat=p&typeid=i","cat":316008},{"id":251573,"n":"Terrine de campagne Hénaff Piment d'Espelette - 180g","p":2.14,"u":"11,89 €/KG","img":"https://fd14-photos.leclercdrive.fr/image.ashx?id=2871958&use=l&cat=p&typeid=i","cat":305149},{"id":251575,"n":"Le pâté verrine Hénaff  180g","p":2.33,"u":"12,94 €/KG","img":"https://fd14-photos.leclercdrive.fr/image.ashx?id=2868032&use=l&cat=p&typeid=i","cat":305149},{"id":251988,"n":"Spray démêlant Corine de Farme Vaïana - 200ml","p":3.65,"u":"18,25 €/L","img":"https://fd14-photos.leclercdrive.fr/image.ashx?id=2868449&use=l&cat=p&typeid=i","cat":284608},{"id":251990,"n":"Patch invisible visage Garnier Anti-acné - x22","p":9.89,"img":"https://fd14-photos.leclercdrive.fr/image.ashx?id=3000794&use=l&cat=p&typeid=i","cat":325345},{"id":252002,"n":"Couches écoresponsables Biolane Taille 1 - x28","p":8.15,"img":"https://fd14-photos.leclercdrive.fr/image.ashx?id=2876518&use=l&cat=p&typeid=i","cat":284737},{"id":252003,"n":"Shampooing purifiant Nature Moi Cheveux gras - 250ml","p":2.39,"u":"9,56 €/L","img":"https://fd14-photos.leclercdrive.fr/image.ashx?id=2868392&use=l&cat=p&typeid=i","cat":284606},{"id":252006,"n":"Nettoyant visage Revitalift Hydratant et lissant - 150ml","p":8.5,"u":"56,67 €/L","img":"https://fd14-photos.leclercdrive.fr/image.ashx?id=2874006&use=l&cat=p&typeid=i","cat":284603},{"id":252008,"n":"Sérum visage Revitalift Laser Correcteur anti-âge -30ml","p":15.98,"u":"532,67 €/L","img":"https://fd14-photos.leclercdrive.fr/image.ashx?id=2874024&use=l&cat=p&typeid=i","cat":325345},{"id":252009,"n":"Lessive liquide Skip Active clean - x40 - 1.68L","p":10.45,"u":"6,22 €/L","img":"https://fd14-photos.leclercdrive.fr/image.ashx?id=2908393&use=l&cat=p&typeid=i","cat":284640},{"id":252010,"n":"Lessive liquide Skip Fraîcheur intense - x40 - 1.68L","p":11.55,"u":"6,88 €/L","img":"https://fd14-photos.leclercdrive.fr/image.ashx?id=2940657&use=l&cat=p&typeid=i","cat":284640},{"id":252097,"n":"Lessive Liquide SKIP Touche de Cajoline x37 lavages","p":12.45,"u":"8,01 €/L","img":"https://fd14-photos.leclercdrive.fr/image.ashx?id=2940660&use=l&cat=p&typeid=i","cat":284640},{"id":252103,"n":"Après-shampooing Naturé Moi Extra-doux - 200ml","p":2.8,"u":"14,00 €/L","img":"https://fd14-photos.leclercdrive.fr/image.ashx?id=2868969&use=l&cat=p&typeid=i","cat":284607},{"id":252109,"n":"Duo sérum anti-âge L'Oréal Age perfect - 30ml","p":24.5,"pp":16.17,"u":"539,00 €/L","img":"https://fd14-photos.leclercdrive.fr/image.ashx?id=2874003&use=l&cat=p&typeid=i","cat":325345},{"id":252112,"n":"Soin anti-tâches L'Oréal Paris Bright Reveal SPF50+ - 50ml","p":17.5,"u":"350,00 €/L","img":"https://fd14-photos.leclercdrive.fr/image.ashx?id=2903428&use=l&cat=p&typeid=i","cat":325345},{"id":252113,"n":"Fluide anti-uv L'Oréal Medium SPF50 50ml","p":17.5,"u":"350,00 €/L","img":"https://fd14-photos.leclercdrive.fr/image.ashx?id=2874009&use=l&cat=p&typeid=i","cat":325345},{"id":252119,"n":"Gel moussant purifiant L'Oréal Men Expert - 260ml","p":11.99,"u":"46,12 €/L","img":"https://fd14-photos.leclercdrive.fr/image.ashx?id=2874012&use=l&cat=p&typeid=i","cat":284622},{"id":252120,"n":"Crème hydratante L'Oréal Bright Reveal - SPF50 - 50ml","p":16.7,"u":"334,00 €/L","img":"https://fd14-photos.leclercdrive.fr/image.ashx?id=2874015&use=l&cat=p&typeid=i","cat":284622},{"id":252127,"n":"Sérum anti-imperfection L'oréal Men expert - 30ml","p":13.99,"u":"466,33 €/L","img":"https://fd14-photos.leclercdrive.fr/image.ashx?id=2874021&use=l&cat=p&typeid=i","cat":284622},{"id":252129,"n":"Spray nettoyant multi-usage Cif  Infinite+Clean Brillance-280ml","p":3.55,"u":"12,68 €/L","img":"https://fd14-photos.leclercdrive.fr/image.ashx?id=2872234&use=l&cat=p&typeid=i","cat":325357},{"id":252133,"n":"Spray nettoyant multi-usage CIF Infinite+Clean 280ml","p":3.55,"u":"12,68 €/L","img":"https://fd14-photos.leclercdrive.fr/image.ashx?id=2948546&use=l&cat=p&typeid=i","cat":325357},{"id":252134,"n":"Recharge Spray nettoyant CIF Infinite+Clean Protection 590ml","p":4.8,"u":"8,14 €/L","img":"https://fd14-photos.leclercdrive.fr/image.ashx?id=2948549&use=l&cat=p&typeid=i","cat":325357},{"id":252136,"n":"Recharge Spray nettoyant CIF Infinite+Clean Brillance 590ml","p":4.45,"u":"7,54 €/L","img":"https://fd14-photos.leclercdrive.fr/image.ashx?id=2940675&use=l&cat=p&typeid=i","cat":325357},{"id":252271,"n":"Crème dessert Café Marie Morin - 2x120g","p":3.1,"u":"12,92 €/KG","img":"https://fd14-photos.leclercdrive.fr/image.ashx?id=2879703&use=l&cat=p&typeid=i","cat":285041},{"id":252276,"n":"Délices panés Céréal Bio Oignons emmental - 160g","p":3.2,"u":"20,00 €/KG","img":"https://fd14-photos.leclercdrive.fr/image.ashx?id=2868930&use=l&cat=p&typeid=i","cat":316036},{"id":252582,"n":"Après-shampooing Elsève Full resist - 200ml","p":4.2,"u":"21,00 €/L","img":"https://fd14-photos.leclercdrive.fr/image.ashx?id=2872931&use=l&cat=p&typeid=i","cat":284607},{"id":252786,"n":"Skyr protéiné Yoplait 0%MG Pêche Mangue - 4x100g","p":2.15,"u":"5,38 €/KG","img":"https://fd14-photos.leclercdrive.fr/image.ashx?id=2884498&use=l&cat=p&typeid=i","cat":315000},{"id":252787,"n":"Stick lèvres Labello Sun protect - SPF50 - x1","p":3.5,"u":"700,00 €/KG","img":"https://fd14-photos.leclercdrive.fr/image.ashx?id=3000647&use=l&cat=p&typeid=i","cat":285485},{"id":252808,"n":"Gel douche enfants L'Abre Vert Corps & cheveux Framboise 720ml","p":5.65,"u":"7,85 €/L","img":"https://fd14-photos.leclercdrive.fr/image.ashx?id=2950300&use=l&cat=p&typeid=i","cat":284594},{"id":252810,"n":"Spray crème solaire Nivea Sun Corps - SPF50+ - 200ml","p":11.15,"u":"55,75 €/L","img":"https://fd14-photos.leclercdrive.fr/image.ashx?id=2986786&use=l&cat=p&typeid=i","cat":325355},{"id":252811,"n":"Lait corps Nivea Nourrissant Peaux sèches 250ml","p":3.64,"u":"18,20 €/L","img":"https://fd14-photos.leclercdrive.fr/image.ashx?id=3005233&use=l&cat=p&typeid=i","cat":325349},{"id":252813,"n":"Lait corps Nivea Douceur - 400ml","p":4.94,"u":"12,35 €/L","img":"https://fd14-photos.leclercdrive.fr/image.ashx?id=3014623&use=l&cat=p&typeid=i","cat":325349},{"id":252814,"n":"Crème visage corps mains Nivea Repair & care - 400ml","p":5.19,"pp":3.43,"u":"8,58 €/L","img":"https://fd14-photos.leclercdrive.fr/image.ashx?id=2872078&use=l&cat=p&typeid=i","cat":325350},{"id":253575,"n":"Bols Mots d'Enfants - 2x200g  Parmentier de cabillaud dès 8M","p":2.09,"u":"5,23 €/KG","img":"https://fd14-photos.leclercdrive.fr/image.ashx?id=2892361&use=l&cat=p&typeid=i","cat":312236},{"id":253677,"n":"Bols Mots d'Enfants - 2x200g  Pâtes, épinards et crème dès 8M","p":2.29,"u":"5,73 €/KG","img":"https://fd14-photos.leclercdrive.fr/image.ashx?id=2892367&use=l&cat=p&typeid=i","cat":312236},{"id":253679,"n":"Assiette Mots d'Enfants - 230g Hachis parmentier dès 12M","p":1.39,"u":"6,04 €/KG","img":"https://fd14-photos.leclercdrive.fr/image.ashx?id=2892370&use=l&cat=p&typeid=i","cat":312237},{"id":253682,"n":"Assiette Mots d'Enfants - 230g Légumes et macaroni dès 12M","p":1.39,"u":"6,04 €/KG","img":"https://fd14-photos.leclercdrive.fr/image.ashx?id=2892373&use=l&cat=p&typeid=i","cat":312237},{"id":253684,"n":"Assiette Mots d'Enfants - 250g Pâtes, tomate et jambon dès 15M","p":1.59,"u":"6,36 €/KG","img":"https://fd14-photos.leclercdrive.fr/image.ashx?id=2892376&use=l&cat=p&typeid=i","cat":312238},{"id":253687,"n":"Assiette Mots d'Enfants - 250g Légumes et patate douce dès 15M","p":1.59,"u":"6,36 €/KG","img":"https://fd14-photos.leclercdrive.fr/image.ashx?id=2892388&use=l&cat=p&typeid=i","cat":312238},{"id":253689,"n":"Assiette Mots d'Enfants - 250g Pdt, fondue de poireaux dès 15M","p":1.59,"u":"6,36 €/KG","img":"https://fd14-photos.leclercdrive.fr/image.ashx?id=2892379&use=l&cat=p&typeid=i","cat":312238},{"id":253691,"n":"Assiette Mots d'Enfants - 250g Pâtes boeuf bourguignon dès 18M","p":1.69,"u":"6,76 €/KG","img":"https://fd14-photos.leclercdrive.fr/image.ashx?id=2892382&use=l&cat=p&typeid=i","cat":312238},{"id":253694,"n":"Assiette Mots d'Enfants - 250g Blanquette de volaille dès 18M","p":1.69,"u":"6,76 €/KG","img":"https://fd14-photos.leclercdrive.fr/image.ashx?id=2898056&use=l&cat=p&typeid=i","cat":312238},{"id":253699,"n":"Assiette Mots d'Enfants - 250g Ratatouille et boulgour dès 18M","p":1.69,"u":"6,76 €/KG","img":"https://fd14-photos.leclercdrive.fr/image.ashx?id=2892385&use=l&cat=p&typeid=i","cat":312238},{"id":253992,"n":"Gel douche L'Oréal Menexpert Hyaluronic power - 300ml","p":3.69,"u":"12,30 €/L","img":"https://fd14-photos.leclercdrive.fr/image.ashx?id=2874554&use=l&cat=p&typeid=i","cat":284619},{"id":254008,"n":"Gel douche homme Axe Copper santal - 225ml","p":2.5,"u":"11,11 €/L","img":"https://fd14-photos.leclercdrive.fr/image.ashx?id=2903881&use=l&cat=p&typeid=i","cat":284619},{"id":254091,"n":"Yaourt brassé Framboise  Fruits rouges Yoplait - 4x125g","p":1.95,"u":"0,39 €/L","img":"https://fd14-photos.leclercdrive.fr/image.ashx?id=2990613&use=l&cat=p&typeid=i","cat":284410},{"id":255080,"n":"Knacki végétal Herta x4 - 140g","p":1.8,"u":"12,86 €/KG","img":"https://fd14-photos.leclercdrive.fr/image.ashx?id=2992326&use=l&cat=p&typeid=i","cat":316036},{"id":255191,"n":"Préservatif Durex Nude - XL - x10","p":7.85,"img":"https://fd14-photos.leclercdrive.fr/image.ashx?id=2901677&use=l&cat=p&typeid=i","cat":284631},{"id":255193,"n":"Mousse au chocolat noir La Fermière 2x70g","p":2.7,"u":"19,29 €/KG","img":"https://fd14-photos.leclercdrive.fr/image.ashx?id=2878942&use=l&cat=p&typeid=i","cat":284417},{"id":255195,"n":"Préservatifs Durex Feeling - XL - x12","p":6.99,"img":"https://fd14-photos.leclercdrive.fr/image.ashx?id=2878789&use=l&cat=p&typeid=i","cat":284631},{"id":255197,"n":"Préservatifs Durex Classic jeans - x12","p":5.5,"img":"https://fd14-photos.leclercdrive.fr/image.ashx?id=2878792&use=l&cat=p&typeid=i","cat":284631},{"id":255199,"n":"Préservatifs Durex Classic Jeans - XL - x12","p":5.65,"img":"https://fd14-photos.leclercdrive.fr/image.ashx?id=2964983&use=l&cat=p&typeid=i","cat":284631},{"id":255200,"n":"Mousse au chocolat au lait La Fermière 2x70g","p":2.7,"u":"19,29 €/KG","img":"https://fd14-photos.leclercdrive.fr/image.ashx?id=2878948&use=l&cat=p&typeid=i","cat":284417},{"id":255201,"n":"Liègeois au chocolat La Fermière 2x120g","p":2.7,"u":"11,25 €/KG","img":"https://fd14-photos.leclercdrive.fr/image.ashx?id=2878951&use=l&cat=p&typeid=i","cat":285042},{"id":255202,"n":"Préservatifs Durex Extra protect - x12","p":4.7,"img":"https://fd14-photos.leclercdrive.fr/image.ashx?id=2878801&use=l&cat=p&typeid=i","cat":284631},{"id":255505,"n":"Crème de soin cheveux Nateïs Cheveux sec et frisé - 200ml","p":1.69,"u":"8,45 €/L","img":"https://fd14-photos.leclercdrive.fr/image.ashx?id=2878693&use=l&cat=p&typeid=i","cat":284608},{"id":255669,"n":"Recharge Gel douche Pêche Blanche bio & Nectar 500ml","p":2.8,"u":"5,60 €/L","img":"https://fd14-photos.leclercdrive.fr/image.ashx?id=2880411&use=l&cat=p&typeid=i","cat":284594},{"id":255678,"n":"Gel douche homme Axe Aqua bergamot - 225ml","p":2.5,"u":"11,11 €/L","img":"https://fd14-photos.leclercdrive.fr/image.ashx?id=2880612&use=l&cat=p&typeid=i","cat":284619},{"id":255688,"n":"Recharge gel douche homme Pin maritime & eucalyptus 500ml","p":2.95,"u":"5,90 €/L","img":"https://fd14-photos.leclercdrive.fr/image.ashx?id=2880420&use=l&cat=p&typeid=i","cat":284619},{"id":255696,"n":"Déodorant spray homme Axe Apollo - 200ml","p":4.55,"u":"22,75 €/L","img":"https://fd14-photos.leclercdrive.fr/image.ashx?id=2985663&use=l&cat=p&typeid=i","cat":284618},{"id":255697,"n":"Déodorant spray homme Axe Black - 200ml","p":3.75,"u":"18,75 €/L","img":"https://fd14-photos.leclercdrive.fr/image.ashx?id=2880609&use=l&cat=p&typeid=i","cat":284618},{"id":255957,"n":"Déodorant spray homme Axe Dark temptation - 200ml","p":3.75,"u":"18,75 €/L","img":"https://fd14-photos.leclercdrive.fr/image.ashx?id=2881536&use=l&cat=p&typeid=i","cat":284618},{"id":255966,"n":"Déodorant spray homme Axe Epic fresh - 200ml","p":3.99,"u":"19,95 €/L","img":"https://fd14-photos.leclercdrive.fr/image.ashx?id=2881539&use=l&cat=p&typeid=i","cat":284618},{"id":255978,"n":"Déodorant spray homme Axe Ice cool - 200ml","p":4.3,"u":"21,50 €/L","img":"https://fd14-photos.leclercdrive.fr/image.ashx?id=2881548&use=l&cat=p&typeid=i","cat":284618},{"id":256001,"n":"Déodorant stick Dove Pour tout Le corps - Framboise - 24h 75ml","p":5.49,"u":"73,20 €/L","img":"https://fd14-photos.leclercdrive.fr/image.ashx?id=2894563&use=l&cat=p&typeid=i","cat":284595},{"id":256004,"n":"Déodorant spray Dove Pour tout Le corps - 72h Framboise 150ml","p":5.1,"u":"34,00 €/L","img":"https://fd14-photos.leclercdrive.fr/image.ashx?id=3009341&use=l&cat=p&typeid=i","cat":284595},{"id":256005,"n":"Déodorant crème Dove Pour tout Le corps - 72h Framboise - 75ml","p":5.49,"u":"73,20 €/L","img":"https://fd14-photos.leclercdrive.fr/image.ashx?id=2894572&use=l&cat=p&typeid=i","cat":284595},{"id":256481,"n":"Gel douche homme Axe supreme 5-en-1 Apollo - 250ml","p":3.29,"u":"13,16 €/L","img":"https://fd14-photos.leclercdrive.fr/image.ashx?id=2902457&use=l&cat=p&typeid=i","cat":284619},{"id":256483,"n":"Gel douche homme Axe Supreme 5-en-1 - Black - 250ml","p":2.75,"u":"11,00 €/L","img":"https://fd14-photos.leclercdrive.fr/image.ashx?id=2882932&use=l&cat=p&typeid=i","cat":284619},{"id":256485,"n":"Gel douche homme Axe Supreme Dark temptation - 5-en-1 250ml","p":2.4,"u":"9,60 €/L","img":"https://fd14-photos.leclercdrive.fr/image.ashx?id=2882935&use=l&cat=p&typeid=i","cat":284619},{"id":256486,"n":"Gel douche homme Axe Supreme Provocation - 5-en-1 250ml","p":2.95,"u":"11,80 €/L","img":"https://fd14-photos.leclercdrive.fr/image.ashx?id=2992365&use=l&cat=p&typeid=i","cat":284619},{"id":256491,"n":"Déodorant tout le corps Rexona  spray 72h anti-odeur 150ml","p":4.89,"u":"32,60 €/L","img":"https://fd14-photos.leclercdrive.fr/image.ashx?id=2989486&use=l&cat=p&typeid=i","cat":284595},{"id":256536,"n":"Nectar Bio Pressade Pomme - 6x20cl","p":2.6,"u":"2,17 €/L","img":"https://fd14-photos.leclercdrive.fr/image.ashx?id=2882752&use=l&cat=p&typeid=i","cat":284522},{"id":256766,"n":"Philips One Blade 360 Rasoir à grille","p":29.99,"u":"Dont 0,12 € d'éco-part.","img":"https://fd14-photos.leclercdrive.fr/image.ashx?id=2883774&use=l&cat=p&typeid=i","cat":284616},{"id":256783,"n":"Laque Elnett Cheveux secs - 300ml","p":7.59,"u":"25,30 €/L","img":"https://fd14-photos.leclercdrive.fr/image.ashx?id=2883152&use=l&cat=p&typeid=i","cat":284609},{"id":256833,"n":"Biscuit Jardin Bio Le Petit Céréalier - 155g","p":1.89,"u":"12,19 €/KG","img":"https://fd14-photos.leclercdrive.fr/image.ashx?id=2883588&use=l&cat=p&typeid=i","cat":284487},{"id":256933,"n":"Yaourts Mamie Nova Double plaisir mangue - 2x140g","p":1.95,"u":"6,96 €/KG","img":"https://fd14-photos.leclercdrive.fr/image.ashx?id=2883128&use=l&cat=p&typeid=i","cat":284410},{"id":257010,"n":"Mozzarella fior di latte râpée Cantadora - 150g","p":2.4,"u":"16,00 €/KG","img":"https://fd14-photos.leclercdrive.fr/image.ashx?id=2886157&use=l&cat=p&typeid=i","cat":314035},{"id":257012,"n":"Mozzarella râpée Cantadora 150g","p":2.15,"u":"14,33 €/KG","img":"https://fd14-photos.leclercdrive.fr/image.ashx?id=2883600&use=l&cat=p&typeid=i","cat":314035},{"id":257013,"n":"Le Crémeux Soignon 300g","p":3.55,"u":"11,83 €/KG","img":"https://fd14-photos.leclercdrive.fr/image.ashx?id=2883597&use=l&cat=p&typeid=i","cat":314031},{"id":257038,"n":"Gel douche homme Axe Supreme Provocation - 5-en-1 - 400ml","p":3.1,"u":"7,75 €/L","img":"https://fd14-photos.leclercdrive.fr/image.ashx?id=2884924&use=l&cat=p&typeid=i","cat":284619},{"id":257041,"n":"Gel douche homme Axe supreme Re-load - 5en-1 - 250ml","p":2.4,"u":"9,60 €/L","img":"https://fd14-photos.leclercdrive.fr/image.ashx?id=2884927&use=l&cat=p&typeid=i","cat":284619},{"id":257043,"n":"Gel douche homme Axe Black vanilla - 225ml","p":2.75,"u":"12,22 €/L","img":"https://fd14-photos.leclercdrive.fr/image.ashx?id=2908387&use=l&cat=p&typeid=i","cat":284619},{"id":257045,"n":"Gel douche homme Axe supreme Lendemain difficile - 400ml","p":3.1,"u":"7,75 €/L","img":"https://fd14-photos.leclercdrive.fr/image.ashx?id=2884918&use=l&cat=p&typeid=i","cat":284619},{"id":257046,"n":"Gel douche homme Axe Cherry fizz - 225ml","p":2.4,"u":"10,67 €/L","img":"https://fd14-photos.leclercdrive.fr/image.ashx?id=2908390&use=l&cat=p&typeid=i","cat":284619},{"id":257050,"n":"Déodorant spray homme Axe Cocoa velvet - 150ml","p":4.7,"u":"31,33 €/L","img":"https://fd14-photos.leclercdrive.fr/image.ashx?id=2896468&use=l&cat=p&typeid=i","cat":284618},{"id":257051,"n":"Déodorant spray homme Axe Gold caramel billionaire 200ml","p":4.59,"u":"22,95 €/L","img":"https://fd14-photos.leclercdrive.fr/image.ashx?id=2884903&use=l&cat=p&typeid=i","cat":284618},{"id":257074,"n":"Gnocchi à poêler Lustucru Extra jambon fromage 300g","p":2.2,"u":"7,33 €/KG","img":"https://fd14-photos.leclercdrive.fr/image.ashx?id=2884387&use=l&cat=p&typeid=i","cat":333682},{"id":257076,"n":"Gnocchi à poêler Lustucru Extra fromage 300g","p":2.2,"u":"7,33 €/KG","img":"https://fd14-photos.leclercdrive.fr/image.ashx?id=2886013&use=l&cat=p&typeid=i","cat":333682},{"id":257171,"n":"Pizza Crousti-Fine Marie Tomate mozzarella - 400g","p":3.2,"u":"8,00 €/KG","img":"https://fd14-photos.leclercdrive.fr/image.ashx?id=2996737&use=l&cat=p&typeid=i","cat":284256},{"id":257201,"n":"Préservatifs Durex Intensity - x10","p":9.79,"img":"https://fd14-photos.leclercdrive.fr/image.ashx?id=2962035&use=l&cat=p&typeid=i","cat":284631},{"id":257202,"n":"Préservatifs Durex Intensity XL - x10","p":9.79,"img":"https://fd14-photos.leclercdrive.fr/image.ashx?id=2964670&use=l&cat=p&typeid=i","cat":284631},{"id":257208,"n":"Lessive liquide Xeor Fraîcheur - x44 lavages - 2.2L","p":3.89,"u":"1,77 €/L","img":"https://fd14-photos.leclercdrive.fr/image.ashx?id=2981897&use=l&cat=p&typeid=i","cat":284640},{"id":257209,"n":"Lessive liquide Xeor Oranger - x44 lavages - 2.2L","p":3.99,"u":"1,81 €/L","img":"https://fd14-photos.leclercdrive.fr/image.ashx?id=2901497&use=l&cat=p&typeid=i","cat":284640},{"id":257211,"n":"Lessive liquide Xéor Oranger - x24 lavages - 1.2L","p":2.12,"u":"1,77 €/L","img":"https://fd14-photos.leclercdrive.fr/image.ashx?id=2903977&use=l&cat=p&typeid=i","cat":284640},{"id":257212,"n":"Lessive liquide Xéor Fraîcheur - x24 lavages - 1.2L","p":2.12,"u":"1,77 €/L","img":"https://fd14-photos.leclercdrive.fr/image.ashx?id=2901506&use=l&cat=p&typeid=i","cat":284640},{"id":257214,"n":"Capsules lave-vaisselle Finish Quantum Citron - x30 - 312g","p":6.63,"u":"21,25 €/KG","img":"https://fd14-photos.leclercdrive.fr/image.ashx?id=2926618&use=l&cat=p&typeid=i","cat":284656},{"id":257215,"n":"Capsules lave-vaisselle Finish Quantum - x30 - 312g","p":6.73,"u":"21,57 €/KG","img":"https://fd14-photos.leclercdrive.fr/image.ashx?id=2884627&use=l&cat=p&typeid=i","cat":284656},{"id":257217,"n":"Capsules lave-vaisselle Finish Ultimate citron - x26 - 335g","p":6.63,"u":"19,85 €/KG","img":"https://fd14-photos.leclercdrive.fr/image.ashx?id=2884630&use=l&cat=p&typeid=i","cat":284656},{"id":257218,"n":"Capsules lave-vaisselle Finish Ultimate - x26 - 335g","p":6.89,"u":"20,57 €/KG","img":"https://fd14-photos.leclercdrive.fr/image.ashx?id=2884633&use=l&cat=p&typeid=i","cat":284656},{"id":257219,"n":"Capsules lave-vaisselle Finish Ultimate Plus Citron x22 - 268g","p":6.59,"u":"24,59 €/KG","img":"https://fd14-photos.leclercdrive.fr/image.ashx?id=2884636&use=l&cat=p&typeid=i","cat":284656},{"id":257220,"n":"Gel lave-vaisselle Finish Power - 900ml","p":6.6,"u":"7,33 €/L","img":"https://fd14-photos.leclercdrive.fr/image.ashx?id=2884639&use=l&cat=p&typeid=i","cat":284656},{"id":257225,"n":"Gel lave-vaisselle Finish Power - Citron - 900ml","p":5.95,"u":"6,61 €/L","img":"https://fd14-photos.leclercdrive.fr/image.ashx?id=2884642&use=l&cat=p&typeid=i","cat":284656},{"id":257228,"n":"Capsules lave-vaisselle Finish Ultimate Plus - x22 - 268g","p":6.59,"u":"24,59 €/KG","img":"https://fd14-photos.leclercdrive.fr/image.ashx?id=2884900&use=l&cat=p&typeid=i","cat":284656},{"id":257230,"n":"Désinfectant linge Sanytol Stop Odeurs Fleurs blanches 500ml","p":3.79,"u":"7,58 €/L","img":"https://fd14-photos.leclercdrive.fr/image.ashx?id=2961960&use=l&cat=p&typeid=i","cat":290451},{"id":257231,"n":"Désinfectant linge Sanytol Stop Odeurs Fleurs Blanches 1L","p":6.05,"u":"6,05 €/L","img":"https://fd14-photos.leclercdrive.fr/image.ashx?id=2884312&use=l&cat=p&typeid=i","cat":290451},{"id":257232,"n":"Capsules Lave-Vaisselle SUN  Pro-Expert Regular 38 lavages","p":7.9,"u":"13,86 €/KG","img":"https://fd14-photos.leclercdrive.fr/image.ashx?id=2907728&use=l&cat=p&typeid=i","cat":284656},{"id":257233,"n":"Tablettes lave-vaisselle Uni Vert - Tout-en-1 - x45 - 720g","p":6.57,"u":"9,13 €/KG","img":"https://fd14-photos.leclercdrive.fr/image.ashx?id=3015132&use=l&cat=p&typeid=i","cat":284656},{"id":257236,"n":"Tablettes lave-vaisselle Uni Vert - Classiques - x45 - 450g","p":6.27,"u":"13,93 €/KG","img":"https://fd14-photos.leclercdrive.fr/image.ashx?id=3015135&use=l&cat=p&typeid=i","cat":284656},{"id":257240,"n":"Déodorant homme Adidas Sport fresh - 150ml","p":2.95,"u":"19,67 €/L","img":"https://fd14-photos.leclercdrive.fr/image.ashx?id=2884606&use=l&cat=p&typeid=i","cat":284618},{"id":257241,"n":"Déodorant homme Adidas Invisible - 150ml","p":3.05,"u":"20,33 €/L","img":"https://fd14-photos.leclercdrive.fr/image.ashx?id=2884609&use=l&cat=p&typeid=i","cat":284618},{"id":257251,"n":"Capsules Lave-Vaisselle SUN  Pro-Expert Citron 38 lavages","p":7.9,"u":"13,86 €/KG","img":"https://fd14-photos.leclercdrive.fr/image.ashx?id=2991039&use=l&cat=p&typeid=i","cat":284656},{"id":257253,"n":"Déodorant Adidas Control fresh - 150ml","p":3.3,"u":"22,00 €/L","img":"https://fd14-photos.leclercdrive.fr/image.ashx?id=2884603&use=l&cat=p&typeid=i","cat":284595},{"id":257277,"n":"Bâtonnets surimi moelleux Fleury Michon x12 - 180g","p":1.75,"u":"9,72 €/KG","img":"https://fd14-photos.leclercdrive.fr/image.ashx?id=2936920&use=l&cat=p&typeid=i","cat":285189},{"id":257278,"n":"Bâtonnets surimi moelleux Fleury Michon x18 - 270g","p":2.55,"u":"9,44 €/KG","img":"https://fd14-photos.leclercdrive.fr/image.ashx?id=2936923&use=l&cat=p&typeid=i","cat":285189},{"id":257279,"n":"Bâtonnets surimi moelleux  Fleury Michon x24 - 360g","p":3.2,"u":"8,89 €/KG","img":"https://fd14-photos.leclercdrive.fr/image.ashx?id=2936926&use=l&cat=p&typeid=i","cat":285189},{"id":257280,"n":"Bâtonnets surimi moelleux Fleury Michon x30 - 450g","p":3.75,"u":"8,33 €/KG","img":"https://fd14-photos.leclercdrive.fr/image.ashx?id=2936929&use=l&cat=p&typeid=i","cat":285189},{"id":257322,"n":"Nectar Bio Pressade Orange - 1.5L","p":2.8,"u":"1,87 €/L","img":"https://fd14-photos.leclercdrive.fr/image.ashx?id=2885357&use=l&cat=p&typeid=i","cat":284521},{"id":257608,"n":"Raviolis Rana ricotta épinards 250g","p":2.4,"u":"9,60 €/KG","img":"https://fd14-photos.leclercdrive.fr/image.ashx?id=2886361&use=l&cat=p&typeid=i","cat":333682},{"id":257609,"n":"Raviolis Rana 4 fromages 250g","p":2.15,"u":"8,60 €/KG","img":"https://fd14-photos.leclercdrive.fr/image.ashx?id=2886364&use=l&cat=p&typeid=i","cat":333682},{"id":257612,"n":"Tortellini Rana bacon, speck & mozzarella 250g","p":2.35,"u":"9,40 €/KG","img":"https://fd14-photos.leclercdrive.fr/image.ashx?id=2886370&use=l&cat=p&typeid=i","cat":333682},{"id":257972,"n":"Filet de canard La Nouvelle Agriculture x1 - 300g","p":7.4,"u":"24,67 €/KG","img":"https://fd14-photos.leclercdrive.fr/image.ashx?id=2886948&use=l&cat=p&typeid=i","cat":284339},{"id":258079,"n":"Limonade Lorina pêche blanche 1L","p":2.5,"u":"2,50 €/L","img":"https://fd14-photos.leclercdrive.fr/image.ashx?id=2891094&use=l&cat=p&typeid=i","cat":284531},{"id":258092,"n":"Beurre Nature de Breton Le Moulé demi-sel - 80% MG 250g","p":2.95,"u":"11,80 €/KG","img":"https://fd14-photos.leclercdrive.fr/image.ashx?id=2887044&use=l&cat=p&typeid=i","cat":284379},{"id":258280,"n":"Crevettes nature Costa décortiquées - 200g","p":5.7,"u":"28,50 €/KG","img":"https://fd14-photos.leclercdrive.fr/image.ashx?id=2940288&use=l&cat=p&typeid=i","cat":319787},{"id":258281,"n":"Crevettes croustillantes Costa  - 225g","p":5.7,"u":"25,33 €/KG","img":"https://fd14-photos.leclercdrive.fr/image.ashx?id=2888094&use=l&cat=p&typeid=i","cat":319787},{"id":258282,"n":"Crevettes Costa ail et fines herbes - 225g","p":5.7,"u":"25,33 €/KG","img":"https://fd14-photos.leclercdrive.fr/image.ashx?id=2888088&use=l&cat=p&typeid=i","cat":319787},{"id":258299,"n":"Lasagnes William Saurin Bolognaise pure boeuf - 300g","p":2.65,"u":"8,83 €/KG","img":"https://fd14-photos.leclercdrive.fr/image.ashx?id=2916012&use=l&cat=p&typeid=i","cat":284953},{"id":258301,"n":"Spaghetti William Saurin Bolognaise pure boeuf - 300g","p":2.5,"u":"8,33 €/KG","img":"https://fd14-photos.leclercdrive.fr/image.ashx?id=2939517&use=l&cat=p&typeid=i","cat":284953},{"id":258303,"n":"Poulet basquaise William Saurin 285g","p":3.18,"u":"11,16 €/KG","img":"https://fd14-photos.leclercdrive.fr/image.ashx?id=2928564&use=l&cat=p&typeid=i","cat":284953},{"id":258304,"n":"Poulet William Saurin à la crème - 280g","p":2.65,"u":"9,46 €/KG","img":"https://fd14-photos.leclercdrive.fr/image.ashx?id=2939520&use=l&cat=p&typeid=i","cat":284953},{"id":258305,"n":"Risotto William Saurin poulet et champignons - 280g","p":2.6,"u":"9,29 €/KG","img":"https://fd14-photos.leclercdrive.fr/image.ashx?id=2912113&use=l&cat=p&typeid=i","cat":284953},{"id":258310,"n":"Blanquette William Saurin Veau et riz - 285g","p":3.05,"u":"10,70 €/KG","img":"https://fd14-photos.leclercdrive.fr/image.ashx?id=2906286&use=l&cat=p&typeid=i","cat":284953},{"id":258312,"n":"Bourguignon William Saurin Boeuf - 300g","p":2.85,"u":"9,50 €/KG","img":"https://fd14-photos.leclercdrive.fr/image.ashx?id=2906289&use=l&cat=p&typeid=i","cat":284953},{"id":258314,"n":"Hachis William Saurin Parmentier pur boeuf - 300g","p":3.1,"u":"10,33 €/KG","img":"https://fd14-photos.leclercdrive.fr/image.ashx?id=2906292&use=l&cat=p&typeid=i","cat":284953},{"id":258320,"n":"Dentifrice Elmex Email blancheur - 75ml","p":6.85,"u":"91,33 €/L","img":"https://fd14-photos.leclercdrive.fr/image.ashx?id=2888196&use=l&cat=p&typeid=i","cat":284612},{"id":258321,"n":"Dentifrice soin Elmex Sensitive expert - 75ml","p":5.9,"u":"78,67 €/L","img":"https://fd14-photos.leclercdrive.fr/image.ashx?id=2888205&use=l&cat=p&typeid=i","cat":284612},{"id":258322,"n":"Dentifrice sensitive Elmex Soin instantané - 75ml","p":5.95,"u":"79,33 €/L","img":"https://fd14-photos.leclercdrive.fr/image.ashx?id=3009338&use=l&cat=p&typeid=i","cat":284612},{"id":258323,"n":"Dentifrice gencives Elmex Sensitive plus - 75ml","p":5.8,"u":"77,33 €/L","img":"https://fd14-photos.leclercdrive.fr/image.ashx?id=2888193&use=l&cat=p&typeid=i","cat":284612},{"id":258343,"n":"Crêpes Nutella  x6 - 240g","p":3.88,"u":"16,17 €/KG","img":"https://fd14-photos.leclercdrive.fr/image.ashx?id=2899761&use=l&cat=p&typeid=i","cat":284267},{"id":258354,"n":"Raviolis Rana  Asperges et Parmiggiano 250g","p":2.88,"u":"11,52 €/KG","img":"https://fd14-photos.leclercdrive.fr/image.ashx?id=2889940&use=l&cat=p&typeid=i","cat":333682},{"id":258356,"n":"Raviolis Rana Burrata chorizo 250g","p":2.88,"u":"11,52 €/KG","img":"https://fd14-photos.leclercdrive.fr/image.ashx?id=2889943&use=l&cat=p&typeid=i","cat":333682},{"id":258357,"n":"Ravioli Rana crevettes pois chi Pois chiches 250g","p":3.49,"u":"13,96 €/KG","img":"https://fd14-photos.leclercdrive.fr/image.ashx?id=2890445&use=l&cat=p&typeid=i","cat":333682},{"id":258358,"n":"Bière belge Martha Guilty rouge - 33cl 8% vol.","p":2.43,"u":"7,36 €/L","img":"https://fd14-photos.leclercdrive.fr/image.ashx?id=2889826&use=l&cat=p&typeid=i","cat":334878},{"id":258359,"n":"Bière belge Martha Triple - 33cl 8% vol.","p":2.25,"u":"6,82 €/L","img":"https://fd14-photos.leclercdrive.fr/image.ashx?id=2960222&use=l&cat=p&typeid=i","cat":334878},{"id":258364,"n":"Biscuits bio Jardin Bio Sésame - 150g","p":1.89,"u":"12,60 €/KG","img":"https://fd14-photos.leclercdrive.fr/image.ashx?id=2890211&use=l&cat=p&typeid=i","cat":284487},{"id":258606,"n":"Soda Fanta Orange  Bouteille - 1.25L","p":1.65,"u":"1,32 €/L","img":"https://fd14-photos.leclercdrive.fr/image.ashx?id=2924752&use=l&cat=p&typeid=i","cat":284532},{"id":258795,"n":"Beurrier tendre Président Demi-sel - 60% MG - 200g","p":1.9,"u":"9,50 €/KG","img":"https://fd14-photos.leclercdrive.fr/image.ashx?id=2889328&use=l&cat=p&typeid=i","cat":284379},{"id":259159,"n":"Soin visage Fluide anti tâches  UV vitamine C  Garnier -40ml","p":7.8,"u":"195,00 €/L","img":"https://fd14-photos.leclercdrive.fr/image.ashx?id=2904251&use=l&cat=p&typeid=i","cat":325345},{"id":259180,"n":"Préservatifs Durex Intensity - x20","p":19.95,"img":"https://fd14-photos.leclercdrive.fr/image.ashx?id=2964980&use=l&cat=p&typeid=i","cat":284631},{"id":259184,"n":"Préservatifs Durex Classic Jeans - x20","p":7.82,"img":"https://fd14-photos.leclercdrive.fr/image.ashx?id=2892433&use=l&cat=p&typeid=i","cat":284631},{"id":259210,"n":"Nouilles instantanées poulet Teriyaki - Daisuki - 79g","p":1.05,"u":"13,29 €/KG","img":"https://fd14-photos.leclercdrive.fr/image.ashx?id=2892412&use=l&cat=p&typeid=i","cat":288992},{"id":259211,"n":"Dentifrice Enfants Sensodyne 2-6 ans - 50ml","p":3.85,"u":"77,00 €/L","img":"https://fd14-photos.leclercdrive.fr/image.ashx?id=2893009&use=l&cat=p&typeid=i","cat":288898},{"id":259212,"n":"Nouilles instantanées boeuf  Gyudon - Daisuki - 79g","p":0.83,"u":"10,51 €/KG","img":"https://fd14-photos.leclercdrive.fr/image.ashx?id=2892415&use=l&cat=p&typeid=i","cat":288993},{"id":259245,"n":"Bière aromatisée 1664 Rosé 4,5°- 6x25cl","p":5.3,"u":"3,53 €/L","img":"https://fd14-photos.leclercdrive.fr/image.ashx?id=2892457&use=l&cat=p&typeid=i","cat":334878},{"id":259249,"n":"Bière aromatisée Somersby Pomme 4,5° - 3x27,5cl","p":4.0,"u":"4,85 €/L","img":"https://fd14-photos.leclercdrive.fr/image.ashx?id=2892460&use=l&cat=p&typeid=i","cat":334878},{"id":259250,"n":"Bière aromatisée Somersby Citron Yuzu 4,5° - 3x27,5cl","p":3.9,"u":"4,73 €/L","img":"https://fd14-photos.leclercdrive.fr/image.ashx?id=2892463&use=l&cat=p&typeid=i","cat":334878},{"id":259253,"n":"Bière aromatisée Somersby Framboise 4,5° - 3x27,5cl","p":4.0,"u":"4,85 €/L","img":"https://fd14-photos.leclercdrive.fr/image.ashx?id=2892466&use=l&cat=p&typeid=i","cat":334878},{"id":259587,"n":"Sandwich Les Mim's Sodebo Poulet - 120g","p":1.8,"u":"15,00 €/KG","img":"https://fd14-photos.leclercdrive.fr/image.ashx?id=2892571&use=l&cat=p&typeid=i","cat":333658},{"id":259588,"n":"Sandwich Les Mim's Sodebo Jambon beurre emmental - 120g","p":1.8,"u":"15,00 €/KG","img":"https://fd14-photos.leclercdrive.fr/image.ashx?id=2892574&use=l&cat=p&typeid=i","cat":333658},{"id":259632,"n":"Nectar Bio Pressade Pomme - 1.5L","p":2.05,"u":"1,37 €/L","img":"https://fd14-photos.leclercdrive.fr/image.ashx?id=2892586&use=l&cat=p&typeid=i","cat":284522},{"id":259770,"n":"Yaourts sans lactose Malo  Vanille - 4x125g","p":2.25,"u":"4,50 €/KG","img":"https://fd14-photos.leclercdrive.fr/image.ashx?id=2981082&use=l&cat=p&typeid=i","cat":286006},{"id":259771,"n":"Yaourts sans lactose Malo  Nature - 4x125g","p":2.1,"u":"4,20 €/KG","img":"https://fd14-photos.leclercdrive.fr/image.ashx?id=2981509&use=l&cat=p&typeid=i","cat":284409},{"id":259776,"n":"Sauce apéro Hénaff Fines herbes ail - 180g","p":2.75,"u":"15,28 €/KG","img":"https://fd14-photos.leclercdrive.fr/image.ashx?id=2892835&use=l&cat=p&typeid=i","cat":284451},{"id":259778,"n":"Feve'camole Hénaff Salsa - 180g","p":2.95,"u":"16,39 €/KG","img":"https://fd14-photos.leclercdrive.fr/image.ashx?id=2999288&use=l&cat=p&typeid=i","cat":284451},{"id":260041,"n":"Boisson aux fruits Oasis Citron vert - 2L","p":2.5,"u":"1,25 €/L","img":"https://fd14-photos.leclercdrive.fr/image.ashx?id=2893639&use=l&cat=p&typeid=i","cat":295018},{"id":260044,"n":"Liqueur Get Menthe & fruits rouges 17.9° - 70cl","p":12.99,"u":"18,56 €/L","img":"https://fd14-photos.leclercdrive.fr/image.ashx?id=3009104&use=l&cat=p&typeid=i","cat":286032},{"id":260328,"n":"Riz Taureau Ailé Basmati du Punjab - 500g","p":2.25,"u":"4,50 €/KG","img":"https://fd14-photos.leclercdrive.fr/image.ashx?id=2893756&use=l&cat=p&typeid=i","cat":284428},{"id":260331,"n":"Rice Box Sodebo  Tikka Massala riz - 330g","p":3.45,"u":"10,45 €/KG","img":"https://fd14-photos.leclercdrive.fr/image.ashx?id=2894224&use=l&cat=p&typeid=i","cat":334983},{"id":261069,"n":"Bouquet garni feuilles \"Saveurs du Midi\" - 18g","p":1.7,"u":"94,44 €/KG","img":"https://fd14-photos.leclercdrive.fr/image.ashx?id=2896162&use=l&cat=p&typeid=i","cat":298297},{"id":261200,"n":"Cônes Magnum noisette  4x90g","p":4.7,"u":"18,08 €/KG","img":"https://fd14-photos.leclercdrive.fr/image.ashx?id=2896453&use=l&cat=p&typeid=i","cat":284264},{"id":261292,"n":"Chewing-gum Hollywood  Menthe Verte sans sucres - 70g","p":2.1,"u":"30,00 €/KG","img":"https://fd14-photos.leclercdrive.fr/image.ashx?id=2987053&use=l&cat=p&typeid=i","cat":304251},{"id":261305,"n":"Chewing-gum Hollywood 2Fresh  Menthe Forte sans sucres 66g","p":1.56,"u":"23,64 €/KG","img":"https://fd14-photos.leclercdrive.fr/image.ashx?id=3011962&use=l&cat=p&typeid=i","cat":304251},{"id":261319,"n":"Déodorant bille Adidas Original - 50ml","p":2.95,"u":"59,00 €/L","img":"https://fd14-photos.leclercdrive.fr/image.ashx?id=2896699&use=l&cat=p&typeid=i","cat":284595},{"id":261501,"n":"Bonbons Tic Tac Cerise & cola  x100 - 49g","p":2.28,"u":"46,53 €/KG","img":"https://fd14-photos.leclercdrive.fr/image.ashx?id=2922203&use=l&cat=p&typeid=i","cat":304256},{"id":261502,"n":"Bonbons Tic Tac  Chlorophylle - x100 - 49g","p":2.57,"u":"52,45 €/KG","img":"https://fd14-photos.leclercdrive.fr/image.ashx?id=2903791&use=l&cat=p&typeid=i","cat":304256},{"id":261519,"n":"Chewing-gum Hollywood Cherry 5x14g -70g","p":2.65,"u":"37,86 €/KG","img":"https://fd14-photos.leclercdrive.fr/image.ashx?id=2985696&use=l&cat=p&typeid=i","cat":304251},{"id":261520,"n":"Bonbons La Vosgienne  Sève de Pin - 125g","p":1.6,"u":"12,80 €/KG","img":"https://fd14-photos.leclercdrive.fr/image.ashx?id=2901235&use=l&cat=p&typeid=i","cat":304256},{"id":261521,"n":"Crème sous pression Galbani Au Mascarpone - 250g","p":3.4,"u":"13,60 €/KG","img":"https://fd14-photos.leclercdrive.fr/image.ashx?id=2939319&use=l&cat=p&typeid=i","cat":284382},{"id":261523,"n":"Chewing-gum Hollywood Fraise - Citron vert sans sucres 66g","p":1.59,"u":"24,09 €/KG","img":"https://fd14-photos.leclercdrive.fr/image.ashx?id=3011965&use=l&cat=p&typeid=i","cat":304251},{"id":261525,"n":"Sauté de lapin William Saurin 300g","p":3.2,"u":"10,67 €/KG","img":"https://fd14-photos.leclercdrive.fr/image.ashx?id=2905375&use=l&cat=p&typeid=i","cat":284953},{"id":261526,"n":"Chewing-gum Hollywood  Menthe Forte sans sucres 70g","p":2.25,"u":"32,14 €/KG","img":"https://fd14-photos.leclercdrive.fr/image.ashx?id=3001533&use=l&cat=p&typeid=i","cat":304251},{"id":261528,"n":"Nectar Bio Pressade Orange Bio - 6x20cl","p":2.9,"u":"2,42 €/L","img":"https://fd14-photos.leclercdrive.fr/image.ashx?id=2902705&use=l&cat=p&typeid=i","cat":284521},{"id":261542,"n":"Laque tenue flexible Syoss 300ml","p":3.15,"u":"10,50 €/L","img":"https://fd14-photos.leclercdrive.fr/image.ashx?id=2903089&use=l&cat=p&typeid=i","cat":284609},{"id":261607,"n":"Brioche tranchée Pasquier -30% de sucre - 450g","p":2.45,"u":"5,44 €/KG","img":"https://fd14-photos.leclercdrive.fr/image.ashx?id=2900446&use=l&cat=p&typeid=i","cat":284478},{"id":261974,"n":"Coca-Cola Cherry 18+2 offertes - 20x33cl","p":13.5,"u":"2,05 €/L","img":"https://fd14-photos.leclercdrive.fr/image.ashx?id=2903716&use=l&cat=p&typeid=i","cat":284530},{"id":262184,"n":"Céréales Jordans Oh My Crisp Noix - 400g","p":3.7,"u":"9,25 €/KG","img":"https://fd14-photos.leclercdrive.fr/image.ashx?id=2958884&use=l&cat=p&typeid=i","cat":309512},{"id":262186,"n":"Biscottes Pasquier Céréales et graines - 300g","p":1.85,"u":"6,17 €/KG","img":"https://fd14-photos.leclercdrive.fr/image.ashx?id=2899404&use=l&cat=p&typeid=i","cat":284479},{"id":262345,"n":"Soda Fanta Orange  Canette - Pack 6x33CL","p":3.3,"u":"1,67 €/L","img":"https://fd14-photos.leclercdrive.fr/image.ashx?id=2997241&use=l&cat=p&typeid=i","cat":284532},{"id":262520,"n":"Eau de source Cristaline Cassis pomme framboise 1.5L","p":0.95,"u":"0,63 €/L","img":"https://fd14-photos.leclercdrive.fr/image.ashx?id=2901896&use=l&cat=p&typeid=i","cat":284537},{"id":262867,"n":"Baume lèvres hydratant Labello x2","p":3.0,"u":"300,00 €/KG","img":"https://fd14-photos.leclercdrive.fr/image.ashx?id=2901581&use=l&cat=p&typeid=i","cat":285485},{"id":262868,"n":"Baume lèvre hydratant Labello","p":1.95,"u":"390,00 €/KG","img":"https://fd14-photos.leclercdrive.fr/image.ashx?id=2984676&use=l&cat=p&typeid=i","cat":285485},{"id":263116,"n":"Mini bâtonnet Magnum  Double Noisette 6x55ml","p":4.5,"u":"13,64 €/L","img":"https://fd14-photos.leclercdrive.fr/image.ashx?id=2901190&use=l&cat=p&typeid=i","cat":284265},{"id":263130,"n":"Magnum Glace Bâtonnet  Double Noisette 4x85ml","p":4.65,"u":"13,68 €/L","img":"https://fd14-photos.leclercdrive.fr/image.ashx?id=3009326&use=l&cat=p&typeid=i","cat":284265},{"id":263131,"n":"Bâtonnet Magnum Utopia Double Fruits Rouges 4x85ml","p":4.2,"u":"12,35 €/L","img":"https://fd14-photos.leclercdrive.fr/image.ashx?id=3014650&use=l&cat=p&typeid=i","cat":284265},{"id":263282,"n":"Désinfectant linge Textil 1,5L","p":1.99,"u":"1,33 €/L","img":"https://fd14-photos.leclercdrive.fr/image.ashx?id=2958768&use=l&cat=p&typeid=i","cat":290451},{"id":263328,"n":"Bonbons Lutti Bubblizz Piquants - 300g","p":1.8,"u":"6,00 €/KG","img":"https://fd14-photos.leclercdrive.fr/image.ashx?id=2900983&use=l&cat=p&typeid=i","cat":304250},{"id":263669,"n":"Crêpes dentelles Gavottes Sarrasin échalote - 80g","p":2.2,"u":"27,50 €/KG","img":"https://fd14-photos.leclercdrive.fr/image.ashx?id=2902765&use=l&cat=p&typeid=i","cat":284494},{"id":263670,"n":"Crêpes dentelles Gavottes Boursin  - 80g","p":2.2,"u":"27,50 €/KG","img":"https://fd14-photos.leclercdrive.fr/image.ashx?id=2902768&use=l&cat=p&typeid=i","cat":297000},{"id":263672,"n":"Crêpes dentelles Gavottes Oignon de Roscoff - 80g","p":2.2,"u":"27,50 €/KG","img":"https://fd14-photos.leclercdrive.fr/image.ashx?id=2902771&use=l&cat=p&typeid=i","cat":297000},{"id":263701,"n":"Glace cône Extreme Framboise & Brownies - 6x71g","p":3.55,"u":"8,33 €/KG","img":"https://fd14-photos.leclercdrive.fr/image.ashx?id=2904182&use=l&cat=p&typeid=i","cat":284264},{"id":263702,"n":"Glace cône Extreme Salted caramel - 6x71g","p":3.55,"u":"8,33 €/KG","img":"https://fd14-photos.leclercdrive.fr/image.ashx?id=2904185&use=l&cat=p&typeid=i","cat":284264},{"id":263705,"n":"Glace cône Extrême Vanille/ chocolat - 6x71g","p":3.55,"u":"8,33 €/KG","img":"https://fd14-photos.leclercdrive.fr/image.ashx?id=2904188&use=l&cat=p&typeid=i","cat":284264},{"id":263712,"n":"Truite fumée Landvika 6 tranches 140g","p":5.5,"u":"39,29 €/KG","img":"https://fd14-photos.leclercdrive.fr/image.ashx?id=2904206&use=l&cat=p&typeid=i","cat":285188},{"id":263741,"n":"Culottes Tena Nuit  Taille M - x12","p":12.9,"u":"1,08 €/P","img":"https://fd14-photos.leclercdrive.fr/image.ashx?id=2904449&use=l&cat=p&typeid=i","cat":284628},{"id":263846,"n":"Crème dessert Ker Ronan Vanille bourbon - 4x105g","p":2.3,"u":"5,48 €/KG","img":"https://fd14-photos.leclercdrive.fr/image.ashx?id=2904365&use=l&cat=p&typeid=i","cat":285041},{"id":263847,"n":"Crème dessert Ker Ronan Praliné amandes - 4x105g","p":2.3,"u":"5,48 €/KG","img":"https://fd14-photos.leclercdrive.fr/image.ashx?id=2904368&use=l&cat=p&typeid=i","cat":285041},{"id":263849,"n":"Yaourt aromatisé Ker Ronan Litchi  - 4x125g","p":1.95,"u":"3,90 €/KG","img":"https://fd14-photos.leclercdrive.fr/image.ashx?id=2904353&use=l&cat=p&typeid=i","cat":286006},{"id":263851,"n":"Yaourt aromatisé Ker Ronan Abricot - 4x125g","p":1.95,"u":"3,90 €/KG","img":"https://fd14-photos.leclercdrive.fr/image.ashx?id=2904356&use=l&cat=p&typeid=i","cat":286006},{"id":263852,"n":"Yaourt brassé Ker Ronan Pêche du Roussillon - 4x125g","p":2.25,"u":"4,50 €/KG","img":"https://fd14-photos.leclercdrive.fr/image.ashx?id=2904359&use=l&cat=p&typeid=i","cat":284410},{"id":263869,"n":"Riz pour risotto Taureau Ailé 500g","p":1.85,"u":"3,70 €/KG","img":"https://fd14-photos.leclercdrive.fr/image.ashx?id=2904389&use=l&cat=p&typeid=i","cat":284428},{"id":263915,"n":"Nouilles instantanées Daisuki Légumes Wafuu - 60g","p":2.08,"u":"34,67 €/KG","img":"https://fd14-photos.leclercdrive.fr/image.ashx?id=2904643&use=l&cat=p&typeid=i","cat":288992},{"id":263918,"n":"Nouilles instantanées Daisuki Poulet Yakitori - 93g","p":2.11,"u":"22,69 €/KG","img":"https://fd14-photos.leclercdrive.fr/image.ashx?id=2904646&use=l&cat=p&typeid=i","cat":288992},{"id":263919,"n":"Nouilles instantanées Daisuki Légumes Curry - 93g","p":3.03,"u":"32,58 €/KG","img":"https://fd14-photos.leclercdrive.fr/image.ashx?id=2904652&use=l&cat=p&typeid=i","cat":288992},{"id":263921,"n":"Nouilles instantanées Daisuki Sauce soja - 93g","p":2.13,"u":"22,90 €/KG","img":"https://fd14-photos.leclercdrive.fr/image.ashx?id=2904649&use=l&cat=p&typeid=i","cat":288992},{"id":264360,"n":"Brassé végétal Andros Sur lit d'abricot 4x100g","p":2.65,"u":"6,63 €/KG","img":"https://fd14-photos.leclercdrive.fr/image.ashx?id=2906493&use=l&cat=p&typeid=i","cat":316071},{"id":264431,"n":"Matière grasse végétale Flora Doux à tartiner - 250g","p":2.2,"u":"8,80 €/KG","img":"https://fd14-photos.leclercdrive.fr/image.ashx?id=2908381&use=l&cat=p&typeid=i","cat":315229},{"id":264692,"n":"Croque-Monsieur Maxi Herta jambon fromage x2 - 310g","p":2.95,"u":"9,52 €/KG","img":"https://fd14-photos.leclercdrive.fr/image.ashx?id=2907941&use=l&cat=p&typeid=i","cat":333671},{"id":264694,"n":"Cheetos crispy Balls  90g","p":1.32,"u":"14,67 €/KG","img":"https://fd14-photos.leclercdrive.fr/image.ashx?id=2907962&use=l&cat=p&typeid=i","cat":284449},{"id":264696,"n":"Cheetos crunchy Fromage - 90g","p":1.32,"u":"14,67 €/KG","img":"https://fd14-photos.leclercdrive.fr/image.ashx?id=2907965&use=l&cat=p&typeid=i","cat":284449},{"id":264700,"n":"Cheetos crunchy Sweet Chili - 90g","p":1.32,"u":"14,67 €/KG","img":"https://fd14-photos.leclercdrive.fr/image.ashx?id=2907968&use=l&cat=p&typeid=i","cat":284449},{"id":264756,"n":"Déodorant Homme L'Oréal bille Invincible Sport - 50ml","p":2.56,"u":"51,20 €/L","img":"https://fd14-photos.leclercdrive.fr/image.ashx?id=2907638&use=l&cat=p&typeid=i","cat":284618},{"id":264792,"n":"Mon 1er biscuit Mots d'enfants Dès 10 mois - 120g","p":1.54,"u":"12,83 €/KG","img":"https://fd14-photos.leclercdrive.fr/image.ashx?id=2907306&use=l&cat=p&typeid=i","cat":312394},{"id":264904,"n":"Le Classique soja  Garden Gourmet 173g","p":2.55,"u":"14,74 €/KG","img":"https://fd14-photos.leclercdrive.fr/image.ashx?id=2965319&use=l&cat=p&typeid=i","cat":316036},{"id":264933,"n":"Salade Sodebo nouilles crudité  Poulet au curry - 320g","p":3.85,"u":"12,03 €/KG","img":"https://fd14-photos.leclercdrive.fr/image.ashx?id=2962536&use=l&cat=p&typeid=i","cat":333657},{"id":264959,"n":"Halloumi AOP Les Croisés 200g","p":2.66,"u":"13,30 €/KG","img":"https://fd14-photos.leclercdrive.fr/image.ashx?id=3009532&use=l&cat=p&typeid=i","cat":314026},{"id":264963,"n":"Box XXL Radiatori Côté Snack Saumon 400g","p":2.99,"u":"7,48 €/KG","img":"https://fd14-photos.leclercdrive.fr/image.ashx?id=2907497&use=l&cat=p&typeid=i","cat":334983},{"id":265152,"n":"Fromage apéritif Apéricube Soirée match 48 cubes 250g","p":4.17,"u":"16,68 €/KG","img":"https://fd14-photos.leclercdrive.fr/image.ashx?id=2908915&use=l&cat=p&typeid=i","cat":314027},{"id":265154,"n":"Fromage apéritif Apéricube Challenge 48 cubes 250g","p":4.17,"u":"16,68 €/KG","img":"https://fd14-photos.leclercdrive.fr/image.ashx?id=2908918&use=l&cat=p&typeid=i","cat":314027},{"id":265443,"n":"Martini Bianco 14.5° - 1L","p":10.28,"pp":9.25,"u":"9,25 €/L","img":"https://fd14-photos.leclercdrive.fr/image.ashx?id=2941952&use=l&cat=p&typeid=i","cat":284913},{"id":265450,"n":"Martini rosso 14.5° - 1L","p":10.28,"pp":9.25,"u":"9,25 €/L","img":"https://fd14-photos.leclercdrive.fr/image.ashx?id=2941949&use=l&cat=p&typeid=i","cat":284913},{"id":265463,"n":"Fromage fouetté Madame Loïk Ail & Fines herbes x9 - 150g","p":1.95,"u":"13,00 €/KG","img":"https://fd14-photos.leclercdrive.fr/image.ashx?id=3008509&use=l&cat=p&typeid=i","cat":314029},{"id":265532,"n":"Breizh Burger Tregalette Raclette - 190g","p":3.56,"u":"18,74 €/KG","img":"https://fd14-photos.leclercdrive.fr/image.ashx?id=2912266&use=l&cat=p&typeid=i","cat":333671},{"id":265815,"n":"Rasoir Hydro 5 Ultimate Wilkinson","p":8.34,"img":"https://fd14-photos.leclercdrive.fr/image.ashx?id=2911540&use=l&cat=p&typeid=i","cat":284616},{"id":265816,"n":"Dentifrice Parodontax Renforce & protège Blancheur - 75ml","p":5.5,"u":"73,33 €/MT","img":"https://fd14-photos.leclercdrive.fr/image.ashx?id=2911558&use=l&cat=p&typeid=i","cat":284612},{"id":265822,"n":"Rasoir Barber's Style  Wilkinson - 5 lames","p":15.8,"img":"https://fd14-photos.leclercdrive.fr/image.ashx?id=2911531&use=l&cat=p&typeid=i","cat":284616},{"id":265828,"n":"Bain de bouche Parodontax Renforce & protège Menthe 500ml","p":5.25,"u":"10,50 €/L","img":"https://fd14-photos.leclercdrive.fr/image.ashx?id=2911561&use=l&cat=p&typeid=i","cat":284613},{"id":265830,"n":"Rasoir Hydro Trim & Shave  Wilkinson","p":14.59,"u":"Dont 0,07 € d'éco-part.","img":"https://fd14-photos.leclercdrive.fr/image.ashx?id=2911534&use=l&cat=p&typeid=i","cat":284616},{"id":265832,"n":"Rasoir Hydro 5 - Wilkinson Face Groomer","p":14.59,"u":"Dont 0,10 € d'éco-part.","img":"https://fd14-photos.leclercdrive.fr/image.ashx?id=2963853&use=l&cat=p&typeid=i","cat":284616},{"id":265833,"n":"Lames Hydro 5 Regular Wilkinson - x8","p":22.27,"u":"2,78 €/P","img":"https://fd14-photos.leclercdrive.fr/image.ashx?id=2911537&use=l&cat=p&typeid=i","cat":284616},{"id":265868,"n":"Lessive liquide Dash 2 en 1 Envolée d'air 40 lavages - 1.8L","p":9.99,"u":"5,55 €/L","img":"https://fd14-photos.leclercdrive.fr/image.ashx?id=2914858&use=l&cat=p&typeid=i","cat":284640},{"id":265932,"n":"Tablettes lave-vaisselle Fairy Original tout en 1 x35 - 473g","p":9.2,"u":"19,45 €/KG","img":"https://fd14-photos.leclercdrive.fr/image.ashx?id=2914201&use=l&cat=p&typeid=i","cat":284656},{"id":266078,"n":"Lessive liquide Persil Douceur d'amande - 2.565L x61","p":10.3,"u":"4,02 €/L","img":"https://fd14-photos.leclercdrive.fr/image.ashx?id=2944497&use=l&cat=p&typeid=i","cat":284640},{"id":266093,"n":"Adoucissant Lenor Envolée d'air - x55 - 1.155L","p":4.53,"u":"3,92 €/L","img":"https://fd14-photos.leclercdrive.fr/image.ashx?id=2914171&use=l&cat=p&typeid=i","cat":284650},{"id":266102,"n":"Baume lèvres hydratant Labello x2","p":3.75,"u":"375,00 €/KG","img":"https://fd14-photos.leclercdrive.fr/image.ashx?id=2913811&use=l&cat=p&typeid=i","cat":285485},{"id":266104,"n":"Lait corps nourissant Nivea Peaux sèches - 400ml","p":5.5,"u":"13,75 €/L","img":"https://fd14-photos.leclercdrive.fr/image.ashx?id=2977639&use=l&cat=p&typeid=i","cat":325349},{"id":266105,"n":"Nettoyant lave-vaisselle Finish Protector - 30g","p":3.67,"u":"122,33 €/KG","img":"https://fd14-photos.leclercdrive.fr/image.ashx?id=2914894&use=l&cat=p&typeid=i","cat":284657},{"id":266107,"n":"Gel WC Harpic Power Plus 750ml","p":2.3,"u":"3,07 €/L","img":"https://fd14-photos.leclercdrive.fr/image.ashx?id=2914027&use=l&cat=p&typeid=i","cat":284662},{"id":266114,"n":"Lessive liquide Ariel Alpine - x35 - 1.575L","p":9.88,"u":"6,27 €/L","img":"https://fd14-photos.leclercdrive.fr/image.ashx?id=2914822&use=l&cat=p&typeid=i","cat":284640},{"id":266123,"n":"Jambon Sec fines et fondantes Aoste nature 4 tranches - 67g","p":2.5,"u":"37,31 €/KG","img":"https://fd14-photos.leclercdrive.fr/image.ashx?id=2937196&use=l&cat=p&typeid=i","cat":316007},{"id":266137,"n":"Lessive liquide Ariel Ultra détachant - 1.350L x30","p":9.88,"u":"7,32 €/L","img":"https://fd14-photos.leclercdrive.fr/image.ashx?id=2914147&use=l&cat=p&typeid=i","cat":284640},{"id":266150,"n":"Lait corps hydratation Nivea Express - 250ml","p":3.64,"u":"14,56 €/L","img":"https://fd14-photos.leclercdrive.fr/image.ashx?id=2977648&use=l&cat=p&typeid=i","cat":325349},{"id":266152,"n":"Crème visage jour Nivea Anti-rides Q10+ Sensitive 50ml","p":11.55,"u":"231,00 €/L","img":"https://fd14-photos.leclercdrive.fr/image.ashx?id=2973940&use=l&cat=p&typeid=i","cat":325345},{"id":266157,"n":"Lessive capsules Ariel Pods Grandiose Original 762g x21","p":13.05,"u":"17,13 €/KG","img":"https://fd14-photos.leclercdrive.fr/image.ashx?id=2914180&use=l&cat=p&typeid=i","cat":284641},{"id":266165,"n":"Fromage enfant Mini Babybel Mix 9 portions","p":3.4,"u":"0,57 €/P","img":"https://fd14-photos.leclercdrive.fr/image.ashx?id=2911912&use=l&cat=p&typeid=i","cat":314030},{"id":266166,"n":"Lessive capsules Ariel 3en1 Pods - Alpine - 546g - x30","p":11.45,"u":"20,97 €/KG","img":"https://fd14-photos.leclercdrive.fr/image.ashx?id=2914177&use=l&cat=p&typeid=i","cat":284641},{"id":266168,"n":"Lessive capsules Ariel 3en1 Pods - Alpine - 346g x19","p":9.9,"u":"28,61 €/KG","img":"https://fd14-photos.leclercdrive.fr/image.ashx?id=2914867&use=l&cat=p&typeid=i","cat":284641},{"id":266199,"n":"Adoucissant Soupline Ultra Fraîcheur infinie rosée 800ml","p":5.45,"u":"6,81 €/L","img":"https://fd14-photos.leclercdrive.fr/image.ashx?id=2991027&use=l&cat=p&typeid=i","cat":284650},{"id":266206,"n":"Adoucissant Soupline Ultra concentré Fraicheur Azur 800 ml","p":5.45,"u":"6,81 €/L","img":"https://fd14-photos.leclercdrive.fr/image.ashx?id=2991030&use=l&cat=p&typeid=i","cat":284650},{"id":266232,"n":"Riz risotto Taureau Ailé 1kg","p":3.25,"u":"3,25 €/KG","img":"https://fd14-photos.leclercdrive.fr/image.ashx?id=2914696&use=l&cat=p&typeid=i","cat":284428},{"id":266236,"n":"Cubes Filet de poulet Bon Plan Douce France - 400g","p":5.42,"u":"13,55 €/KG","img":"https://fd14-photos.leclercdrive.fr/image.ashx?id=2913988&use=l&cat=p&typeid=i","cat":284336},{"id":266436,"n":"Lessive liquide Ariel Original - 1.575L - x35","p":9.88,"u":"6,27 €/L","img":"https://fd14-photos.leclercdrive.fr/image.ashx?id=2914813&use=l&cat=p&typeid=i","cat":284640},{"id":266444,"n":"Lessive capsules Ariel 3en1 Original - 546g - x30","p":11.45,"u":"20,97 €/KG","img":"https://fd14-photos.leclercdrive.fr/image.ashx?id=2914834&use=l&cat=p&typeid=i","cat":284641},{"id":266446,"n":"Lessive capsules Ariel Pods+ Active - 405g - x19","p":10.66,"u":"26,32 €/KG","img":"https://fd14-photos.leclercdrive.fr/image.ashx?id=2914849&use=l&cat=p&typeid=i","cat":284641},{"id":266447,"n":"Bonbon Tic Tac Two Menthe fraîche & douce - 38,5g","p":2.25,"u":"59,21 €/KG","img":"https://fd14-photos.leclercdrive.fr/image.ashx?id=2914438&use=l&cat=p&typeid=i","cat":304256},{"id":266448,"n":"Lessive capsules Ariel Pods Original - 346g - x19","p":9.1,"u":"26,30 €/KG","img":"https://fd14-photos.leclercdrive.fr/image.ashx?id=2914855&use=l&cat=p&typeid=i","cat":284641},{"id":266449,"n":"Lessive capsules Ariel Pods Grandiose Alpine x21 - 762g","p":13.05,"u":"17,13 €/KG","img":"https://fd14-photos.leclercdrive.fr/image.ashx?id=2970245&use=l&cat=p&typeid=i","cat":284641},{"id":266450,"n":"Lessive capsules Ariel Pods+ Ultra détachant - 443g x19","p":10.66,"u":"24,06 €/KG","img":"https://fd14-photos.leclercdrive.fr/image.ashx?id=2914837&use=l&cat=p&typeid=i","cat":284641},{"id":266451,"n":"Bonbon Tic Tac Two Framboise & Citron - 38g","p":2.25,"u":"59,21 €/KG","img":"https://fd14-photos.leclercdrive.fr/image.ashx?id=2914441&use=l&cat=p&typeid=i","cat":304256},{"id":266452,"n":"Lessive capsules Ariel Pods+ Unstoppable - 376g x19","p":10.66,"u":"28,35 €/KG","img":"https://fd14-photos.leclercdrive.fr/image.ashx?id=2914840&use=l&cat=p&typeid=i","cat":284641},{"id":266463,"n":"Shampooing Head & Shoulders Intense hydratation - 330ml","p":4.85,"u":"14,70 €/L","img":"https://fd14-photos.leclercdrive.fr/image.ashx?id=2914801&use=l&cat=p&typeid=i","cat":284606},{"id":266681,"n":"Pâte à tartiner Bueno L'artisan Tartineur - 570g","p":6.08,"u":"10,67 €/KG","img":"https://fd14-photos.leclercdrive.fr/image.ashx?id=2930403&use=l&cat=p&typeid=i","cat":284481},{"id":266704,"n":"Barres chocolatées Knoppers Lait Noisette - x5 - 200g","p":2.29,"u":"11,45 €/KG","img":"https://fd14-photos.leclercdrive.fr/image.ashx?id=2967609&use=l&cat=p&typeid=i","cat":284498},{"id":267014,"n":"Tortillas de blé Old El Paso Complet x10 - 580g","p":3.85,"u":"6,64 €/KG","img":"https://fd14-photos.leclercdrive.fr/image.ashx?id=2916492&use=l&cat=p&typeid=i","cat":288993},{"id":267328,"n":"Nettoyant désinfectant Clair 1.5L","p":1.85,"u":"1,23 €/L","img":"https://fd14-photos.leclercdrive.fr/image.ashx?id=2916593&use=l&cat=p&typeid=i","cat":325357},{"id":267333,"n":"Adoucissant Cajoline Créations Fleur de tiaré & Pivoine 1.386L","p":4.9,"u":"3,54 €/L","img":"https://fd14-photos.leclercdrive.fr/image.ashx?id=2917112&use=l&cat=p&typeid=i","cat":284650},{"id":267336,"n":"Adoucissant Cajoline Doux & Pur L'original - 1.386L x66","p":4.9,"u":"3,54 €/L","img":"https://fd14-photos.leclercdrive.fr/image.ashx?id=2917118&use=l&cat=p&typeid=i","cat":284650},{"id":267339,"n":"Adoucissant Cajoline Origines Fraîcheur Céleste 1.254L x66","p":5.97,"u":"4,76 €/L","img":"https://fd14-photos.leclercdrive.fr/image.ashx?id=2917121&use=l&cat=p&typeid=i","cat":284650},{"id":267358,"n":"Sandwich club Daunat Poulet Cheddar - 135g","p":1.4,"u":"10,37 €/KG","img":"https://fd14-photos.leclercdrive.fr/image.ashx?id=2916905&use=l&cat=p&typeid=i","cat":333658},{"id":267371,"n":"Adoucissant Cajoline Créations Fleur de la passion 1.386L x66","p":4.9,"u":"3,54 €/L","img":"https://fd14-photos.leclercdrive.fr/image.ashx?id=2918107&use=l&cat=p&typeid=i","cat":284650},{"id":267541,"n":"Skyr Yoplait  Pêche - 450g","p":2.3,"u":"5,11 €/KG","img":"https://fd14-photos.leclercdrive.fr/image.ashx?id=2917795&use=l&cat=p&typeid=i","cat":315000},{"id":268005,"n":"Jambon cru Serrano Aoste  4 tranches - 67g","p":2.5,"u":"37,31 €/KG","img":"https://fd14-photos.leclercdrive.fr/image.ashx?id=2939844&use=l&cat=p&typeid=i","cat":316007},{"id":268010,"n":"Skyr Délisse Vanille 4x100g","p":1.89,"u":"4,73 €/KG","img":"https://fd14-photos.leclercdrive.fr/image.ashx?id=2992606&use=l&cat=p&typeid=i","cat":315000},{"id":268011,"n":"Skyr Délisse Fruits rouges 4x100g","p":1.87,"u":"4,68 €/KG","img":"https://fd14-photos.leclercdrive.fr/image.ashx?id=2992609&use=l&cat=p&typeid=i","cat":315000},{"id":268038,"n":"Couches Pampers Baby-dry Taille 4 - x43","p":15.47,"u":"0,36 €/P","img":"https://fd14-photos.leclercdrive.fr/image.ashx?id=2942003&use=l&cat=p&typeid=i","cat":284737},{"id":268039,"n":"Couches Pampers Baby-Dry Taille 5 - x38","p":14.58,"u":"0,38 €/P","img":"https://fd14-photos.leclercdrive.fr/image.ashx?id=2919976&use=l&cat=p&typeid=i","cat":284737},{"id":268041,"n":"Couches Pampers Baby-Dry Taille 2 - x56","p":15.47,"u":"0,28 €/P","img":"https://fd14-photos.leclercdrive.fr/image.ashx?id=2919982&use=l&cat=p&typeid=i","cat":284737},{"id":268042,"n":"Culottes Pampers Baby-Dry Pants Taille 5 - x36","p":15.47,"u":"0,43 €/P","img":"https://fd14-photos.leclercdrive.fr/image.ashx?id=2920006&use=l&cat=p&typeid=i","cat":290633},{"id":268054,"n":"Couches Pampers Baby-Dry Taille 3 - x50","p":15.47,"u":"0,31 €/P","img":"https://fd14-photos.leclercdrive.fr/image.ashx?id=2919988&use=l&cat=p&typeid=i","cat":284737},{"id":268057,"n":"Couches Pampers Premium Protection Taille 2 - x54","p":15.47,"u":"0,29 €/P","img":"https://fd14-photos.leclercdrive.fr/image.ashx?id=2957392&use=l&cat=p&typeid=i","cat":284737},{"id":268070,"n":"Compotes Andros Pomme passion 4x100g","p":1.5,"u":"3,75 €/KG","img":"https://fd14-photos.leclercdrive.fr/image.ashx?id=2919838&use=l&cat=p&typeid=i","cat":284416},{"id":268077,"n":"Fromage Mini Babybel  Protéines x5 - 110g","p":2.25,"u":"20,45 €/KG","img":"https://fd14-photos.leclercdrive.fr/image.ashx?id=2923567&use=l&cat=p&typeid=i","cat":314030},{"id":268185,"n":"Couches Pampers Baby-Dry Taille 4+ - x39","p":15.47,"u":"0,40 €/P","img":"https://fd14-photos.leclercdrive.fr/image.ashx?id=2941997&use=l&cat=p&typeid=i","cat":284737},{"id":268186,"n":"Couches Pmapers Premium Protection - Taille 4 x38","p":15.47,"u":"0,41 €/P","img":"https://fd14-photos.leclercdrive.fr/image.ashx?id=2919994&use=l&cat=p&typeid=i","cat":284737},{"id":268189,"n":"Couches Pampers Premium Protection Taille 3 x46","p":15.47,"u":"0,34 €/P","img":"https://fd14-photos.leclercdrive.fr/image.ashx?id=2991009&use=l&cat=p&typeid=i","cat":284737},{"id":268191,"n":"Culottes Pampers Baby-Dry Pants Taille 6 - x31","p":15.47,"u":"0,50 €/P","img":"https://fd14-photos.leclercdrive.fr/image.ashx?id=2920009&use=l&cat=p&typeid=i","cat":290633},{"id":268192,"n":"Culottes Pampers Baby-Dry Pants Taille 4 - x41","p":15.47,"u":"0,38 €/P","img":"https://fd14-photos.leclercdrive.fr/image.ashx?id=2920012&use=l&cat=p&typeid=i","cat":290633},{"id":268207,"n":"Moules Pom Bistro ASC à la  crème de Normandie - 380g","p":3.86,"u":"10,16 €/KG","img":"https://fd14-photos.leclercdrive.fr/image.ashx?id=2919865&use=l&cat=p&typeid=i","cat":319787},{"id":268385,"n":"Côte première de porc L'Atelier Boucherie x5 - 700g","p":5.59,"u":"7,99 €/KG","img":"https://fd14-photos.leclercdrive.fr/image.ashx?id=2930576&use=l&cat=p&typeid=i","cat":284331},{"id":268465,"n":"Pepsi pack de 6 canettes  6x33cl","p":3.2,"u":"1,62 €/L","img":"https://fd14-photos.leclercdrive.fr/image.ashx?id=2921540&use=l&cat=p&typeid=i","cat":284530},{"id":268468,"n":"Thé glacé Lipton Framboise  1.75L","p":2.2,"u":"1,26 €/L","img":"https://fd14-photos.leclercdrive.fr/image.ashx?id=2921103&use=l&cat=p&typeid=i","cat":295019},{"id":268774,"n":"Dentifrice Oral B Pro Expert 75ml","p":3.13,"u":"41,73 €/L","img":"https://fd14-photos.leclercdrive.fr/image.ashx?id=2920960&use=l&cat=p&typeid=i","cat":284612},{"id":269161,"n":"Lessive liquide Persil  Bouquet de Provence - 1,806L","p":6.85,"u":"3,79 €/L","img":"https://fd14-photos.leclercdrive.fr/image.ashx?id=2924977&use=l&cat=p&typeid=i","cat":284640},{"id":269166,"n":"Lessive liquide Persil  Bouquet de Provence - 2,565L","p":10.3,"u":"4,02 €/L","img":"https://fd14-photos.leclercdrive.fr/image.ashx?id=2924980&use=l&cat=p&typeid=i","cat":284640},{"id":269169,"n":"Lessive liquide Skip  Active clean - 2.520 L","p":17.05,"u":"6,77 €/L","img":"https://fd14-photos.leclercdrive.fr/image.ashx?id=2924974&use=l&cat=p&typeid=i","cat":284640},{"id":269176,"n":"Lessive liquide Skip  Peaux sensiles - 1,554L","p":10.95,"u":"7,05 €/L","img":"https://fd14-photos.leclercdrive.fr/image.ashx?id=2985669&use=l&cat=p&typeid=i","cat":284640},{"id":269197,"n":"Lessive liquide Persil  Douceur d'amande - 1.806","p":7.5,"u":"4,15 €/L","img":"https://fd14-photos.leclercdrive.fr/image.ashx?id=2944491&use=l&cat=p&typeid=i","cat":284640},{"id":269335,"n":"Déodorant Adidas Pure game - 150ml","p":3.05,"u":"20,33 €/L","img":"https://fd14-photos.leclercdrive.fr/image.ashx?id=2924290&use=l&cat=p&typeid=i","cat":284618},{"id":269337,"n":"Spray repulsif Primoplast Moustiques - 100ml","p":4.5,"u":"45,00 €/L","img":"https://fd14-photos.leclercdrive.fr/image.ashx?id=2989712&use=l&cat=p&typeid=i","cat":299654},{"id":269386,"n":"Lessive Liquide Persil Peaux Sensibles 43 lavages","p":7.6,"u":"4,21 €/L","img":"https://fd14-photos.leclercdrive.fr/image.ashx?id=2945838&use=l&cat=p&typeid=i","cat":284640},{"id":269505,"n":"Halloumi AOP Salakis 200g","p":3.45,"u":"17,25 €/KG","img":"https://fd14-photos.leclercdrive.fr/image.ashx?id=2924626&use=l&cat=p&typeid=i","cat":314026},{"id":269562,"n":"Skyr à boire Siggi's Framboise 250g","p":1.6,"u":"6,40 €/KG","img":"https://fd14-photos.leclercdrive.fr/image.ashx?id=2927282&use=l&cat=p&typeid=i","cat":315000},{"id":269565,"n":"Skyr à boire Siggi's Vanille 250g","p":1.6,"u":"6,40 €/KG","img":"https://fd14-photos.leclercdrive.fr/image.ashx?id=2927285&use=l&cat=p&typeid=i","cat":315000},{"id":269568,"n":"Skyr à boire Siggi's Mangue passion 250g","p":1.6,"u":"6,40 €/KG","img":"https://fd14-photos.leclercdrive.fr/image.ashx?id=2927288&use=l&cat=p&typeid=i","cat":315000},{"id":269571,"n":"Comté AOP affiné 10 mois Nos Régions ont du Talent 200g","p":3.67,"u":"18,35 €/KG","img":"https://fd14-photos.leclercdrive.fr/image.ashx?id=2923408&use=l&cat=p&typeid=i","cat":314034},{"id":269810,"n":"Yaourt à la pêche La Laitière x2 - 220g","p":1.45,"u":"6,59 €/KG","img":"https://fd14-photos.leclercdrive.fr/image.ashx?id=2926221&use=l&cat=p&typeid=i","cat":284410},{"id":269811,"n":"Yaourt à la fraise La Laitière x2 - 220g","p":1.45,"u":"6,59 €/KG","img":"https://fd14-photos.leclercdrive.fr/image.ashx?id=2926218&use=l&cat=p&typeid=i","cat":284410},{"id":269812,"n":"Gel nettoyant Garnier  Booster d'éclat - 250ml","p":5.3,"u":"21,20 €/L","img":"https://fd14-photos.leclercdrive.fr/image.ashx?id=2954241&use=l&cat=p&typeid=i","cat":284603},{"id":269912,"n":"P'tit gourmand Nestlé  Vanille - 4x100g","p":1.6,"u":"4,00 €/KG","img":"https://fd14-photos.leclercdrive.fr/image.ashx?id=2946278&use=l&cat=p&typeid=i","cat":312392},{"id":270173,"n":"Bâtonnets Nuii Pistache d'Anatolie crème x4 284g","p":4.6,"u":"16,20 €/KG","img":"https://fd14-photos.leclercdrive.fr/image.ashx?id=2927630&use=l&cat=p&typeid=i","cat":284265},{"id":270176,"n":"Sauce à l'echalote Rustica 300g","p":1.69,"u":"5,63 €/KG","img":"https://fd14-photos.leclercdrive.fr/image.ashx?id=2955089&use=l&cat=p&typeid=i","cat":288381},{"id":270212,"n":"Bâtonnets Nuii chocolat noir Noix du Brésil x4 276g","p":4.6,"u":"16,67 €/KG","img":"https://fd14-photos.leclercdrive.fr/image.ashx?id=3000396&use=l&cat=p&typeid=i","cat":284265},{"id":270473,"n":"Dessert lacté Nestlé Biscuit dès 6mois - 4x100g","p":1.6,"u":"4,00 €/KG","img":"https://fd14-photos.leclercdrive.fr/image.ashx?id=2934914&use=l&cat=p&typeid=i","cat":312392},{"id":270893,"n":"Cônes artisanaux L'Angélys plein fruits - 4x75g","p":5.27,"u":"17,57 €/KG","img":"https://fd14-photos.leclercdrive.fr/image.ashx?id=2937592&use=l&cat=p&typeid=i","cat":284264},{"id":270993,"n":"Petit salé Céréal Bio  260g","p":2.7,"u":"10,38 €/KG","img":"https://fd14-photos.leclercdrive.fr/image.ashx?id=2936107&use=l&cat=p&typeid=i","cat":328010},{"id":270996,"n":"Pané de courgettes Céréal Bio Emmental - 160g","p":3.15,"u":"19,69 €/KG","img":"https://fd14-photos.leclercdrive.fr/image.ashx?id=2936110&use=l&cat=p&typeid=i","cat":328010},{"id":271003,"n":"Tofu aux herbes Céréal Bio 250g","p":3.3,"u":"13,20 €/KG","img":"https://fd14-photos.leclercdrive.fr/image.ashx?id=2936113&use=l&cat=p&typeid=i","cat":328010},{"id":271010,"n":"Barre protéinée Gerlinéa Cacahuète et chocolat - 45g","p":1.85,"u":"41,11 €/KG","img":"https://fd14-photos.leclercdrive.fr/image.ashx?id=2936092&use=l&cat=p&typeid=i","cat":318652},{"id":271011,"n":"Huile tournesol et olive Cauvin Vierge Extra - 75cl","p":4.7,"u":"6,27 €/L","img":"https://fd14-photos.leclercdrive.fr/image.ashx?id=2937070&use=l&cat=p&typeid=i","cat":284453},{"id":271016,"n":"Biscuit Gerblé Amande - 210g","p":1.6,"u":"7,62 €/KG","img":"https://fd14-photos.leclercdrive.fr/image.ashx?id=2936101&use=l&cat=p&typeid=i","cat":284487},{"id":271017,"n":"Barre matin Gerblé Abricot sésame -120g","p":2.24,"u":"18,67 €/KG","img":"https://fd14-photos.leclercdrive.fr/image.ashx?id=2999249&use=l&cat=p&typeid=i","cat":300032},{"id":271066,"n":"Infusion Yogi Bio Menthe citron vert x15 - 30g","p":2.75,"u":"91,67 €/KG","img":"https://fd14-photos.leclercdrive.fr/image.ashx?id=2937760&use=l&cat=p&typeid=i","cat":293234},{"id":271510,"n":"Sauce poivre Rustica 300g","p":1.16,"u":"3,87 €/KG","img":"https://fd14-photos.leclercdrive.fr/image.ashx?id=2955059&use=l&cat=p&typeid=i","cat":318431},{"id":271681,"n":"Bière triple Belge  St Feuillien - 75cl 8.5% vol.","p":5.15,"u":"6,87 €/L","img":"https://fd14-photos.leclercdrive.fr/image.ashx?id=2937854&use=l&cat=p&typeid=i","cat":334872},{"id":271909,"n":"Barre protéinée Gerlinéa Caramel et Amande - 45g","p":1.54,"u":"34,22 €/KG","img":"https://fd14-photos.leclercdrive.fr/image.ashx?id=2936095&use=l&cat=p&typeid=i","cat":318652},{"id":271933,"n":"Brocolis Panier du Primeur 1p","p":1.29,"img":"https://fd14-photos.leclercdrive.fr/image.ashx?id=2933137&use=l&cat=p&typeid=i","cat":284352},{"id":271967,"n":"Déodorant spray Adidas After sport 150ml","p":2.65,"u":"17,67 €/L","img":"https://fd14-photos.leclercdrive.fr/image.ashx?id=2937367&use=l&cat=p&typeid=i","cat":284618},{"id":271971,"n":"Déodorant bille Sanex Natur  Protect Aloe vera 50ml","p":3.85,"u":"77,00 €/L","img":"https://fd14-photos.leclercdrive.fr/image.ashx?id=2938310&use=l&cat=p&typeid=i","cat":284595},{"id":271976,"n":"Brosse à dent Elmex Sensitive x1","p":3.1,"img":"https://fd14-photos.leclercdrive.fr/image.ashx?id=2938307&use=l&cat=p&typeid=i","cat":284614},{"id":271978,"n":"Dentifrice Blancheur Signal White Now 3en1 blancheur 75ml","p":4.7,"u":"62,67 €/L","img":"https://fd14-photos.leclercdrive.fr/image.ashx?id=2985684&use=l&cat=p&typeid=i","cat":284612},{"id":271982,"n":"Dentifrice Blancheur Signal White Now 3en1 Charbon 75ml","p":4.7,"u":"62,67 €/L","img":"https://fd14-photos.leclercdrive.fr/image.ashx?id=2938340&use=l&cat=p&typeid=i","cat":284612},{"id":271998,"n":"Dentifrice Sensodyne Multi-protection 75ml","p":4.05,"u":"54,00 €/L","img":"https://fd14-photos.leclercdrive.fr/image.ashx?id=2937802&use=l&cat=p&typeid=i","cat":284612},{"id":271999,"n":"Soin douche Le Petit  Marseillais Lait d'avoine 400ml","p":3.05,"u":"7,63 €/L","img":"https://fd14-photos.leclercdrive.fr/image.ashx?id=2937298&use=l&cat=p&typeid=i","cat":284594},{"id":272001,"n":"Soin douche Le Petit Marseillais Lait de riz 400ml","p":3.05,"u":"7,63 €/L","img":"https://fd14-photos.leclercdrive.fr/image.ashx?id=2937301&use=l&cat=p&typeid=i","cat":284594},{"id":272061,"n":"Laitue Iceberg Prince de Bretagne","p":0.99,"img":"https://fd14-photos.leclercdrive.fr/image.ashx?id=2937100&use=l&cat=p&typeid=i","cat":284352},{"id":272146,"n":"Sauce Bechamel Rustica 500g","p":1.65,"u":"3,30 €/KG","img":"https://fd14-photos.leclercdrive.fr/image.ashx?id=2958765&use=l&cat=p&typeid=i","cat":318430},{"id":272349,"n":"Sérum visage Nivea Anti-age  30ml","p":27.99,"u":"933,00 €/L","img":"https://fd14-photos.leclercdrive.fr/image.ashx?id=2991304&use=l&cat=p&typeid=i","cat":325345},{"id":272351,"n":"Masque Sérum Garnier Hyaluron+  Répare tissus x1","p":2.9,"img":"https://fd14-photos.leclercdrive.fr/image.ashx?id=2986657&use=l&cat=p&typeid=i","cat":325346},{"id":273414,"n":"Ramen Cup Oyakata Yakisoba poulet yakitori - 180g","p":1.8,"u":"10,00 €/KG","img":"https://fd14-photos.leclercdrive.fr/image.ashx?id=2941901&use=l&cat=p&typeid=i","cat":288992},{"id":273533,"n":"Yaourts Morceaux de Framboise Mamie Nova - 2x150g","p":1.45,"u":"4,83 €/KG","img":"https://fd14-photos.leclercdrive.fr/image.ashx?id=2941703&use=l&cat=p&typeid=i","cat":284410},{"id":273619,"n":"Livarot Traditions de Normandie 200g","p":4.8,"u":"24,00 €/KG","img":"https://fd14-photos.leclercdrive.fr/image.ashx?id=2962554&use=l&cat=p&typeid=i","cat":329558},{"id":273864,"n":"Capsules lave-vaisselle Finish Ultimate - x57 - 735g","p":11.88,"pp":7.13,"u":"9,70 €/KG","img":"https://fd14-photos.leclercdrive.fr/image.ashx?id=3011593&use=l&cat=p&typeid=i","cat":284656},{"id":273880,"n":"Salade pâtes gourmandes Poulet caesar  250g","p":2.95,"u":"11,80 €/KG","img":"https://fd14-photos.leclercdrive.fr/image.ashx?id=2962929&use=l&cat=p&typeid=i","cat":333657},{"id":273881,"n":"Salade pâtes gourmandes Jambon emmental  250g","p":2.95,"u":"11,80 €/KG","img":"https://fd14-photos.leclercdrive.fr/image.ashx?id=2962932&use=l&cat=p&typeid=i","cat":333657},{"id":273882,"n":"Salade pâtes gourmandes Thon oeufs 250g","p":2.95,"u":"11,80 €/KG","img":"https://fd14-photos.leclercdrive.fr/image.ashx?id=2962935&use=l&cat=p&typeid=i","cat":333657},{"id":273883,"n":"Salade pâtes gourmandes Poulet mimolette 250g","p":3.35,"u":"13,40 €/KG","img":"https://fd14-photos.leclercdrive.fr/image.ashx?id=2962938&use=l&cat=p&typeid=i","cat":333657},{"id":274035,"n":"Bière rouge Jenlain 75cl","p":3.94,"u":"5,25 €/L","img":"https://fd14-photos.leclercdrive.fr/image.ashx?id=2944002&use=l&cat=p&typeid=i","cat":334852},{"id":274092,"n":"Courge Jack O Lantern Non comestible Halloween 1p","p":3.99,"img":"https://fd14-photos.leclercdrive.fr/image.ashx?id=2983591&use=l&cat=p&typeid=i","cat":284352},{"id":274093,"n":"Ciboulette botte 1p","p":1.59,"img":"https://fd14-photos.leclercdrive.fr/image.ashx?id=588961&use=l&cat=p&typeid=i","cat":293607},{"id":274373,"n":"Yaourt brassé Yaos morceaux Ananas mangue passion 4x125g","p":2.7,"u":"5,40 €/KG","img":"https://fd14-photos.leclercdrive.fr/image.ashx?id=2944645&use=l&cat=p&typeid=i","cat":284410},{"id":274374,"n":"Yaourt brassé Yaos morceaux  Framboise mûre myrtille 4x125g","p":2.7,"u":"5,40 €/KG","img":"https://fd14-photos.leclercdrive.fr/image.ashx?id=2944642&use=l&cat=p&typeid=i","cat":284410},{"id":274421,"n":"Compotes Pom'Potes Pomme  Poire Banane - x4 - 360g","p":2.34,"u":"6,50 €/KG","img":"https://fd14-photos.leclercdrive.fr/image.ashx?id=2949826&use=l&cat=p&typeid=i","cat":284508},{"id":274505,"n":"Yaourt à la Grecque Danone Vanille -4x110g","p":2.05,"u":"4,66 €/KG","img":"https://fd14-photos.leclercdrive.fr/image.ashx?id=2992738&use=l&cat=p&typeid=i","cat":314999},{"id":274506,"n":"Yaourt à la Grecque Danone Nature  - 4x110g","p":1.8,"u":"4,09 €/KG","img":"https://fd14-photos.leclercdrive.fr/image.ashx?id=2992732&use=l&cat=p&typeid=i","cat":314999},{"id":274509,"n":"Yaourt à la Grecque Danone Fraise - 4x110g","p":2.05,"u":"4,66 €/KG","img":"https://fd14-photos.leclercdrive.fr/image.ashx?id=2992729&use=l&cat=p&typeid=i","cat":314999},{"id":274541,"n":"Yaourt à la Grecque Danone Stracciatella - 4x110g","p":2.05,"u":"4,66 €/KG","img":"https://fd14-photos.leclercdrive.fr/image.ashx?id=2992735&use=l&cat=p&typeid=i","cat":314999},{"id":274554,"n":"Yaourt à la Grecque Danone Citron - 4x110g","p":2.05,"u":"4,66 €/KG","img":"https://fd14-photos.leclercdrive.fr/image.ashx?id=2992744&use=l&cat=p&typeid=i","cat":314999},{"id":274593,"n":"Danone Skyr nature  x4 - 400g","p":2.05,"u":"5,13 €/KG","img":"https://fd14-photos.leclercdrive.fr/image.ashx?id=2960654&use=l&cat=p&typeid=i","cat":315000},{"id":274835,"n":"Fraisier Marie Morin 2x110g","p":3.9,"u":"17,73 €/KG","img":"https://fd14-photos.leclercdrive.fr/image.ashx?id=2947994&use=l&cat=p&typeid=i","cat":284419},{"id":274994,"n":"Lames Wilkinson  The face Groomer - x4","p":13.95,"u":"3,49 €/P","img":"https://fd14-photos.leclercdrive.fr/image.ashx?id=2946619&use=l&cat=p&typeid=i","cat":284616},{"id":275203,"n":"Dessert lacté Ptit gourmand  Caramel - 4x10gg","p":1.6,"u":"4,00 €/KG","img":"https://fd14-photos.leclercdrive.fr/image.ashx?id=2978191&use=l&cat=p&typeid=i","cat":312392},{"id":275204,"n":"Semoule au lait P'tit gourmand 4x100g","p":1.6,"u":"4,00 €/KG","img":"https://fd14-photos.leclercdrive.fr/image.ashx?id=2978194&use=l&cat=p&typeid=i","cat":312392},{"id":275205,"n":"Dessert lacté P'tit Gourmand 4x100g","p":1.6,"u":"4,00 €/KG","img":"https://fd14-photos.leclercdrive.fr/image.ashx?id=2978197&use=l&cat=p&typeid=i","cat":312392},{"id":275207,"n":"Lait-sérum Nivea Corps raffermissant Q10 200ml","p":9.95,"u":"49,75 €/L","img":"https://fd14-photos.leclercdrive.fr/image.ashx?id=2947156&use=l&cat=p&typeid=i","cat":325349},{"id":275216,"n":"Crème hydratante Nivea Fraîcheur - 200ml","p":6.35,"u":"31,75 €/L","img":"https://fd14-photos.leclercdrive.fr/image.ashx?id=2947159&use=l&cat=p&typeid=i","cat":325350},{"id":275232,"n":"Sérum Nivea Q10 Anti-rides Tous types de peaux -15ml","p":13.89,"u":"926,00 €/L","img":"https://fd14-photos.leclercdrive.fr/image.ashx?id=3014611&use=l&cat=p&typeid=i","cat":325345},{"id":275250,"n":"Boule pizza Croustipate  300g","p":1.9,"u":"6,33 €/KG","img":"https://fd14-photos.leclercdrive.fr/image.ashx?id=2947997&use=l&cat=p&typeid=i","cat":333681},{"id":275343,"n":"Yaourt Onctissime Au Pré! Nature 4x125g","p":2.15,"u":"4,30 €/KG","img":"https://fd14-photos.leclercdrive.fr/image.ashx?id=2981268&use=l&cat=p&typeid=i","cat":284409},{"id":275352,"n":"Déodorant bille bio Sanex Bambou Fresh - 50ml","p":3.85,"u":"77,00 €/L","img":"https://fd14-photos.leclercdrive.fr/image.ashx?id=2949088&use=l&cat=p&typeid=i","cat":284595},{"id":275353,"n":"Déodorant bille Sanex Minéral efficacité - 50ml","p":3.85,"u":"77,00 €/L","img":"https://fd14-photos.leclercdrive.fr/image.ashx?id=2949091&use=l&cat=p&typeid=i","cat":284595},{"id":275381,"n":"Gel douche Dop Lait végétal Pyrénées - 480ml","p":3.1,"u":"6,46 €/L","img":"https://fd14-photos.leclercdrive.fr/image.ashx?id=2955348&use=l&cat=p&typeid=i","cat":284594},{"id":275382,"n":"Gel douche Dop Amande - 480ml","p":3.1,"u":"6,46 €/L","img":"https://fd14-photos.leclercdrive.fr/image.ashx?id=2955351&use=l&cat=p&typeid=i","cat":284594},{"id":275384,"n":"Yaourt Onctissime Au Pré! Fraîcheur 4x125g","p":2.3,"u":"4,60 €/KG","img":"https://fd14-photos.leclercdrive.fr/image.ashx?id=2981265&use=l&cat=p&typeid=i","cat":284409},{"id":275386,"n":"Yaourt L'Onctissime Au Pré! Abricot 4x125g","p":2.7,"u":"5,40 €/KG","img":"https://fd14-photos.leclercdrive.fr/image.ashx?id=2985450&use=l&cat=p&typeid=i","cat":284410},{"id":275389,"n":"Yaourt Le Frappé Au Pré! Fraise 20cl","p":0.95,"u":"4,75 €/L","img":"https://fd14-photos.leclercdrive.fr/image.ashx?id=2981262&use=l&cat=p&typeid=i","cat":284415},{"id":275392,"n":"Yaourt Le Frappé Au Pré! Vanille 20cl","p":0.8,"u":"4,00 €/L","img":"https://fd14-photos.leclercdrive.fr/image.ashx?id=2981259&use=l&cat=p&typeid=i","cat":284415},{"id":275404,"n":"Shampooing Dop Hair Argan - 480ml","p":2.85,"u":"5,94 €/L","img":"https://fd14-photos.leclercdrive.fr/image.ashx?id=2955372&use=l&cat=p&typeid=i","cat":284606},{"id":275405,"n":"Shampooing Dop Hair Amande - 480ml","p":2.85,"u":"5,94 €/L","img":"https://fd14-photos.leclercdrive.fr/image.ashx?id=2955369&use=l&cat=p&typeid=i","cat":284606},{"id":275407,"n":"Shampooing Dop Hair Karité - 480ml","p":2.85,"u":"5,94 €/L","img":"https://fd14-photos.leclercdrive.fr/image.ashx?id=2955378&use=l&cat=p&typeid=i","cat":284606},{"id":275408,"n":"Shampooing P'tit Dop Amande - 480ml","p":3.99,"u":"8,31 €/MT","img":"https://fd14-photos.leclercdrive.fr/image.ashx?id=2955381&use=l&cat=p&typeid=i","cat":284606},{"id":275409,"n":"Shampooing Dop Hair Antipelliculaire - 480ml","p":2.85,"u":"5,94 €/L","img":"https://fd14-photos.leclercdrive.fr/image.ashx?id=2955375&use=l&cat=p&typeid=i","cat":284606},{"id":275410,"n":"Shampooing Dop Vitamines - 480ml","p":2.85,"u":"5,94 €/L","img":"https://fd14-photos.leclercdrive.fr/image.ashx?id=2955384&use=l&cat=p&typeid=i","cat":284606},{"id":275412,"n":"Shampooing Dop Hair Oeufs - 480ml","p":2.85,"u":"5,94 €/L","img":"https://fd14-photos.leclercdrive.fr/image.ashx?id=2954773&use=l&cat=p&typeid=i","cat":284606},{"id":275413,"n":"Gel douche Dop Framboise - 480ml","p":3.15,"u":"6,56 €/L","img":"https://fd14-photos.leclercdrive.fr/image.ashx?id=2955354&use=l&cat=p&typeid=i","cat":284594},{"id":275415,"n":"Gel douche enfance Dop Barbe à papa - 310ml","p":2.45,"u":"7,90 €/L","img":"https://fd14-photos.leclercdrive.fr/image.ashx?id=2955357&use=l&cat=p&typeid=i","cat":284594},{"id":275418,"n":"Gel douche enfance Dop Bonbons - 310ml","p":2.45,"u":"7,90 €/L","img":"https://fd14-photos.leclercdrive.fr/image.ashx?id=2955360&use=l&cat=p&typeid=i","cat":284594},{"id":275419,"n":"Gel douche enfance Dop Caramel - 310ml","p":2.49,"u":"8,03 €/L","img":"https://fd14-photos.leclercdrive.fr/image.ashx?id=2955363&use=l&cat=p&typeid=i","cat":284594},{"id":275495,"n":"Saumon de Norvège Pom Bistro sauce Béarnaise - 320g","p":7.75,"u":"24,22 €/KG","img":"https://fd14-photos.leclercdrive.fr/image.ashx?id=2950420&use=l&cat=p&typeid=i","cat":319786},{"id":275506,"n":"Lait Le Petit Marseillais Nutrition Amande Argan 250ml","p":4.2,"u":"16,80 €/L","img":"https://fd14-photos.leclercdrive.fr/image.ashx?id=2950330&use=l&cat=p&typeid=i","cat":325349},{"id":275509,"n":"Shampooing Dessange Couleur - 280ml","p":4.8,"u":"17,14 €/L","img":"https://fd14-photos.leclercdrive.fr/image.ashx?id=2955405&use=l&cat=p&typeid=i","cat":284606},{"id":275510,"n":"Shampooing Primoplast Anti-poux et lentes 125ml","p":4.79,"u":"38,32 €/L","img":"https://fd14-photos.leclercdrive.fr/image.ashx?id=2958359&use=l&cat=p&typeid=i","cat":299654},{"id":275511,"n":"Gel douche enfance Dop Pomme d'amour - 310ml","p":2.49,"u":"8,03 €/L","img":"https://fd14-photos.leclercdrive.fr/image.ashx?id=2955366&use=l&cat=p&typeid=i","cat":284594},{"id":275512,"n":"Gel douche L'arbre vert Peaux sensibles - 720ml","p":5.57,"u":"7,74 €/L","img":"https://fd14-photos.leclercdrive.fr/image.ashx?id=2950303&use=l&cat=p&typeid=i","cat":284594},{"id":275514,"n":"Shampooing nourrissant Timotei Huiles précieuses - 300ml","p":2.75,"u":"9,17 €/L","img":"https://fd14-photos.leclercdrive.fr/image.ashx?id=2950699&use=l&cat=p&typeid=i","cat":284606},{"id":275515,"n":"Crème douche L'Arbre vert Argan -Ecolabel - 260ml","p":2.15,"u":"8,27 €/L","img":"https://fd14-photos.leclercdrive.fr/image.ashx?id=2969163&use=l&cat=p&typeid=i","cat":284594},{"id":275517,"n":"Crème douche L'Arbre vert Amande - Ecolabel - 260ml","p":2.15,"u":"8,27 €/L","img":"https://fd14-photos.leclercdrive.fr/image.ashx?id=2969166&use=l&cat=p&typeid=i","cat":284594},{"id":275520,"n":"Shampooing Timotei Purifiant & détox - 300ml","p":2.75,"u":"9,17 €/L","img":"https://fd14-photos.leclercdrive.fr/image.ashx?id=2950705&use=l&cat=p&typeid=i","cat":284606},{"id":275522,"n":"Savon solide L'Arbrez vert Doux - Peaux sensibles 2x100g","p":1.9,"u":"9,50 €/KG","img":"https://fd14-photos.leclercdrive.fr/image.ashx?id=2950291&use=l&cat=p&typeid=i","cat":284597},{"id":275526,"n":"Lait de brushing Dessange Hydratant - 140ml","p":9.49,"u":"67,79 €/L","img":"https://fd14-photos.leclercdrive.fr/image.ashx?id=2955387&use=l&cat=p&typeid=i","cat":284608},{"id":275529,"n":"Soin cheveux Dessange Nutri-richesse - 110ml","p":7.98,"u":"72,55 €/L","img":"https://fd14-photos.leclercdrive.fr/image.ashx?id=2955390&use=l&cat=p&typeid=i","cat":284608},{"id":275615,"n":"Gel douche Ushuaïa Minéraux marins - 280ml","p":2.65,"u":"9,46 €/L","img":"https://fd14-photos.leclercdrive.fr/image.ashx?id=3008791&use=l&cat=p&typeid=i","cat":284594},{"id":275617,"n":"Gel douche Ushuaïa Orchidée - 280ml","p":2.65,"u":"9,46 €/L","img":"https://fd14-photos.leclercdrive.fr/image.ashx?id=2949541&use=l&cat=p&typeid=i","cat":284594},{"id":275618,"n":"Gel douche hydratant Ushuaïa Grenade - 280ml","p":2.65,"u":"9,46 €/L","img":"https://fd14-photos.leclercdrive.fr/image.ashx?id=2949550&use=l&cat=p&typeid=i","cat":284594},{"id":275619,"n":"Crème de douche Ushuaïa Lait de coco - 280ml","p":2.69,"u":"9,61 €/L","img":"https://fd14-photos.leclercdrive.fr/image.ashx?id=2949553&use=l&cat=p&typeid=i","cat":284594},{"id":275620,"n":"Gel douche tonifiant Ushuaïa Extrait de cèdre - 280ml","p":2.49,"u":"8,89 €/L","img":"https://fd14-photos.leclercdrive.fr/image.ashx?id=2949556&use=l&cat=p&typeid=i","cat":284594},{"id":275659,"n":"Soin visage Garnier BHA+ Niacinamide SPF50+ - 40ml","p":9.45,"u":"236,25 €/L","img":"https://fd14-photos.leclercdrive.fr/image.ashx?id=3000797&use=l&cat=p&typeid=i","cat":325345},{"id":275661,"n":"Soin visage Garnier Aloe vera Hyaluronique 250ml","p":5.3,"u":"21,20 €/L","img":"https://fd14-photos.leclercdrive.fr/image.ashx?id=2954244&use=l&cat=p&typeid=i","cat":325345},{"id":275662,"n":"Soin hydratant Garnier Hyaluron Liquide quotidien - 120ml","p":10.7,"u":"89,17 €/L","img":"https://fd14-photos.leclercdrive.fr/image.ashx?id=2986654&use=l&cat=p&typeid=i","cat":325345},{"id":275663,"n":"Lotion exfoliante Garnier Salicylique - 120ml","p":8.48,"u":"70,67 €/L","img":"https://fd14-photos.leclercdrive.fr/image.ashx?id=2954253&use=l&cat=p&typeid=i","cat":325346},{"id":275665,"n":"Fluide Garnier hyaluronique Anti-uv quotidien SPF50+ 40ml","p":10.7,"u":"267,50 €/L","img":"https://fd14-photos.leclercdrive.fr/image.ashx?id=2954256&use=l&cat=p&typeid=i","cat":325345},{"id":275669,"n":"Dentifrice Sanogyl Soin global - 75ml","p":3.19,"u":"42,53 €/L","img":"https://fd14-photos.leclercdrive.fr/image.ashx?id=2950201&use=l&cat=p&typeid=i","cat":284612},{"id":275671,"n":"Dentifrice Sanogyl Soin gencives - 75ml","p":2.9,"u":"38,67 €/L","img":"https://fd14-photos.leclercdrive.fr/image.ashx?id=2950195&use=l&cat=p&typeid=i","cat":284612},{"id":275673,"n":"Dentifrice Sanogyl Soin blancheur - 75ml","p":2.9,"u":"38,67 €/L","img":"https://fd14-photos.leclercdrive.fr/image.ashx?id=2950198&use=l&cat=p&typeid=i","cat":284612},{"id":275675,"n":"Spray désinfectant Clair Multi-surfaces - 500ml","p":1.53,"u":"3,06 €/L","img":"https://fd14-photos.leclercdrive.fr/image.ashx?id=2949251&use=l&cat=p&typeid=i","cat":325357},{"id":275678,"n":"Crème adhésive Fixodent Complète goût neutre 70.5g","p":6.35,"u":"90,71 €/KG","img":"https://fd14-photos.leclercdrive.fr/image.ashx?id=2950879&use=l&cat=p&typeid=i","cat":285158},{"id":275680,"n":"Masque Dessange Nutri-richesse - 280ml","p":7.95,"u":"28,39 €/L","img":"https://fd14-photos.leclercdrive.fr/image.ashx?id=2961068&use=l&cat=p&typeid=i","cat":284608},{"id":275681,"n":"Après-shampooing Dessange Nutri- extrême - 225ml","p":3.9,"u":"17,33 €/L","img":"https://fd14-photos.leclercdrive.fr/image.ashx?id=2954627&use=l&cat=p&typeid=i","cat":284607},{"id":275682,"n":"Eau micellaire Garnier SkinActive - 400ml","p":5.35,"u":"13,38 €/L","img":"https://fd14-photos.leclercdrive.fr/image.ashx?id=2954262&use=l&cat=p&typeid=i","cat":284603},{"id":275683,"n":"Shampooing Dessange Âge sublime - 280ml","p":3.95,"u":"14,11 €/L","img":"https://fd14-photos.leclercdrive.fr/image.ashx?id=3011578&use=l&cat=p&typeid=i","cat":284606},{"id":275685,"n":"Shampooing Dessange Nutri-riche - 280ml","p":3.45,"u":"12,32 €/L","img":"https://fd14-photos.leclercdrive.fr/image.ashx?id=2955408&use=l&cat=p&typeid=i","cat":284606},{"id":275686,"n":"Shampooing Dessange Nutri-extrême - 280ml","p":3.5,"u":"12,50 €/L","img":"https://fd14-photos.leclercdrive.fr/image.ashx?id=2955411&use=l&cat=p&typeid=i","cat":284606},{"id":275687,"n":"Dentifrice Vademecum Bio Protection complète - 75ml","p":2.9,"u":"38,67 €/L","img":"https://fd14-photos.leclercdrive.fr/image.ashx?id=2950684&use=l&cat=p&typeid=i","cat":284612},{"id":275689,"n":"Dentifrice Teraxyl Junior 2en1 - 6 ans Fraise fluor 75ml","p":1.95,"u":"26,00 €/L","img":"https://fd14-photos.leclercdrive.fr/image.ashx?id=2950687&use=l&cat=p&typeid=i","cat":288898},{"id":275690,"n":"Dentifrice Sensodyne Eclat blancheur - 75ml","p":6.99,"u":"93,20 €/L","img":"https://fd14-photos.leclercdrive.fr/image.ashx?id=2997781&use=l&cat=p&typeid=i","cat":284612},{"id":275692,"n":"Dentifrice Sensodyne Nettoyage intense - 75ml","p":6.99,"u":"93,20 €/L","img":"https://fd14-photos.leclercdrive.fr/image.ashx?id=2998047&use=l&cat=p&typeid=i","cat":284612},{"id":275708,"n":"Dentifrice Sensodyne Sensibilité Gencives Email 75ml","p":4.6,"u":"61,33 €/L","img":"https://fd14-photos.leclercdrive.fr/image.ashx?id=2950720&use=l&cat=p&typeid=i","cat":284612},{"id":276184,"n":"Ferrero Collection Arbre mixte  129g","p":7.55,"u":"58,53 €/KG","img":"https://fd14-photos.leclercdrive.fr/image.ashx?id=2952052&use=l&cat=p&typeid=i","cat":327595},{"id":276186,"n":"Ferrero Collection Assortiment cube lumières de fête - 185g","p":9.25,"u":"50,00 €/KG","img":"https://fd14-photos.leclercdrive.fr/image.ashx?id=2952121&use=l&cat=p&typeid=i","cat":327595},{"id":276187,"n":"Ferrero Collection Assortiment Merveilles d'hiver - 203g","p":9.95,"u":"49,01 €/KG","img":"https://fd14-photos.leclercdrive.fr/image.ashx?id=2952061&use=l&cat=p&typeid=i","cat":327595},{"id":276188,"n":"Ferrero Collection Assortiment Promenade en ville - 197g","p":9.95,"u":"50,51 €/KG","img":"https://fd14-photos.leclercdrive.fr/image.ashx?id=2952058&use=l&cat=p&typeid=i","cat":327595},{"id":276189,"n":"Chocolats Ferrero Prestige  256g","p":9.45,"u":"36,91 €/KG","img":"https://fd14-photos.leclercdrive.fr/image.ashx?id=2952112&use=l&cat=p&typeid=i","cat":327595},{"id":276201,"n":"Kinder chocolat  150g","p":3.3,"u":"22,00 €/KG","img":"https://fd14-photos.leclercdrive.fr/image.ashx?id=2952079&use=l&cat=p&typeid=i","cat":327592},{"id":276202,"n":"Kinder mini friends  Lait - 122g","p":3.85,"u":"31,56 €/KG","img":"https://fd14-photos.leclercdrive.fr/image.ashx?id=2952049&use=l&cat=p&typeid=i","cat":327592},{"id":276205,"n":"Kinder mini eggs  Noisettes - 182g","p":4.55,"u":"25,00 €/KG","img":"https://fd14-photos.leclercdrive.fr/image.ashx?id=2952085&use=l&cat=p&typeid=i","cat":327592},{"id":276206,"n":"Kinder mini eggs  Lait - 182g","p":4.55,"u":"25,00 €/KG","img":"https://fd14-photos.leclercdrive.fr/image.ashx?id=2953980&use=l&cat=p&typeid=i","cat":327592},{"id":276207,"n":"Kinder Bueno et mini eggs 193g","p":6.95,"u":"36,01 €/KG","img":"https://fd14-photos.leclercdrive.fr/image.ashx?id=2952109&use=l&cat=p&typeid=i","cat":327592},{"id":276208,"n":"Kinder Balls  Eclats de Noisettes - 164g","p":5.95,"u":"36,28 €/KG","img":"https://fd14-photos.leclercdrive.fr/image.ashx?id=2952088&use=l&cat=p&typeid=i","cat":327592},{"id":276209,"n":"Kinder Balls  Eclats de Bsicuits cacao - 164g","p":5.95,"u":"36,28 €/KG","img":"https://fd14-photos.leclercdrive.fr/image.ashx?id=2952091&use=l&cat=p&typeid=i","cat":327592},{"id":276210,"n":"Kinder Schokobons  200g","p":3.84,"u":"19,20 €/KG","img":"https://fd14-photos.leclercdrive.fr/image.ashx?id=2952911&use=l&cat=p&typeid=i","cat":327592},{"id":276212,"n":"Kinder happy moments  Ballotin - 184g","p":5.95,"u":"32,34 €/KG","img":"https://fd14-photos.leclercdrive.fr/image.ashx?id=2952046&use=l&cat=p&typeid=i","cat":327592},{"id":276214,"n":"Nutella Chausette  209g","p":9.45,"u":"45,22 €/KG","img":"https://fd14-photos.leclercdrive.fr/image.ashx?id=2952100&use=l&cat=p&typeid=i","cat":327592},{"id":276220,"n":"Papillotes Equador chocolat  Blanc et au lait - 350g","p":8.19,"u":"23,40 €/KG","img":"https://fd14-photos.leclercdrive.fr/image.ashx?id=2951161&use=l&cat=p&typeid=i","cat":327597},{"id":276345,"n":"Pralines The Belgian Framboises - 200g","p":7.49,"pp":4.94,"u":"24,70 €/KG","img":"https://fd14-photos.leclercdrive.fr/image.ashx?id=2952845&use=l&cat=p&typeid=i","cat":284499},{"id":276346,"n":"Truffes The Belgian Marc de champagne - 200g","p":3.95,"u":"19,75 €/KG","img":"https://fd14-photos.leclercdrive.fr/image.ashx?id=2952830&use=l&cat=p&typeid=i","cat":327600},{"id":276347,"n":"Truffes The Belgian Pépites chocolat- 200g","p":3.95,"u":"19,75 €/KG","img":"https://fd14-photos.leclercdrive.fr/image.ashx?id=2952833&use=l&cat=p&typeid=i","cat":327600},{"id":276360,"n":"Coffret Pralines Hamlet 200g","p":6.89,"pp":4.55,"u":"22,75 €/KG","img":"https://fd14-photos.leclercdrive.fr/image.ashx?id=2953112&use=l&cat=p&typeid=i","cat":284958},{"id":276361,"n":"Assortiment décorées Hamlet Pralinés - 195g","p":6.89,"pp":4.55,"u":"23,33 €/KG","img":"https://fd14-photos.leclercdrive.fr/image.ashx?id=2952818&use=l&cat=p&typeid=i","cat":284958},{"id":276365,"n":"Tuiles lait Hamlet Lait - 150g","p":5.49,"u":"36,60 €/KG","img":"https://fd14-photos.leclercdrive.fr/image.ashx?id=2953386&use=l&cat=p&typeid=i","cat":327600},{"id":276366,"n":"Tuiles noir Hamlet Noir -150g","p":5.49,"u":"36,60 €/KG","img":"https://fd14-photos.leclercdrive.fr/image.ashx?id=2952811&use=l&cat=p&typeid=i","cat":327600},{"id":276369,"n":"Nougat amande et noisette  Chabert & Guillot - 300g","p":11.95,"pp":7.89,"u":"26,30 €/KG","img":"https://fd14-photos.leclercdrive.fr/image.ashx?id=2952508&use=l&cat=p&typeid=i","cat":327605},{"id":276370,"n":"Nougat amande noix pécan et  épices Chabert & Guillot - 300g","p":11.95,"pp":7.89,"u":"26,30 €/KG","img":"https://fd14-photos.leclercdrive.fr/image.ashx?id=2952511&use=l&cat=p&typeid=i","cat":327605},{"id":276371,"n":"Nougat caramel, fleur d'oranger Chabert & Guillot - 300g","p":9.95,"u":"33,17 €/KG","img":"https://fd14-photos.leclercdrive.fr/image.ashx?id=2952514&use=l&cat=p&typeid=i","cat":327605},{"id":276377,"n":"Père noël sous alu Rohan Moulage -100g","p":2.35,"u":"23,50 €/KG","img":"https://fd14-photos.leclercdrive.fr/image.ashx?id=2952631&use=l&cat=p&typeid=i","cat":327592},{"id":276381,"n":"Pièces en chocolat Fizzy 80g","p":1.8,"u":"22,50 €/KG","img":"https://fd14-photos.leclercdrive.fr/image.ashx?id=2952676&use=l&cat=p&typeid=i","cat":327592},{"id":276382,"n":"Boules fourrées Fizzy Chocolat au lait - 50g","p":9.75,"u":"195,00 €/KG","img":"https://fd14-photos.leclercdrive.fr/image.ashx?id=2952670&use=l&cat=p&typeid=i","cat":327592},{"id":276396,"n":"Casier l'original Abtey Chocolat noir liqueur x9 - 81g","p":3.05,"u":"37,65 €/KG","img":"https://fd14-photos.leclercdrive.fr/image.ashx?id=2969878&use=l&cat=p&typeid=i","cat":327601},{"id":276408,"n":"Père Noël  Chocolat lait - 85g","p":5.95,"u":"70,00 €/KG","img":"https://fd14-photos.leclercdrive.fr/image.ashx?id=2952827&use=l&cat=p&typeid=i","cat":327592},{"id":276411,"n":"Calendrier de l'avent Gulli bleu - 100g","p":5.55,"u":"55,50 €/KG","img":"https://fd14-photos.leclercdrive.fr/image.ashx?id=2968547&use=l&cat=p&typeid=i","cat":327590},{"id":276415,"n":"Calendrier Qui est-ce ? Pat patrouille - 100g","p":5.55,"u":"55,50 €/KG","img":"https://fd14-photos.leclercdrive.fr/image.ashx?id=2964141&use=l&cat=p&typeid=i","cat":327590},{"id":276423,"n":"Calendrier de l'avent Chocobisc Disney Princesses - 99g","p":6.35,"u":"64,14 €/KG","img":"https://fd14-photos.leclercdrive.fr/image.ashx?id=2980737&use=l&cat=p&typeid=i","cat":327590},{"id":276426,"n":"Calendrier de l'avent Chocobisc Frozen II - 99g","p":6.35,"u":"64,14 €/KG","img":"https://fd14-photos.leclercdrive.fr/image.ashx?id=2980557&use=l&cat=p&typeid=i","cat":327590},{"id":276437,"n":"Coffret chocolats Révillon Noir 70% - 232g","p":10.1,"u":"43,53 €/KG","img":"https://fd14-photos.leclercdrive.fr/image.ashx?id=2980701&use=l&cat=p&typeid=i","cat":327595},{"id":276442,"n":"Calendrier masque Miraculous 75g","p":3.76,"u":"50,13 €/KG","img":"https://fd14-photos.leclercdrive.fr/image.ashx?id=2953073&use=l&cat=p&typeid=i","cat":327590},{"id":276448,"n":"Lanvin Escargots Ballotin  Lait -164g","p":6.95,"u":"42,38 €/KG","img":"https://fd14-photos.leclercdrive.fr/image.ashx?id=2987014&use=l&cat=p&typeid=i","cat":327595},{"id":276450,"n":"Lanvin Escargots Ballotin  Blanc -164g","p":7.4,"u":"45,12 €/KG","img":"https://fd14-photos.leclercdrive.fr/image.ashx?id=2953016&use=l&cat=p&typeid=i","cat":327595},{"id":276451,"n":"Lanvin Escargots Ballotin  Lait caramel -164g","p":7.4,"u":"45,12 €/KG","img":"https://fd14-photos.leclercdrive.fr/image.ashx?id=2987011&use=l&cat=p&typeid=i","cat":327595},{"id":276452,"n":"Lanvin Escargots Ballotin  Lait amandes -164g","p":7.4,"u":"45,12 €/KG","img":"https://fd14-photos.leclercdrive.fr/image.ashx?id=2987008&use=l&cat=p&typeid=i","cat":327595},{"id":276453,"n":"Lanvin Escargots Ballotin  Noir café -164 g","p":7.4,"u":"45,12 €/KG","img":"https://fd14-photos.leclercdrive.fr/image.ashx?id=2965322&use=l&cat=p&typeid=i","cat":327595},{"id":276457,"n":"Les Recettes de l'Atelier   collector - 406g","p":14.75,"pp":11.06,"img":"https://fd14-photos.leclercdrive.fr/image.ashx?id=2953025&use=l&cat=p&typeid=i","cat":327595},{"id":276458,"n":"Les Recettes de l'Atelier   Assortiment Hiver - 408g","p":14.75,"pp":11.06,"u":"27,11 €/KG","img":"https://fd14-photos.leclercdrive.fr/image.ashx?id=2953986&use=l&cat=p&typeid=i","cat":327595},{"id":276460,"n":"Nestlé la Boite Rouge 398 g","p":12.95,"pp":9.71,"u":"24,40 €/KG","img":"https://fd14-photos.leclercdrive.fr/image.ashx?id=2953001&use=l&cat=p&typeid=i","cat":327595},{"id":276461,"n":"Nestlé la Boite Rouge Saveurs de Noel - 385g","p":12.95,"pp":9.71,"u":"25,22 €/KG","img":"https://fd14-photos.leclercdrive.fr/image.ashx?id=2952995&use=l&cat=p&typeid=i","cat":327595},{"id":276485,"n":"Chocolats Ferrero Rocher  525g","p":15.95,"u":"30,38 €/KG","img":"https://fd14-photos.leclercdrive.fr/image.ashx?id=2952962&use=l&cat=p&typeid=i","cat":327600},{"id":276486,"n":"Chocolats Ferrero Rocher  Golden star Lait - 115g","p":5.85,"u":"50,87 €/KG","img":"https://fd14-photos.leclercdrive.fr/image.ashx?id=2952956&use=l&cat=p&typeid=i","cat":327600},{"id":276487,"n":"Chocolats Ferrero Rocher  Golden star mix - 115g","p":5.85,"u":"50,87 €/KG","img":"https://fd14-photos.leclercdrive.fr/image.ashx?id=2964042&use=l&cat=p&typeid=i","cat":327600},{"id":276550,"n":"Biscuit sésame GERBLE - 5x4 220g","p":1.71,"u":"7,77 €/KG","img":"https://fd14-photos.leclercdrive.fr/image.ashx?id=2953803&use=l&cat=p&typeid=i","cat":318651},{"id":276558,"n":"Bouillon de légumes Knorr 15 cubes - 150g","p":1.19,"u":"7,93 €/KG","img":"https://fd14-photos.leclercdrive.fr/image.ashx?id=2954001&use=l&cat=p&typeid=i","cat":288379},{"id":276559,"n":"Assaisonnement champignons Knorr - 10 cubes  100g","p":1.15,"u":"11,50 €/KG","img":"https://fd14-photos.leclercdrive.fr/image.ashx?id=2954004&use=l&cat=p&typeid=i","cat":288379},{"id":276576,"n":"Spécialité de pomme myrtille Douceur du Verger 4x100g","p":1.4,"u":"3,50 €/KG","img":"https://fd14-photos.leclercdrive.fr/image.ashx?id=2978540&use=l&cat=p&typeid=i","cat":284416},{"id":276589,"n":"Saucisson sec Saint-Azay Noisettes 30 tranches 100g","p":2.07,"u":"20,70 €/KG","img":"https://fd14-photos.leclercdrive.fr/image.ashx?id=2952418&use=l&cat=p&typeid=i","cat":316007},{"id":276590,"n":"Stick de fuet Saint-Azay 70g","p":1.99,"u":"28,43 €/KG","img":"https://fd14-photos.leclercdrive.fr/image.ashx?id=2952421&use=l&cat=p&typeid=i","cat":316006},{"id":276591,"n":"Fuet enrobé de poivre  Saint-Azay 160g","p":2.48,"u":"15,50 €/KG","img":"https://fd14-photos.leclercdrive.fr/image.ashx?id=2952424&use=l&cat=p&typeid=i","cat":316006},{"id":276949,"n":"Eau aromatisée Volvic Juicy Au jus de cerise -1,5L","p":1.4,"u":"0,93 €/L","img":"https://fd14-photos.leclercdrive.fr/image.ashx?id=2954196&use=l&cat=p&typeid=i","cat":284537},{"id":277089,"n":"Gel douche Tahiti Bois de santal - 250ml","p":1.99,"u":"7,96 €/L","img":"https://fd14-photos.leclercdrive.fr/image.ashx?id=2955869&use=l&cat=p&typeid=i","cat":284594},{"id":277092,"n":"Yaourts aux fruits Malo  Ananas coco - 4x125g","p":2.25,"u":"4,50 €/KG","img":"https://fd14-photos.leclercdrive.fr/image.ashx?id=2965064&use=l&cat=p&typeid=i","cat":284410},{"id":277093,"n":"Yaourts aux fruits Malo Myrtilles Cassis - 4x125g","p":2.25,"u":"4,50 €/KG","img":"https://fd14-photos.leclercdrive.fr/image.ashx?id=2965061&use=l&cat=p&typeid=i","cat":284410},{"id":277154,"n":"Sandwich suédois Sodebo Thon tomates - 135g","p":2.15,"u":"15,93 €/KG","img":"https://fd14-photos.leclercdrive.fr/image.ashx?id=3014485&use=l&cat=p&typeid=i","cat":333658},{"id":277451,"n":"Gratin macaronis cheddar La Cuisine d'Océane - 300g","p":2.63,"u":"8,77 €/KG","img":"https://fd14-photos.leclercdrive.fr/image.ashx?id=2956316&use=l&cat=p&typeid=i","cat":284953},{"id":277472,"n":"Yaourt Activia Fibre  Multi céréales 4x120g","p":2.1,"u":"4,38 €/KG","img":"https://fd14-photos.leclercdrive.fr/image.ashx?id=2972391&use=l&cat=p&typeid=i","cat":315000},{"id":277478,"n":"Liégeois Pâtissier Danette  Paris Brest 4x90g","p":2.3,"u":"6,39 €/KG","img":"https://fd14-photos.leclercdrive.fr/image.ashx?id=2965930&use=l&cat=p&typeid=i","cat":285042},{"id":277480,"n":"Liégeois Pâtissier Danette Tiramisu 4x90g","p":2.3,"u":"6,39 €/KG","img":"https://fd14-photos.leclercdrive.fr/image.ashx?id=2965927&use=l&cat=p&typeid=i","cat":285042},{"id":277484,"n":"Danone Skyr fraise 4x100g","p":2.05,"u":"5,13 €/KG","img":"https://fd14-photos.leclercdrive.fr/image.ashx?id=2965903&use=l&cat=p&typeid=i","cat":315000},{"id":277485,"n":"Danone Skyr fruits jaunes 4x100g","p":2.05,"u":"5,13 €/KG","img":"https://fd14-photos.leclercdrive.fr/image.ashx?id=2965906&use=l&cat=p&typeid=i","cat":315000},{"id":277496,"n":"Yaourt à boire protéiné Hipro Pêche passion - 300ml","p":1.95,"u":"6,50 €/KG","img":"https://fd14-photos.leclercdrive.fr/image.ashx?id=2966137&use=l&cat=p&typeid=i","cat":284415},{"id":277506,"n":"Gratin Dauphinois Fleury Michon au jambon supérieur - 300g","p":3.9,"u":"13,00 €/KG","img":"https://fd14-photos.leclercdrive.fr/image.ashx?id=3003245&use=l&cat=p&typeid=i","cat":333665},{"id":277592,"n":"Shampooing Dessange Blond californien - 280ml","p":4.8,"u":"17,14 €/L","img":"https://fd14-photos.leclercdrive.fr/image.ashx?id=2957941&use=l&cat=p&typeid=i","cat":284606},{"id":277593,"n":"Shampooing bleu Dessange Blond californien - 280ml","p":4.8,"u":"17,14 €/L","img":"https://fd14-photos.leclercdrive.fr/image.ashx?id=2957938&use=l&cat=p&typeid=i","cat":284606},{"id":277595,"n":"Gel douche Ushuaïa Agrumes verts - 280ml","p":1.9,"u":"6,79 €/L","img":"https://fd14-photos.leclercdrive.fr/image.ashx?id=2974399&use=l&cat=p&typeid=i","cat":284594},{"id":277605,"n":"Kombucha Citron Vert Menthe 75cl","p":3.7,"u":"4,93 €/L","img":"https://fd14-photos.leclercdrive.fr/image.ashx?id=2958426&use=l&cat=p&typeid=i","cat":284354},{"id":277606,"n":"Kombucha Fraise Basilic 75cl","p":3.7,"u":"4,93 €/L","img":"https://fd14-photos.leclercdrive.fr/image.ashx?id=2958429&use=l&cat=p&typeid=i","cat":284354},{"id":277625,"n":"Gel douche Ushuaïa Fleur d'oranger - 280ml","p":4.2,"u":"15,00 €/L","img":"https://fd14-photos.leclercdrive.fr/image.ashx?id=2957926&use=l&cat=p&typeid=i","cat":284594},{"id":277626,"n":"Gel douche Ushuaïa Sakura - 280ml","p":2.2,"u":"7,86 €/L","img":"https://fd14-photos.leclercdrive.fr/image.ashx?id=2974405&use=l&cat=p&typeid=i","cat":284594},{"id":277627,"n":"Gel douche Ushuaïa Coco - 280ml","p":3.7,"u":"13,21 €/L","img":"https://fd14-photos.leclercdrive.fr/image.ashx?id=3000264&use=l&cat=p&typeid=i","cat":284594},{"id":277629,"n":"Shampooing Dop Hair Lait végétal - 480ml","p":2.85,"u":"5,94 €/L","img":"https://fd14-photos.leclercdrive.fr/image.ashx?id=2957929&use=l&cat=p&typeid=i","cat":284606},{"id":277630,"n":"Shampooing Dop hair Pomme - 480ml","p":2.85,"u":"5,94 €/L","img":"https://fd14-photos.leclercdrive.fr/image.ashx?id=2957908&use=l&cat=p&typeid=i","cat":284606},{"id":277631,"n":"Shampooing régulateur Dessange Douce argile - 280ml","p":3.5,"u":"12,50 €/L","img":"https://fd14-photos.leclercdrive.fr/image.ashx?id=2957935&use=l&cat=p&typeid=i","cat":284606},{"id":277632,"n":"Huile de douche Ushuaïa Monoï & fleur de tiaré - 280ml","p":2.15,"u":"7,68 €/L","img":"https://fd14-photos.leclercdrive.fr/image.ashx?id=2958146&use=l&cat=p&typeid=i","cat":284594},{"id":277633,"n":"Gel douche Ushuaïa Vanille - 280ml","p":3.4,"u":"12,14 €/L","img":"https://fd14-photos.leclercdrive.fr/image.ashx?id=2957914&use=l&cat=p&typeid=i","cat":284594},{"id":277634,"n":"Gelée de douche Ushuaïa Bahia café açaï - 280ml","p":2.25,"u":"8,04 €/L","img":"https://fd14-photos.leclercdrive.fr/image.ashx?id=2957917&use=l&cat=p&typeid=i","cat":284594},{"id":277635,"n":"Crème de douche Dop Vanille - 480ml","p":3.1,"u":"6,46 €/L","img":"https://fd14-photos.leclercdrive.fr/image.ashx?id=2957893&use=l&cat=p&typeid=i","cat":284594},{"id":277638,"n":"Douche crème enfance Dop Fraises - 310ml","p":2.25,"u":"7,26 €/L","img":"https://fd14-photos.leclercdrive.fr/image.ashx?id=2957899&use=l&cat=p&typeid=i","cat":284594},{"id":277639,"n":"Crème douche enfance Dop Cookie - 310ml","p":2.49,"u":"8,03 €/L","img":"https://fd14-photos.leclercdrive.fr/image.ashx?id=2957902&use=l&cat=p&typeid=i","cat":284594},{"id":277640,"n":"Douche crème enfance Dop Bonbon cola - 310ml","p":2.49,"u":"8,03 €/L","img":"https://fd14-photos.leclercdrive.fr/image.ashx?id=2957905&use=l&cat=p&typeid=i","cat":284594},{"id":278242,"n":"Shampooing Vitanove Hydratant - 250ml","p":1.35,"u":"5,40 €/L","img":"https://fd14-photos.leclercdrive.fr/image.ashx?id=2958792&use=l&cat=p&typeid=i","cat":284606},{"id":278243,"n":"Shampooing Vitanove Cheveux longs - 250ml","p":1.79,"u":"7,16 €/L","img":"https://fd14-photos.leclercdrive.fr/image.ashx?id=2958795&use=l&cat=p&typeid=i","cat":284606},{"id":278246,"n":"Après-shampooing Vitanove Cheveux longs - 200ml","p":1.56,"u":"7,80 €/L","img":"https://fd14-photos.leclercdrive.fr/image.ashx?id=2958801&use=l&cat=p&typeid=i","cat":284607},{"id":278247,"n":"Sérum Kératine Dessange Morphose - 50ml","p":9.49,"u":"189,80 €/L","img":"https://fd14-photos.leclercdrive.fr/image.ashx?id=2988854&use=l&cat=p&typeid=i","cat":284608},{"id":278300,"n":"Nouilles à poêler Maggi Saveur canard - 119g","p":1.85,"u":"15,55 €/KG","img":"https://fd14-photos.leclercdrive.fr/image.ashx?id=2959503&use=l&cat=p&typeid=i","cat":288992},{"id":278570,"n":"Lessive liquide Le Chat  L'expert Bicarbonate - 1,8L","p":11.05,"u":"6,14 €/L","img":"https://fd14-photos.leclercdrive.fr/image.ashx?id=2962290&use=l&cat=p&typeid=i","cat":284640},{"id":278573,"n":"Gel douche Ushuaïa Grenade - 490ml","p":3.85,"u":"7,86 €/L","img":"https://fd14-photos.leclercdrive.fr/image.ashx?id=3011566&use=l&cat=p&typeid=i","cat":284594},{"id":278575,"n":"Gel douche Ushuaïa Ylang - Relaxe - 490ml","p":3.85,"u":"7,86 €/L","img":"https://fd14-photos.leclercdrive.fr/image.ashx?id=3011560&use=l&cat=p&typeid=i","cat":284594},{"id":278578,"n":"Gel douche Ushuaïa Minéraux marins - 490ml","p":3.85,"u":"7,86 €/L","img":"https://fd14-photos.leclercdrive.fr/image.ashx?id=3011563&use=l&cat=p&typeid=i","cat":284594},{"id":278579,"n":"Gel douche Ushuaïa Eucalyptus - 280ml","p":2.35,"u":"8,39 €/L","img":"https://fd14-photos.leclercdrive.fr/image.ashx?id=2974408&use=l&cat=p&typeid=i","cat":284594},{"id":278582,"n":"Gel douche Ushuaïa Roche volcanique - 280ml","p":1.99,"u":"7,11 €/L","img":"https://fd14-photos.leclercdrive.fr/image.ashx?id=2974411&use=l&cat=p&typeid=i","cat":284594},{"id":278583,"n":"Gel douche Ushuaïa Vanille - 280ml","p":2.4,"u":"8,57 €/L","img":"https://fd14-photos.leclercdrive.fr/image.ashx?id=2974402&use=l&cat=p&typeid=i","cat":284594},{"id":278584,"n":"Gel douche Ecopack Ushuaïa Ylang - Relaxe - 500ml","p":3.4,"u":"6,80 €/L","img":"https://fd14-photos.leclercdrive.fr/image.ashx?id=3011575&use=l&cat=p&typeid=i","cat":284594},{"id":278586,"n":"Crème Le Petit Marseillais Lait végétal Multi-usage 360ml","p":6.2,"u":"17,22 €/L","img":"https://fd14-photos.leclercdrive.fr/image.ashx?id=2961026&use=l&cat=p&typeid=i","cat":325350},{"id":278729,"n":"Croque-Monsieur Herta Maxi Mozzarella x2 - 310g","p":2.59,"u":"8,35 €/KG","img":"https://fd14-photos.leclercdrive.fr/image.ashx?id=2965013&use=l&cat=p&typeid=i","cat":333671},{"id":278903,"n":"Yaourts sans lactose Malo  Citron - 4x125g","p":2.25,"u":"4,50 €/KG","img":"https://fd14-photos.leclercdrive.fr/image.ashx?id=2981085&use=l&cat=p&typeid=i","cat":286006},{"id":278972,"n":"Crème épaisse St Hubert 15%MG 190g","p":0.99,"u":"5,21 €/KG","img":"https://fd14-photos.leclercdrive.fr/image.ashx?id=2975972&use=l&cat=p&typeid=i","cat":284381},{"id":278975,"n":"Crème épaisse St Hubert 30%MG 190g","p":1.1,"u":"5,79 €/KG","img":"https://fd14-photos.leclercdrive.fr/image.ashx?id=2975975&use=l&cat=p&typeid=i","cat":284381},{"id":278976,"n":"Crème épaisse St Hubert 15%MG 450g","p":1.95,"u":"4,33 €/KG","img":"https://fd14-photos.leclercdrive.fr/image.ashx?id=2967169&use=l&cat=p&typeid=i","cat":284381},{"id":278978,"n":"Crème épaisse St Hubert 30%MG 450g","p":1.95,"u":"4,33 €/KG","img":"https://fd14-photos.leclercdrive.fr/image.ashx?id=2967172&use=l&cat=p&typeid=i","cat":284381},{"id":279005,"n":"Bûche pur brebis Le Brebiou 130g","p":2.25,"u":"17,31 €/KG","img":"https://fd14-photos.leclercdrive.fr/image.ashx?id=2967043&use=l&cat=p&typeid=i","cat":314031},{"id":279032,"n":"Gel douche Ushuaia Gingembre - 280ml","p":2.2,"u":"7,86 €/L","img":"https://fd14-photos.leclercdrive.fr/image.ashx?id=2968337&use=l&cat=p&typeid=i","cat":284594},{"id":279035,"n":"Savon de Marseille Le Chat 1,7L","p":9.99,"u":"5,88 €/L","img":"https://fd14-photos.leclercdrive.fr/image.ashx?id=2966569&use=l&cat=p&typeid=i","cat":284640},{"id":279036,"n":"Gel douche Ecopack Ushuaïa Minéraux Marins - 500ml","p":3.5,"u":"7,00 €/L","img":"https://fd14-photos.leclercdrive.fr/image.ashx?id=3011581&use=l&cat=p&typeid=i","cat":284594},{"id":279039,"n":"Crème douche Le Petit Marseillais Huile d'argan 400ml","p":3.05,"u":"7,63 €/L","img":"https://fd14-photos.leclercdrive.fr/image.ashx?id=2966578&use=l&cat=p&typeid=i","cat":284594},{"id":279046,"n":"Lait coprs Le Petit Marseillais L'Original - 250ml","p":4.8,"u":"19,20 €/L","img":"https://fd14-photos.leclercdrive.fr/image.ashx?id=2966581&use=l&cat=p&typeid=i","cat":325349},{"id":279202,"n":"Nouilles japonaises Nissin Hot Spicy Curry - 67g","p":2.1,"u":"31,34 €/KG","img":"https://fd14-photos.leclercdrive.fr/image.ashx?id=2966782&use=l&cat=p&typeid=i","cat":325094},{"id":279259,"n":"Sauce chinoise Amora 280g","p":2.06,"u":"7,36 €/KG","img":"https://fd14-photos.leclercdrive.fr/image.ashx?id=2968589&use=l&cat=p&typeid=i","cat":318431},{"id":279407,"n":"Bouillon fait tout x12 Knorr - 120g","p":1.33,"u":"11,08 €/KG","img":"https://fd14-photos.leclercdrive.fr/image.ashx?id=2967980&use=l&cat=p&typeid=i","cat":288379},{"id":279666,"n":"Boisson au soja Alpro Myrtille - 500g","p":1.85,"u":"3,70 €/KG","img":"https://fd14-photos.leclercdrive.fr/image.ashx?id=2976062&use=l&cat=p&typeid=i","cat":316071},{"id":279895,"n":"Nouilles japonaises Nissin Roasted - 65g","p":1.8,"u":"27,69 €/KG","img":"https://fd14-photos.leclercdrive.fr/image.ashx?id=2971353&use=l&cat=p&typeid=i","cat":287600},{"id":279905,"n":"Sauce teriyaki Maggi Pour poulet 355g","p":3.6,"u":"10,14 €/KG","img":"https://fd14-photos.leclercdrive.fr/image.ashx?id=2971431&use=l&cat=p&typeid=i","cat":288992},{"id":279907,"n":"Assaisonnement Kikkoman Pour sushi - 125ml","p":2.7,"u":"21,60 €/L","img":"https://fd14-photos.leclercdrive.fr/image.ashx?id=2971449&use=l&cat=p&typeid=i","cat":288992},{"id":280019,"n":"Œuf Kinder Joy Mario - 3x20g","p":3.71,"u":"61,83 €/KG","img":"https://fd14-photos.leclercdrive.fr/image.ashx?id=2970753&use=l&cat=p&typeid=i","cat":284958},{"id":280184,"n":"Barre proteinée Joyfuel Chocolat lait & coco - 55g","p":2.6,"u":"47,27 €/KG","img":"https://fd14-photos.leclercdrive.fr/image.ashx?id=2972487&use=l&cat=p&typeid=i","cat":313217},{"id":280265,"n":"Barre protéinée Joyfuel  Chocolat lait, cacahuètes - 55g","p":3.12,"u":"56,73 €/KG","img":"https://fd14-photos.leclercdrive.fr/image.ashx?id=2973159&use=l&cat=p&typeid=i","cat":313217},{"id":280267,"n":"Barre protéinée Joyfuel  Chocolat noir, noisettes - 55g","p":2.65,"u":"48,18 €/KG","img":"https://fd14-photos.leclercdrive.fr/image.ashx?id=2973865&use=l&cat=p&typeid=i","cat":318652},{"id":280270,"n":"Dessert lacté Vanille Blédina dès 6 mois Mini Lactés - 6x55g","p":1.9,"u":"34,55 €/KG","img":"https://fd14-photos.leclercdrive.fr/image.ashx?id=2972862&use=l&cat=p&typeid=i","cat":312392},{"id":280276,"n":"Dessert lacté Fruits Blédina dès 6 mois Mini Lactés - 12x55g","p":3.75,"u":"5,68 €/KG","img":"https://fd14-photos.leclercdrive.fr/image.ashx?id=2972865&use=l&cat=p&typeid=i","cat":312392},{"id":280418,"n":"Dessert lacté Nature Blédina dès 6 mois - 4x95g","p":1.62,"u":"4,26 €/KG","img":"https://fd14-photos.leclercdrive.fr/image.ashx?id=2972868&use=l&cat=p&typeid=i","cat":312392},{"id":280419,"n":"Dessert lacté Fraise Blédina dès 6 mois - 4x95g","p":2.19,"u":"5,76 €/KG","img":"https://fd14-photos.leclercdrive.fr/image.ashx?id=2972871&use=l&cat=p&typeid=i","cat":312392},{"id":280420,"n":"Dessert lacté Blédina Vanille dès 6 mois - 4x95g","p":1.99,"u":"5,24 €/KG","img":"https://fd14-photos.leclercdrive.fr/image.ashx?id=2972874&use=l&cat=p&typeid=i","cat":312392},{"id":280425,"n":"Dessert lacté Blédina Mangue Pêche dès 6 mois - 4x95g","p":1.76,"u":"4,63 €/KG","img":"https://fd14-photos.leclercdrive.fr/image.ashx?id=2972877&use=l&cat=p&typeid=i","cat":312392},{"id":280452,"n":"Sauce champignons Rustica 300g","p":1.35,"u":"4,50 €/KG","img":"https://fd14-photos.leclercdrive.fr/image.ashx?id=2972775&use=l&cat=p&typeid=i","cat":318430},{"id":280511,"n":"Macaronis & légumes Baby Bio Carottes des landes - 200g","p":2.2,"u":"11,00 €/KG","img":"https://fd14-photos.leclercdrive.fr/image.ashx?id=2973700&use=l&cat=p&typeid=i","cat":312237},{"id":280663,"n":"Matière grasse végétale à tartiner doux - Flora - 215g","p":2.2,"u":"10,23 €/KG","img":"https://fd14-photos.leclercdrive.fr/image.ashx?id=2974456&use=l&cat=p&typeid=i","cat":315229},{"id":280664,"n":"Matière grasse végétale Flora à tartiner demi-sel  - 215g","p":2.2,"u":"10,23 €/KG","img":"https://fd14-photos.leclercdrive.fr/image.ashx?id=2974459&use=l&cat=p&typeid=i","cat":315229},{"id":280691,"n":"Semoule P'tit Gourmand Lait au biscuit - 4x100g","p":1.6,"u":"4,00 €/KG","img":"https://fd14-photos.leclercdrive.fr/image.ashx?id=2978188&use=l&cat=p&typeid=i","cat":312392},{"id":280717,"n":"Chocolat Lindt Excellence Fusion sel Noir 85% & Lait-100g","p":3.45,"u":"34,50 €/KG","img":"https://fd14-photos.leclercdrive.fr/image.ashx?id=2975810&use=l&cat=p&typeid=i","cat":284956},{"id":280746,"n":"Chocolat Lindt Excellence  Fusion Noir 70% & Lait - 100g","p":3.45,"u":"34,50 €/KG","img":"https://fd14-photos.leclercdrive.fr/image.ashx?id=2975819&use=l&cat=p&typeid=i","cat":284958},{"id":280750,"n":"Chocolat Lindt Excellence Fusion Noir 70% & Blanc - 100g","p":3.45,"u":"34,50 €/KG","img":"https://fd14-photos.leclercdrive.fr/image.ashx?id=2975822&use=l&cat=p&typeid=i","cat":284956},{"id":280831,"n":"Chips Bret's petits oignons - 125g","p":1.35,"u":"10,80 €/KG","img":"https://fd14-photos.leclercdrive.fr/image.ashx?id=2976005&use=l&cat=p&typeid=i","cat":284447},{"id":280972,"n":"Soupe Liquide Bouteille Liebig  Velouté légumes et crème - 75cl","p":2.9,"u":"3,87 €/L","img":"https://fd14-photos.leclercdrive.fr/image.ashx?id=2975795&use=l&cat=p&typeid=i","cat":284462},{"id":281128,"n":"Lessive X-tra Total 40 lavages","p":6.35,"u":"3,53 €/L","img":"https://fd14-photos.leclercdrive.fr/image.ashx?id=2976788&use=l&cat=p&typeid=i","cat":284640},{"id":281255,"n":"Bonbon flash pik Haribo 180g","p":1.75,"u":"9,72 €/KG","img":"https://fd14-photos.leclercdrive.fr/image.ashx?id=2978673&use=l&cat=p&typeid=i","cat":304250},{"id":281292,"n":"Bonbons Maoam Haribo Chauve qui peut ! 800g","p":8.03,"u":"10,04 €/KG","img":"https://fd14-photos.leclercdrive.fr/image.ashx?id=2983108&use=l&cat=p&typeid=i","cat":304250},{"id":281420,"n":"Pep's recette Mexico Tacos Box 380g","p":4.95,"u":"13,03 €/KG","img":"https://fd14-photos.leclercdrive.fr/image.ashx?id=2979400&use=l&cat=p&typeid=i","cat":333685},{"id":281522,"n":"Boisson végétale Alpro Barista Coco 750ml","p":1.75,"u":"2,33 €/L","img":"https://fd14-photos.leclercdrive.fr/image.ashx?id=2979430&use=l&cat=p&typeid=i","cat":316067},{"id":282010,"n":"Kinder Surprise  x4 - 80g","p":5.14,"u":"64,25 €/KG","img":"https://fd14-photos.leclercdrive.fr/image.ashx?id=2981373&use=l&cat=p&typeid=i","cat":327592},{"id":282011,"n":"Chocolat Kinder Géant 300g","p":6.88,"u":"22,93 €/KG","img":"https://fd14-photos.leclercdrive.fr/image.ashx?id=2981367&use=l&cat=p&typeid=i","cat":327592},{"id":282012,"n":"Chaussette verte Kinder  179g","p":11.5,"u":"64,25 €/KG","img":"https://fd14-photos.leclercdrive.fr/image.ashx?id=2981725&use=l&cat=p&typeid=i","cat":284958},{"id":282014,"n":"Chocolat Kinder Mix - 102g","p":3.55,"u":"34,80 €/KG","img":"https://fd14-photos.leclercdrive.fr/image.ashx?id=2981370&use=l&cat=p&typeid=i","cat":327592},{"id":282015,"n":"Yaourt crémeux Bonne Maman Sur lit de fraise - 2x125g","p":1.75,"u":"7,00 €/KG","img":"https://fd14-photos.leclercdrive.fr/image.ashx?id=2981599&use=l&cat=p&typeid=i","cat":286006},{"id":282048,"n":"Skyr Siggi's abricot 2x140g","p":2.15,"u":"7,68 €/KG","img":"https://fd14-photos.leclercdrive.fr/image.ashx?id=2984733&use=l&cat=p&typeid=i","cat":315000},{"id":282063,"n":"Chocolat Rohan   90g","p":2.5,"u":"27,78 €/KG","img":"https://fd14-photos.leclercdrive.fr/image.ashx?id=2982429&use=l&cat=p&typeid=i","cat":327592},{"id":282705,"n":"Corbeille Conserverie Languedoc Rendez vous des Amis 1p","p":9.99,"img":"https://fd14-photos.leclercdrive.fr/image.ashx?id=2985084&use=l&cat=p&typeid=i","cat":305148},{"id":282706,"n":"Corbeille Secret d'Eleveurs Trio raffiné - 1p","p":12.9,"img":"https://fd14-photos.leclercdrive.fr/image.ashx?id=2985081&use=l&cat=p&typeid=i","cat":305148},{"id":282725,"n":"Foie gras de canard Delpeyrat Entier - 180g","p":19.95,"pp":13.17,"u":"73,17 €/KG","img":"https://fd14-photos.leclercdrive.fr/image.ashx?id=2984778&use=l&cat=p&typeid=i","cat":316008},{"id":282729,"n":"Foie gras de canard Delpeyrat IGP Sud Ouest - 180g","p":27.5,"pp":18.15,"u":"100,83 €/KG","img":"https://fd14-photos.leclercdrive.fr/image.ashx?id=2984769&use=l&cat=p&typeid=i","cat":316008},{"id":282738,"n":"Foie gras de canard Delpeyrat Entier pochon - 270g","p":34.5,"pp":22.77,"u":"84,33 €/KG","img":"https://fd14-photos.leclercdrive.fr/image.ashx?id=2984784&use=l&cat=p&typeid=i","cat":316008},{"id":282740,"n":"Foie gras de canard Delpeyrat Cuit au torchon - 270g","p":48.5,"pp":32.01,"u":"118,56 €/KG","img":"https://fd14-photos.leclercdrive.fr/image.ashx?id=2984814&use=l&cat=p&typeid=i","cat":316008},{"id":282769,"n":"Chocolat Kinder Mix - 102g","p":3.55,"u":"34,80 €/KG","img":"https://fd14-photos.leclercdrive.fr/image.ashx?id=2984546&use=l&cat=p&typeid=i","cat":327592},{"id":282770,"n":"Chocolat Kinder Pingouin - 102g","p":3.55,"u":"34,80 €/KG","img":"https://fd14-photos.leclercdrive.fr/image.ashx?id=2984549&use=l&cat=p&typeid=i","cat":327592},{"id":283136,"n":"Kinder Surprise  Père Noel x4 - 80g","p":5.14,"u":"64,25 €/KG","img":"https://fd14-photos.leclercdrive.fr/image.ashx?id=2981373&use=l&cat=p&typeid=i","cat":327592},{"id":283138,"n":"Kinder Surprise  Bonhomme de neige x4 - 80g","p":5.14,"u":"64,25 €/KG","img":"https://fd14-photos.leclercdrive.fr/image.ashx?id=2987196&use=l&cat=p&typeid=i","cat":327592},{"id":283154,"n":"Chocolat Kinder Géant Père Noel - 300g","p":6.88,"u":"22,93 €/KG","img":"https://fd14-photos.leclercdrive.fr/image.ashx?id=2981367&use=l&cat=p&typeid=i","cat":327592},{"id":283161,"n":"Skyr Gourmand Yoplait  Sur lit de citron - 4x120g","p":3.3,"u":"6,88 €/KG","img":"https://fd14-photos.leclercdrive.fr/image.ashx?id=2989234&use=l&cat=p&typeid=i","cat":315000},{"id":283167,"n":"Skyr Vitaminé Yoplait sur lit mangue passion - 4x120g","p":3.3,"u":"6,88 €/KG","img":"https://fd14-photos.leclercdrive.fr/image.ashx?id=2989240&use=l&cat=p&typeid=i","cat":315000},{"id":283170,"n":"Skyr vitaminé Yoplait sur lit framboise cranberry - 4x120g","p":3.3,"u":"6,88 €/KG","img":"https://fd14-photos.leclercdrive.fr/image.ashx?id=2989237&use=l&cat=p&typeid=i","cat":315000},{"id":283263,"n":"Adoucissant dilué Soupline Grand Air - 1500ml","p":4.99,"u":"3,33 €/L","img":"https://fd14-photos.leclercdrive.fr/image.ashx?id=3004450&use=l&cat=p&typeid=i","cat":284650},{"id":283434,"n":"Amandes décortiquées Sun - 500g","p":5.74,"u":"11,48 €/KG","img":"https://fd14-photos.leclercdrive.fr/image.ashx?id=2988327&use=l&cat=p&typeid=i","cat":284357},{"id":283439,"n":"Corbeille Entre Amis Conserverie du Languedoc - 360g","p":9.99,"u":"27,75 €/KG","img":"https://fd14-photos.leclercdrive.fr/image.ashx?id=2988367&use=l&cat=p&typeid=i","cat":305149},{"id":283487,"n":"Corbeille Coeur 1p","p":20.72,"img":"https://fd14-photos.leclercdrive.fr/image.ashx?id=2988469&use=l&cat=p&typeid=i","cat":305149},{"id":283542,"n":"Œuf Maxi Kinder surprise Playmobil - 100g","p":6.35,"u":"63,50 €/KG","img":"https://fd14-photos.leclercdrive.fr/image.ashx?id=2940516&use=l&cat=p&typeid=i","cat":284958},{"id":284288,"n":"Capsules lave-vaisselle Fairy Platinium+ citron - x88 1.365kg","p":17.45,"u":"12,78 €/KG","img":"https://fd14-photos.leclercdrive.fr/image.ashx?id=2992356&use=l&cat=p&typeid=i","cat":284656},{"id":284290,"n":"Capsules lave-vaisselle Fairy Platinium+ citron- x116 1.567kg","p":17.45,"u":"11,14 €/KG","img":"https://fd14-photos.leclercdrive.fr/image.ashx?id=2992359&use=l&cat=p&typeid=i","cat":284656},{"id":284646,"n":"Corbeille Amboise Sucré salé - 1.188kg","p":26.95,"u":"22,69 €/KG","img":"https://fd14-photos.leclercdrive.fr/image.ashx?id=2995358&use=l&cat=p&typeid=i","cat":284499},{"id":284653,"n":"Déodorant Sanex Derma Care Protector 1x12x65ml","p":4.5,"u":"0,07 €/M3","img":"https://fd14-photos.leclercdrive.fr/image.ashx?id=2999024&use=l&cat=p&typeid=i","cat":284595},{"id":285020,"n":"Bûche signature Eskiss Vanille pistache 480g","p":5.1,"u":"10,63 €/KG","img":"https://fd14-photos.leclercdrive.fr/image.ashx?id=2994912&use=l&cat=p&typeid=i","cat":284266},{"id":285245,"n":"Riz Comptoir du Grain 3 riz blanc rouge noir 500g","p":1.86,"u":"3,72 €/KG","img":"https://fd14-photos.leclercdrive.fr/image.ashx?id=2995820&use=l&cat=p&typeid=i","cat":284428},{"id":285799,"n":"Banane 1p","p":0.28,"img":"https://fd14-photos.leclercdrive.fr/image.ashx?id=3010113&use=l&cat=p&typeid=i","cat":284356},{"id":286244,"n":"Bûche glacée Pilpa Omelette norvégienne 336g","p":5.27,"u":"15,68 €/KG","img":"https://fd14-photos.leclercdrive.fr/image.ashx?id=3000024&use=l&cat=p&typeid=i","cat":284266},{"id":286245,"n":"Bûche glacée Pilpa Vanille caramel spéculoos 534g","p":5.27,"u":"9,87 €/KG","img":"https://fd14-photos.leclercdrive.fr/image.ashx?id=3000039&use=l&cat=p&typeid=i","cat":284266},{"id":286645,"n":"Chips Lay's Gourmet Wavy herbes - 120g","p":1.99,"u":"16,58 €/KG","img":"https://fd14-photos.leclercdrive.fr/image.ashx?id=3003185&use=l&cat=p&typeid=i","cat":284447},{"id":286647,"n":"Chips Lay's Gourmet 120g","p":1.99,"u":"16,58 €/KG","img":"https://fd14-photos.leclercdrive.fr/image.ashx?id=3003182&use=l&cat=p&typeid=i","cat":284447},{"id":286650,"n":"Chips Lay's Gourmet 120g","p":1.99,"u":"16,58 €/KG","img":"https://fd14-photos.leclercdrive.fr/image.ashx?id=3003188&use=l&cat=p&typeid=i","cat":284447},{"id":287674,"n":"Cèpes entiers Magda Gros calibres - 400g","p":9.93,"pp":6.95,"u":"17,38 €/KG","img":"https://fd14-photos.leclercdrive.fr/image.ashx?id=3008521&use=l&cat=p&typeid=i","cat":319805}]}