{"id":"027101-027101","dt":"2025-12-15","p":[{"id":2,"n":"Haricots verts Notre Jardin Extra fins - 345g","p":2.39,"u":"6,93 €/KG","img":"https://fd13-photos.leclercdrive.fr/image.ashx?id=2050624&use=l&cat=p&typeid=i","cat":312606},{"id":3,"n":"Haricots verts Notre Jardin Très fins - 220g","p":0.86,"u":"3,91 €/KG","img":"https://fd13-photos.leclercdrive.fr/image.ashx?id=1993164&use=l&cat=p&typeid=i","cat":312606},{"id":4,"n":"Haricots verts Notre Jardin Très fins - 440g","p":1.15,"u":"2,61 €/KG","img":"https://fd13-photos.leclercdrive.fr/image.ashx?id=2050615&use=l&cat=p&typeid=i","cat":312606},{"id":5,"n":"Haricots verts Notre Jardin Extra fins - 440g","p":1.2,"u":"2,73 €/KG","img":"https://fd13-photos.leclercdrive.fr/image.ashx?id=2291393&use=l&cat=p&typeid=i","cat":312606},{"id":6,"n":"Haricots verts Notre Jardin Extra fins - 220g","p":0.88,"u":"4,00 €/KG","img":"https://fd13-photos.leclercdrive.fr/image.ashx?id=1993167&use=l&cat=p&typeid=i","cat":312606},{"id":7,"n":"Haricots beurre Notre Jardin Très fins - 220g","p":1.11,"u":"5,05 €/KG","img":"https://fd13-photos.leclercdrive.fr/image.ashx?id=2988027&use=l&cat=p&typeid=i","cat":312606},{"id":8,"n":"Haricots beurre Notre Jardin Très fins - 440g","p":1.55,"u":"3,52 €/KG","img":"https://fd13-photos.leclercdrive.fr/image.ashx?id=2988030&use=l&cat=p&typeid=i","cat":312606},{"id":9,"n":"Petits pois Notre Jardin A l'étuvée - Extra fins - 280g","p":0.9,"u":"3,21 €/KG","img":"https://fd13-photos.leclercdrive.fr/image.ashx?id=2375947&use=l&cat=p&typeid=i","cat":312607},{"id":10,"n":"Petits pois Notre Jardin A l'étuvée - Très fins - 280g","p":0.89,"u":"3,18 €/KG","img":"https://fd13-photos.leclercdrive.fr/image.ashx?id=2375950&use=l&cat=p&typeid=i","cat":312607},{"id":11,"n":"Petits pois carottes  Notre Jardin -Extra fins - 530g","p":1.22,"u":"2,30 €/KG","img":"https://fd13-photos.leclercdrive.fr/image.ashx?id=2987961&use=l&cat=p&typeid=i","cat":312607},{"id":12,"n":"Petits pois carottes extra-fins Notre Jardin à l'étuvée 260g","p":0.99,"u":"3,74 €/KG","img":"https://fd13-photos.leclercdrive.fr/image.ashx?id=2987964&use=l&cat=p&typeid=i","cat":312607},{"id":13,"n":"Petits pois carottes Très fins Notre Jardin -A l'étuvée -530g","p":1.33,"u":"2,51 €/KG","img":"https://fd13-photos.leclercdrive.fr/image.ashx?id=2698156&use=l&cat=p&typeid=i","cat":312607},{"id":14,"n":"Carottes Notre Jardin Extra-fines - 265g","p":0.85,"u":"3,21 €/KG","img":"https://fd13-photos.leclercdrive.fr/image.ashx?id=2399150&use=l&cat=p&typeid=i","cat":312607},{"id":15,"n":"Champignons Paris Notre Jardin Entiers - 230g","p":1.47,"u":"6,39 €/KG","img":"https://fd13-photos.leclercdrive.fr/image.ashx?id=2553890&use=l&cat=p&typeid=i","cat":312610},{"id":16,"n":"Champignons Paris Notre Jardin Pieds et morceaux - 230g","p":1.49,"u":"6,48 €/KG","img":"https://fd13-photos.leclercdrive.fr/image.ashx?id=2553896&use=l&cat=p&typeid=i","cat":312610},{"id":17,"n":"Champignons Paris Notre Jardin Emincés - 230g","p":1.07,"u":"4,65 €/KG","img":"https://fd13-photos.leclercdrive.fr/image.ashx?id=2551960&use=l&cat=p&typeid=i","cat":312610},{"id":19,"n":"Flageolets verts Notre Jardin Extra fins - 265g","p":0.99,"u":"3,74 €/KG","img":"https://fd13-photos.leclercdrive.fr/image.ashx?id=1993161&use=l&cat=p&typeid=i","cat":312606},{"id":20,"n":"Macédoine légumes Notre Jardin 265g","p":0.71,"u":"2,68 €/KG","img":"https://fd13-photos.leclercdrive.fr/image.ashx?id=2050600&use=l&cat=p&typeid=i","cat":312612},{"id":21,"n":"Macédoine légumes Notre Jardin - 530g","p":1.23,"u":"2,32 €/KG","img":"https://fd13-photos.leclercdrive.fr/image.ashx?id=2526276&use=l&cat=p&typeid=i","cat":312612},{"id":22,"n":"Garniture de 4 légumes  Notre Jardin - 510g","p":1.74,"u":"3,41 €/KG","img":"https://fd13-photos.leclercdrive.fr/image.ashx?id=2526279&use=l&cat=p&typeid=i","cat":312612},{"id":30,"n":"Pommes de terre Notre Jardin 530g","p":1.29,"u":"2,43 €/KG","img":"https://fd13-photos.leclercdrive.fr/image.ashx?id=2696250&use=l&cat=p&typeid=i","cat":312612},{"id":32,"n":"Coeurs de céleri Notre Jardin - 500g PNE","p":2.99,"u":"5,64 €/KG","img":"https://fd13-photos.leclercdrive.fr/image.ashx?id=2483602&use=l&cat=p&typeid=i","cat":312612},{"id":34,"n":"Garniture de céleris Notre Jardin - 500g","p":1.89,"u":"3,78 €/KG","img":"https://fd13-photos.leclercdrive.fr/image.ashx?id=2526282&use=l&cat=p&typeid=i","cat":312612},{"id":37,"n":"Epinards hâchés Notre Jardin 395g","p":1.09,"u":"2,76 €/KG","img":"https://fd13-photos.leclercdrive.fr/image.ashx?id=1993152&use=l&cat=p&typeid=i","cat":312612},{"id":38,"n":"Epinards branches  Notre Jardin 265g","p":1.15,"u":"4,34 €/KG","img":"https://fd13-photos.leclercdrive.fr/image.ashx?id=1993155&use=l&cat=p&typeid=i","cat":312612},{"id":39,"n":"Epinards branches Notre Jardin 530g","p":1.69,"u":"3,19 €/KG","img":"https://fd13-photos.leclercdrive.fr/image.ashx?id=2913651&use=l&cat=p&typeid=i","cat":312612},{"id":40,"n":"Coeurs de palmiers Notre Jardin Extra tendres - 500g","p":3.85,"u":"7,70 €/KG","img":"https://fd13-photos.leclercdrive.fr/image.ashx?id=2589849&use=l&cat=p&typeid=i","cat":312611},{"id":42,"n":"Haricots Mungo Notre Jardin 180g","p":1.0,"u":"5,56 €/KG","img":"https://fd13-photos.leclercdrive.fr/image.ashx?id=2072431&use=l&cat=p&typeid=i","cat":312611},{"id":43,"n":"Asperges blanches miniatures Notre Jardin - 110g","p":1.55,"u":"14,09 €/KG","img":"https://fd13-photos.leclercdrive.fr/image.ashx?id=2049019&use=l&cat=p&typeid=i","cat":312611},{"id":44,"n":"Maïs Notre Jardin Tendre - 285g","p":0.96,"u":"3,37 €/KG","img":"https://fd13-photos.leclercdrive.fr/image.ashx?id=3005658&use=l&cat=p&typeid=i","cat":312611},{"id":47,"n":"Filets de thon Saupiquet Huile d'olive - 115g","p":2.37,"u":"20,61 €/KG","img":"https://fd13-photos.leclercdrive.fr/image.ashx?id=2846373&use=l&cat=p&typeid=i","cat":303867},{"id":50,"n":"Miettes de thon Pêche Océan Huile de tournesol - 160g","p":1.7,"u":"10,63 €/KG","img":"https://fd13-photos.leclercdrive.fr/image.ashx?id=2941369&use=l&cat=p&typeid=i","cat":303867},{"id":51,"n":"Miettes de thon Pêche Océan Tomate - 160g","p":1.13,"u":"7,06 €/KG","img":"https://fd13-photos.leclercdrive.fr/image.ashx?id=2941378&use=l&cat=p&typeid=i","cat":303867},{"id":52,"n":"Miettes de thon Pêche Océan Tomate - 3x80g","p":1.56,"u":"6,50 €/KG","img":"https://fd13-photos.leclercdrive.fr/image.ashx?id=2941363&use=l&cat=p&typeid=i","cat":303867},{"id":54,"n":"Sardines tomate Pêche Océan 135g","p":1.32,"u":"9,78 €/KG","img":"https://fd13-photos.leclercdrive.fr/image.ashx?id=2694097&use=l&cat=p&typeid=i","cat":305146},{"id":59,"n":"Maquereaux Pêche Océan Moutarde de Dijon - 169g","p":1.65,"u":"9,76 €/KG","img":"https://fd13-photos.leclercdrive.fr/image.ashx?id=2488350&use=l&cat=p&typeid=i","cat":303868},{"id":66,"n":"Terrine de campagne Côté Table Cèpes - 180g","p":1.55,"u":"8,61 €/KG","img":"https://fd13-photos.leclercdrive.fr/image.ashx?id=2519414&use=l&cat=p&typeid=i","cat":305149},{"id":67,"n":"Terrine de canard Côté Table 180g","p":1.55,"u":"8,61 €/KG","img":"https://fd13-photos.leclercdrive.fr/image.ashx?id=2436645&use=l&cat=p&typeid=i","cat":305149},{"id":72,"n":"Lentilles cuisinées Raynal Et Roquelaure - 820g","p":2.03,"u":"2,48 €/KG","img":"https://fd13-photos.leclercdrive.fr/image.ashx?id=2928393&use=l&cat=p&typeid=i","cat":312609},{"id":74,"n":"Choucroute Côté Table garnie 800g","p":2.69,"u":"3,36 €/KG","img":"https://fd13-photos.leclercdrive.fr/image.ashx?id=2977111&use=l&cat=p&typeid=i","cat":284441},{"id":75,"n":"Choucroute Côté Table garnie 400g","p":1.75,"u":"4,38 €/KG","img":"https://fd13-photos.leclercdrive.fr/image.ashx?id=2977114&use=l&cat=p&typeid=i","cat":284441},{"id":76,"n":"Gratin dauphinois Côté Table 850g","p":1.67,"u":"1,96 €/KG","img":"https://fd13-photos.leclercdrive.fr/image.ashx?id=2977117&use=l&cat=p&typeid=i","cat":284441},{"id":77,"n":"Petit salé Côté Table lentilles A l'Auvergnate 840g","p":2.75,"u":"3,27 €/KG","img":"https://fd13-photos.leclercdrive.fr/image.ashx?id=2977108&use=l&cat=p&typeid=i","cat":284441},{"id":78,"n":"Saucisses lentilles Côté Table 840g","p":1.99,"u":"2,37 €/KG","img":"https://fd13-photos.leclercdrive.fr/image.ashx?id=2977102&use=l&cat=p&typeid=i","cat":284441},{"id":79,"n":"Saucisses lentilles Côté Table 420g","p":1.15,"u":"2,74 €/KG","img":"https://fd13-photos.leclercdrive.fr/image.ashx?id=2977105&use=l&cat=p&typeid=i","cat":284441},{"id":105,"n":"Cacahuètes grillées Tokapi Salées - 250g","p":0.85,"u":"3,40 €/KG","img":"https://fd13-photos.leclercdrive.fr/image.ashx?id=2795529&use=l&cat=p&typeid=i","cat":284448},{"id":108,"n":"Noix de cajou grillées Tokapi Salées - 400g","p":4.78,"u":"11,95 €/KG","img":"https://fd13-photos.leclercdrive.fr/image.ashx?id=2793985&use=l&cat=p&typeid=i","cat":284448},{"id":113,"n":"Crackers Tuc Nature Original - 100g","p":0.55,"u":"5,50 €/KG","img":"https://fd13-photos.leclercdrive.fr/image.ashx?id=3002195&use=l&cat=p&typeid=i","cat":297000},{"id":117,"n":"Huile Isio 4 Lesieur 1L","p":3.43,"u":"3,43 €/L","img":"https://fd13-photos.leclercdrive.fr/image.ashx?id=2916018&use=l&cat=p&typeid=i","cat":284453},{"id":118,"n":"Huile d'olive Puget 1L","p":11.5,"u":"11,50 €/L","img":"https://fd13-photos.leclercdrive.fr/image.ashx?id=2917750&use=l&cat=p&typeid=i","cat":284453},{"id":121,"n":"Huile Fleur de colza Lesieur  1L","p":2.78,"u":"2,78 €/L","img":"https://fd13-photos.leclercdrive.fr/image.ashx?id=2916848&use=l&cat=p&typeid=i","cat":284453},{"id":122,"n":"Huile de friture Rustica Sans odeur - 2L","p":4.45,"u":"2,23 €/L","img":"https://fd13-photos.leclercdrive.fr/image.ashx?id=2916662&use=l&cat=p&typeid=i","cat":284453},{"id":123,"n":"Huile végétale  Rustica Mélange 4 huiles  - 1L","p":2.65,"u":"2,65 €/L","img":"https://fd13-photos.leclercdrive.fr/image.ashx?id=2538134&use=l&cat=p&typeid=i","cat":284453},{"id":124,"n":"Huile d'olive Rustica Vierge extra - 1L","p":8.99,"u":"8,99 €/L","img":"https://fd13-photos.leclercdrive.fr/image.ashx?id=2898011&use=l&cat=p&typeid=i","cat":284453},{"id":125,"n":"Huile de tournesol Rustica  1L","p":1.99,"u":"1,99 €/L","img":"https://fd13-photos.leclercdrive.fr/image.ashx?id=2900319&use=l&cat=p&typeid=i","cat":284453},{"id":127,"n":"Huile de colza Rustica  1L","p":1.76,"u":"1,76 €/L","img":"https://fd13-photos.leclercdrive.fr/image.ashx?id=2500797&use=l&cat=p&typeid=i","cat":284453},{"id":128,"n":"Vinaigre de vin Rustica 75cl","p":0.99,"u":"1,32 €/L","img":"https://fd13-photos.leclercdrive.fr/image.ashx?id=1061150&use=l&cat=p&typeid=i","cat":298543},{"id":129,"n":"Vinaigre de cidre Rustica  75cl","p":0.87,"u":"1,16 €/L","img":"https://fd13-photos.leclercdrive.fr/image.ashx?id=2657190&use=l&cat=p&typeid=i","cat":298543},{"id":130,"n":"Vinaigrette Rustica  Moutarde - 50cl","p":0.89,"u":"1,78 €/L","img":"https://fd13-photos.leclercdrive.fr/image.ashx?id=1950144&use=l&cat=p&typeid=i","cat":284456},{"id":131,"n":"Jus de citron Rustica Sicile - 2x125ml - 250ml","p":1.08,"u":"4,32 €/L","img":"https://fd13-photos.leclercdrive.fr/image.ashx?id=2974786&use=l&cat=p&typeid=i","cat":288383},{"id":137,"n":"Gros sel de Camargue NRT Sachet -1kg","p":1.2,"u":"1,20 €/KG","img":"https://fd13-photos.leclercdrive.fr/image.ashx?id=2819956&use=l&cat=p&typeid=i","cat":284457},{"id":138,"n":"Sel fin de Guérande IGP NRT 250g","p":1.35,"u":"5,40 €/KG","img":"https://fd13-photos.leclercdrive.fr/image.ashx?id=2644900&use=l&cat=p&typeid=i","cat":284457},{"id":147,"n":"Olives vertes Rustica  Dénoyautées - 160g","p":0.92,"u":"5,75 €/KG","img":"https://fd13-photos.leclercdrive.fr/image.ashx?id=2499070&use=l&cat=p&typeid=i","cat":284458},{"id":157,"n":"Moutarde de Dijon AMORA Fine & Forte - 265g","p":1.55,"u":"5,85 €/KG","img":"https://fd13-photos.leclercdrive.fr/image.ashx?id=3004870&use=l&cat=p&typeid=i","cat":288850},{"id":160,"n":"Mayonnaise Lesieur Huile de colza - 175g","p":0.78,"u":"4,46 €/KG","img":"https://fd13-photos.leclercdrive.fr/image.ashx?id=2917702&use=l&cat=p&typeid=i","cat":298295},{"id":169,"n":"Sauce Pesto Panzani Basilic - 200g","p":1.64,"u":"8,20 €/KG","img":"https://fd13-photos.leclercdrive.fr/image.ashx?id=2989093&use=l&cat=p&typeid=i","cat":287599},{"id":172,"n":"Purée de tomates Turini 720ml","p":1.26,"u":"1,75 €/L","img":"https://fd13-photos.leclercdrive.fr/image.ashx?id=2680539&use=l&cat=p&typeid=i","cat":288384},{"id":173,"n":"Pulpe de tomate Notre Jardin En dés - 3x383g","p":2.06,"u":"1,81 €/KG","img":"https://fd13-photos.leclercdrive.fr/image.ashx?id=2826918&use=l&cat=p&typeid=i","cat":288384},{"id":174,"n":"Tomates pelées Notre Jardin Entières - 476g","p":1.4,"u":"2,94 €/KG","img":"https://fd13-photos.leclercdrive.fr/image.ashx?id=2189999&use=l&cat=p&typeid=i","cat":312608},{"id":175,"n":"Sauce bolognaise Turini 420g","p":1.45,"u":"3,45 €/KG","img":"https://fd13-photos.leclercdrive.fr/image.ashx?id=2634860&use=l&cat=p&typeid=i","cat":287599},{"id":185,"n":"Pâtes Barilla Pipe Rigate - 500g","p":0.89,"u":"1,78 €/KG","img":"https://fd13-photos.leclercdrive.fr/image.ashx?id=2392209&use=l&cat=p&typeid=i","cat":284427},{"id":187,"n":"Pâtes Barilla Fusilli - 500g","p":1.02,"u":"2,04 €/KG","img":"https://fd13-photos.leclercdrive.fr/image.ashx?id=2392212&use=l&cat=p&typeid=i","cat":284427},{"id":191,"n":"Pâtes Collezione Barilla Lasagne aux œufs - 500g","p":1.84,"u":"3,68 €/KG","img":"https://fd13-photos.leclercdrive.fr/image.ashx?id=2990997&use=l&cat=p&typeid=i","cat":284427},{"id":192,"n":"Pâtes Barilla Penne rigate - 1kg","p":1.8,"u":"1,80 €/KG","img":"https://fd13-photos.leclercdrive.fr/image.ashx?id=2392191&use=l&cat=p&typeid=i","cat":284427},{"id":193,"n":"Pâtes vermicelles Panzani  500g","p":1.23,"u":"2,46 €/KG","img":"https://fd13-photos.leclercdrive.fr/image.ashx?id=2896072&use=l&cat=p&typeid=i","cat":284427},{"id":194,"n":"Pâtes Coquillettes Panzani 500g","p":0.91,"u":"1,82 €/KG","img":"https://fd13-photos.leclercdrive.fr/image.ashx?id=2870200&use=l&cat=p&typeid=i","cat":284427},{"id":195,"n":"Pâtes macaroni Panzani 500g","p":0.97,"u":"1,94 €/KG","img":"https://fd13-photos.leclercdrive.fr/image.ashx?id=2884297&use=l&cat=p&typeid=i","cat":284427},{"id":196,"n":"Pâtes nouilles fines Panzani 500g","p":1.15,"u":"2,30 €/KG","img":"https://fd13-photos.leclercdrive.fr/image.ashx?id=2876005&use=l&cat=p&typeid=i","cat":284427},{"id":197,"n":"Pâtes Torti Panzani 500g","p":0.77,"u":"1,54 €/KG","img":"https://fd13-photos.leclercdrive.fr/image.ashx?id=2869552&use=l&cat=p&typeid=i","cat":284427},{"id":198,"n":"Pâtes Spaghetti Panzani 500g","p":0.89,"u":"1,78 €/KG","img":"https://fd13-photos.leclercdrive.fr/image.ashx?id=2876023&use=l&cat=p&typeid=i","cat":284427},{"id":199,"n":"Pâtes Tagliatelle Panzani Créatives - 500G","p":1.62,"u":"3,24 €/KG","img":"https://fd13-photos.leclercdrive.fr/image.ashx?id=2902936&use=l&cat=p&typeid=i","cat":284427},{"id":200,"n":"Pâtes lasagnes Turini  500g","p":1.29,"u":"2,58 €/KG","img":"https://fd13-photos.leclercdrive.fr/image.ashx?id=2980779&use=l&cat=p&typeid=i","cat":284427},{"id":204,"n":"Pâtes Coquillettes Turini 500g","p":0.75,"u":"1,50 €/KG","img":"https://fd13-photos.leclercdrive.fr/image.ashx?id=2980405&use=l&cat=p&typeid=i","cat":284427},{"id":205,"n":"Pâtes Macaroni Turini 500g","p":0.75,"u":"1,50 €/KG","img":"https://fd13-photos.leclercdrive.fr/image.ashx?id=2441081&use=l&cat=p&typeid=i","cat":284427},{"id":206,"n":"Spaghetti Turini 500g","p":0.69,"u":"1,38 €/KG","img":"https://fd13-photos.leclercdrive.fr/image.ashx?id=2980396&use=l&cat=p&typeid=i","cat":284427},{"id":208,"n":"Pâtes gansettes Turini 500g","p":0.98,"u":"1,96 €/KG","img":"https://fd13-photos.leclercdrive.fr/image.ashx?id=2607422&use=l&cat=p&typeid=i","cat":284427},{"id":210,"n":"Pâtes cheveux d'anges Turini 500g","p":0.85,"u":"1,70 €/KG","img":"https://fd13-photos.leclercdrive.fr/image.ashx?id=2980785&use=l&cat=p&typeid=i","cat":284427},{"id":211,"n":"Pâtes Tagliatelles Turini 500g","p":1.29,"u":"2,58 €/KG","img":"https://fd13-photos.leclercdrive.fr/image.ashx?id=2669693&use=l&cat=p&typeid=i","cat":284427},{"id":218,"n":"Riz Basmati Comptoir du Grain Sélection Riz long - 1kg","p":2.55,"u":"2,55 €/KG","img":"https://fd13-photos.leclercdrive.fr/image.ashx?id=2565613&use=l&cat=p&typeid=i","cat":284428},{"id":219,"n":"Riz long Comptoir du Grain Sachet cuisson rapide x5 - 1kg","p":1.74,"u":"1,74 €/KG","img":"https://fd13-photos.leclercdrive.fr/image.ashx?id=1759876&use=l&cat=p&typeid=i","cat":284428},{"id":220,"n":"Couscous moyen Regia 1kg","p":2.3,"u":"2,30 €/KG","img":"https://fd13-photos.leclercdrive.fr/image.ashx?id=2874856&use=l&cat=p&typeid=i","cat":284429},{"id":224,"n":"Purée pomme de terre Pom'lisse Nature - 4x125g - 500g","p":1.85,"u":"3,70 €/KG","img":"https://fd13-photos.leclercdrive.fr/image.ashx?id=2929861&use=l&cat=p&typeid=i","cat":284431},{"id":225,"n":"Couscous Comptoir du Grain Grain moyen - 1kg","p":1.44,"u":"1,44 €/KG","img":"https://fd13-photos.leclercdrive.fr/image.ashx?id=3012797&use=l&cat=p&typeid=i","cat":284429},{"id":230,"n":"Pois cassés Notre Jardin 500g","p":1.05,"u":"2,10 €/KG","img":"https://fd13-photos.leclercdrive.fr/image.ashx?id=2983772&use=l&cat=p&typeid=i","cat":284430},{"id":231,"n":"Lentilles vertes Notre Jardin 500g","p":1.63,"u":"3,26 €/KG","img":"https://fd13-photos.leclercdrive.fr/image.ashx?id=2983778&use=l&cat=p&typeid=i","cat":284430},{"id":238,"n":"Soupe Velouté Régal Soupe Tomates - 1L","p":1.09,"u":"1,09 €/L","img":"https://fd13-photos.leclercdrive.fr/image.ashx?id=2800234&use=l&cat=p&typeid=i","cat":284462},{"id":239,"n":"Soupe Velouté Régal Soupe 10 légumes - 1L","p":1.19,"u":"1,19 €/L","img":"https://fd13-photos.leclercdrive.fr/image.ashx?id=2983781&use=l&cat=p&typeid=i","cat":284462},{"id":240,"n":"Soupe Régal Soupe Poireaux Pommes de terre - 1L","p":1.19,"u":"1,19 €/L","img":"https://fd13-photos.leclercdrive.fr/image.ashx?id=2607356&use=l&cat=p&typeid=i","cat":284462},{"id":241,"n":"Soupe Mouliné Régal Soupe 10 légumes variés - 1L","p":1.08,"u":"1,08 €/L","img":"https://fd13-photos.leclercdrive.fr/image.ashx?id=2607353&use=l&cat=p&typeid=i","cat":284462},{"id":255,"n":"Arôme Saveur Maggi 250g","p":1.86,"u":"7,44 €/KG","img":"https://fd13-photos.leclercdrive.fr/image.ashx?id=2671960&use=l&cat=p&typeid=i","cat":288379},{"id":259,"n":"Assaisonnement Liquide KNORR Viandox - 160ml","p":1.46,"pp":1.02,"u":"6,38 €/L","img":"https://fd13-photos.leclercdrive.fr/image.ashx?id=2705215&use=l&cat=p&typeid=i","cat":288383},{"id":267,"n":"Biscuits Petit Ecolier LU Chocolat au lait - 120g","p":2.07,"u":"17,25 €/KG","img":"https://fd13-photos.leclercdrive.fr/image.ashx?id=3014404&use=l&cat=p&typeid=i","cat":284488},{"id":274,"n":"Biscuits Pocket Prince Chocolat - 400g","p":2.31,"u":"5,78 €/KG","img":"https://fd13-photos.leclercdrive.fr/image.ashx?id=3002207&use=l&cat=p&typeid=i","cat":284488},{"id":278,"n":"Biscuits La Barquette Lulu LU Chocolat noisettes - 2x120g","p":2.0,"u":"8,33 €/KG","img":"https://fd13-photos.leclercdrive.fr/image.ashx?id=2135740&use=l&cat=p&typeid=i","cat":284488},{"id":280,"n":"Biscuits Petits cœurs LU Chocolat - 180g","p":2.4,"u":"13,33 €/KG","img":"https://fd13-photos.leclercdrive.fr/image.ashx?id=3002024&use=l&cat=p&typeid=i","cat":284488},{"id":283,"n":"Biscuit Petit beurre P'tit Déli Chocolat au lait pocket - 250g","p":2.25,"u":"9,00 €/KG","img":"https://fd13-photos.leclercdrive.fr/image.ashx?id=2919589&use=l&cat=p&typeid=i","cat":284488},{"id":286,"n":"Biscuits barquette P'tit Déli Chocolat et noisette x18 - 120g","p":0.89,"u":"7,42 €/KG","img":"https://fd13-photos.leclercdrive.fr/image.ashx?id=2705065&use=l&cat=p&typeid=i","cat":284488},{"id":288,"n":"Gaufrettes P'tit Déli  Enrobées chocolat 150g","p":1.59,"u":"10,60 €/KG","img":"https://fd13-photos.leclercdrive.fr/image.ashx?id=2965416&use=l&cat=p&typeid=i","cat":284488},{"id":289,"n":"Mini goûters P'tit Déli Chocolat 168g","p":1.13,"u":"6,73 €/KG","img":"https://fd13-photos.leclercdrive.fr/image.ashx?id=2321941&use=l&cat=p&typeid=i","cat":284488},{"id":290,"n":"Biscuits P'tit Déli Bâtonnets Chocolat 150g","p":1.19,"u":"7,93 €/KG","img":"https://fd13-photos.leclercdrive.fr/image.ashx?id=2470189&use=l&cat=p&typeid=i","cat":284488},{"id":291,"n":"Goûter Moelleux P'tit Déli  Lait et cacao x10 420g","p":2.81,"u":"6,69 €/KG","img":"https://fd13-photos.leclercdrive.fr/image.ashx?id=2610684&use=l&cat=p&typeid=i","cat":284495},{"id":292,"n":"Biscuits fourrés P'tit Déli Coeur fondant chocolat - 225g","p":1.26,"u":"5,60 €/KG","img":"https://fd13-photos.leclercdrive.fr/image.ashx?id=2637634&use=l&cat=p&typeid=i","cat":284488},{"id":296,"n":"Biscuits La Barquette Lulu LU Fraise - 2x120g","p":1.99,"u":"8,29 €/KG","img":"https://fd13-photos.leclercdrive.fr/image.ashx?id=3001952&use=l&cat=p&typeid=i","cat":284489},{"id":298,"n":"Gâteaux moelleux Lulu LU Coqueline Fraise - 165g","p":1.4,"u":"8,48 €/KG","img":"https://fd13-photos.leclercdrive.fr/image.ashx?id=2977252&use=l&cat=p&typeid=i","cat":284495},{"id":304,"n":"Génoises fourrées P'tit Déli - 150g","p":1.39,"u":"9,27 €/KG","img":"https://fd13-photos.leclercdrive.fr/image.ashx?id=2470192&use=l&cat=p&typeid=i","cat":284489},{"id":310,"n":"Biscuits boudoirs P'tit Déli Aux oeufs - 175g","p":1.38,"u":"7,89 €/KG","img":"https://fd13-photos.leclercdrive.fr/image.ashx?id=1947342&use=l&cat=p&typeid=i","cat":284487},{"id":313,"n":"Biscuits palmiers P'tit Déli 100g","p":0.59,"u":"5,90 €/KG","img":"https://fd13-photos.leclercdrive.fr/image.ashx?id=2940896&use=l&cat=p&typeid=i","cat":284487},{"id":314,"n":"Biscuits langue chat P'tit Déli 200g","p":1.28,"u":"6,40 €/KG","img":"https://fd13-photos.leclercdrive.fr/image.ashx?id=1875827&use=l&cat=p&typeid=i","cat":284487},{"id":322,"n":"Cake anglais Brossard 400g","p":3.07,"u":"7,68 €/KG","img":"https://fd13-photos.leclercdrive.fr/image.ashx?id=2456795&use=l&cat=p&typeid=i","cat":284493},{"id":323,"n":"Gâteaux Mini roulés Pépito Chocolat - 150g","p":1.76,"u":"11,73 €/KG","img":"https://fd13-photos.leclercdrive.fr/image.ashx?id=2331898&use=l&cat=p&typeid=i","cat":284495},{"id":325,"n":"Galettes Bretonnes P'tit Déli Pur beurre - 125g","p":0.73,"u":"5,84 €/KG","img":"https://fd13-photos.leclercdrive.fr/image.ashx?id=2847943&use=l&cat=p&typeid=i","cat":284487},{"id":327,"n":"Biscuits P'tit Déli Cookies Chocolat nougatine 200g","p":1.35,"u":"6,75 €/KG","img":"https://fd13-photos.leclercdrive.fr/image.ashx?id=2900022&use=l&cat=p&typeid=i","cat":325066},{"id":328,"n":"Biscuits Cookies P'tit Déli Chocolat pépite chocolat - 200g","p":1.35,"u":"6,75 €/KG","img":"https://fd13-photos.leclercdrive.fr/image.ashx?id=2900025&use=l&cat=p&typeid=i","cat":325066},{"id":329,"n":"Biscuits Bastogne LU Originale - 260g","p":1.48,"u":"5,69 €/KG","img":"https://fd13-photos.leclercdrive.fr/image.ashx?id=2346765&use=l&cat=p&typeid=i","cat":284487},{"id":332,"n":"Biscuits petit déjeuner Belvita Céréales & Lait - 400g","p":2.68,"u":"6,70 €/KG","img":"https://fd13-photos.leclercdrive.fr/image.ashx?id=2959841&use=l&cat=p&typeid=i","cat":284491},{"id":349,"n":"Pain de mie nature Epi d'Or Classique - 500g","p":1.19,"u":"2,38 €/KG","img":"https://fd13-photos.leclercdrive.fr/image.ashx?id=2615582&use=l&cat=p&typeid=i","cat":284477},{"id":350,"n":"Pain de mie nature Epi d'Or Grandes tranches - 550g","p":1.09,"u":"1,98 €/KG","img":"https://fd13-photos.leclercdrive.fr/image.ashx?id=2860700&use=l&cat=p&typeid=i","cat":284477},{"id":352,"n":"Pain de mie nature Epi d'Or  Extra-moelleux - 500g","p":0.95,"u":"1,90 €/KG","img":"https://fd13-photos.leclercdrive.fr/image.ashx?id=2860697&use=l&cat=p&typeid=i","cat":284477},{"id":361,"n":"Brioche tranchée Epi d'Or Nature - 500g","p":1.65,"u":"3,30 €/KG","img":"https://fd13-photos.leclercdrive.fr/image.ashx?id=2860694&use=l&cat=p&typeid=i","cat":284478},{"id":362,"n":"Briochettes Epi d'Or Nature x12 - 480g","p":1.49,"u":"3,10 €/KG","img":"https://fd13-photos.leclercdrive.fr/image.ashx?id=2860709&use=l&cat=p&typeid=i","cat":284478},{"id":363,"n":"Pains au lait Epi d'Or x10 - 350g","p":1.19,"u":"3,40 €/KG","img":"https://fd13-photos.leclercdrive.fr/image.ashx?id=2860688&use=l&cat=p&typeid=i","cat":293505},{"id":364,"n":"Pains au chocolat Epi d'Or x8 - 360g","p":1.89,"u":"5,25 €/KG","img":"https://fd13-photos.leclercdrive.fr/image.ashx?id=2860691&use=l&cat=p&typeid=i","cat":296366},{"id":367,"n":"Barre patissière P'tit Déli 800g","p":2.2,"u":"2,75 €/KG","img":"https://fd13-photos.leclercdrive.fr/image.ashx?id=2074379&use=l&cat=p&typeid=i","cat":294776},{"id":368,"n":"Madeleine P'tit Déli coquilles Sachet 1kg","p":3.4,"u":"3,40 €/KG","img":"https://fd13-photos.leclercdrive.fr/image.ashx?id=2999493&use=l&cat=p&typeid=i","cat":284492},{"id":369,"n":"Marbré P'tit Déli 300g","p":1.89,"u":"6,30 €/KG","img":"https://fd13-photos.leclercdrive.fr/image.ashx?id=2562698&use=l&cat=p&typeid=i","cat":294776},{"id":373,"n":"Biscottes Plaine Vie Heudebert  Sans sel - 300g","p":1.61,"u":"5,37 €/KG","img":"https://fd13-photos.leclercdrive.fr/image.ashx?id=2870572&use=l&cat=p&typeid=i","cat":284479},{"id":375,"n":"Biscottes fourrées Cracotte LU  Framboise - 200g","p":1.7,"u":"8,50 €/KG","img":"https://fd13-photos.leclercdrive.fr/image.ashx?id=2873844&use=l&cat=p&typeid=i","cat":284479},{"id":376,"n":"Biscottes Cracotte LU  Froment - 250g","p":1.49,"u":"5,96 €/KG","img":"https://fd13-photos.leclercdrive.fr/image.ashx?id=3002006&use=l&cat=p&typeid=i","cat":284479},{"id":377,"n":"Biscottes Cracotte LU Gourmande - 250g","p":1.66,"u":"6,64 €/KG","img":"https://fd13-photos.leclercdrive.fr/image.ashx?id=3002009&use=l&cat=p&typeid=i","cat":284479},{"id":378,"n":"Biscottes Cracotte LU  Céréales complètes - 250g","p":1.63,"u":"6,52 €/KG","img":"https://fd13-photos.leclercdrive.fr/image.ashx?id=3002012&use=l&cat=p&typeid=i","cat":284479},{"id":379,"n":"Biscottes fourrées Cracotte Lu Chocolat - 200g","p":1.57,"u":"7,85 €/KG","img":"https://fd13-photos.leclercdrive.fr/image.ashx?id=2849704&use=l&cat=p&typeid=i","cat":284479},{"id":382,"n":"Biscottes Epi d'Or 6 céréales x36 - 300g","p":1.22,"u":"4,07 €/KG","img":"https://fd13-photos.leclercdrive.fr/image.ashx?id=2532832&use=l&cat=p&typeid=i","cat":284479},{"id":384,"n":"Biscottes Epi d'Or froment x36 - 300g","p":1.37,"u":"4,57 €/KG","img":"https://fd13-photos.leclercdrive.fr/image.ashx?id=2634854&use=l&cat=p&typeid=i","cat":284479},{"id":388,"n":"Tartines craquantes Epi d'Or  Froment - 250g","p":1.05,"u":"4,20 €/KG","img":"https://fd13-photos.leclercdrive.fr/image.ashx?id=2856121&use=l&cat=p&typeid=i","cat":284479},{"id":396,"n":"Café Moulu Italien Lavazza  Robusta Il Mattino - 4x250g","p":11.97,"u":"11,97 €/KG","img":"https://fd13-photos.leclercdrive.fr/image.ashx?id=2871163&use=l&cat=p&typeid=i","cat":284750},{"id":399,"n":"Café moulu Plantation Intense et aromatique - 2x250g","p":6.8,"u":"13,60 €/KG","img":"https://fd13-photos.leclercdrive.fr/image.ashx?id=2607398&use=l&cat=p&typeid=i","cat":284750},{"id":400,"n":"Café moulu Plantation  Intense et aromatique - 250g","p":3.5,"u":"14,00 €/KG","img":"https://fd13-photos.leclercdrive.fr/image.ashx?id=2555050&use=l&cat=p&typeid=i","cat":284750},{"id":401,"n":"Café moulu Plantation  Brésil - 2x250g","p":7.19,"u":"14,38 €/KG","img":"https://fd13-photos.leclercdrive.fr/image.ashx?id=2824247&use=l&cat=p&typeid=i","cat":284750},{"id":402,"n":"Café moulu Plantation  Tradition - 4x250g","p":9.69,"u":"9,69 €/KG","img":"https://fd13-photos.leclercdrive.fr/image.ashx?id=2824250&use=l&cat=p&typeid=i","cat":284750},{"id":405,"n":"Café Soluble Nescafé Spécial Filtre Original - 200g","p":7.65,"u":"38,25 €/KG","img":"https://fd13-photos.leclercdrive.fr/image.ashx?id=2837154&use=l&cat=p&typeid=i","cat":284843},{"id":407,"n":"Café et Chicorée Soluble Ricoré Lait - 400g","p":6.11,"u":"15,28 €/KG","img":"https://fd13-photos.leclercdrive.fr/image.ashx?id=2979617&use=l&cat=p&typeid=i","cat":284843},{"id":444,"n":"Lait en poudre Régilait Demi écrémé - 300g","p":2.44,"u":"8,13 €/KG","img":"https://fd13-photos.leclercdrive.fr/image.ashx?id=2110077&use=l&cat=p&typeid=i","cat":299162},{"id":451,"n":"Confiture Bonne Maman Abricots - 370g","p":1.67,"u":"4,51 €/KG","img":"https://fd13-photos.leclercdrive.fr/image.ashx?id=3001275&use=l&cat=p&typeid=i","cat":284480},{"id":453,"n":"Confiture extra figues NRT De Provence - 315g","p":2.64,"u":"8,38 €/KG","img":"https://fd13-photos.leclercdrive.fr/image.ashx?id=2699801&use=l&cat=p&typeid=i","cat":284480},{"id":456,"n":"Céréales Golden Grahams Nestlé 375g","p":1.62,"u":"4,32 €/KG","img":"https://fd13-photos.leclercdrive.fr/image.ashx?id=2979830&use=l&cat=p&typeid=i","cat":309513},{"id":473,"n":"Céréales Lion Nestlé Caramel et Chocolat - 400g","p":2.62,"u":"6,55 €/KG","img":"https://fd13-photos.leclercdrive.fr/image.ashx?id=2927453&use=l&cat=p&typeid=i","cat":309513},{"id":474,"n":"Céréales Cookie Crisp Nestlé 375g","p":2.34,"u":"6,24 €/KG","img":"https://fd13-photos.leclercdrive.fr/image.ashx?id=2926443&use=l&cat=p&typeid=i","cat":309513},{"id":491,"n":"Levure boulangère Francine 30g","p":1.16,"u":"38,67 €/KG","img":"https://fd13-photos.leclercdrive.fr/image.ashx?id=2210083&use=l&cat=p&typeid=i","cat":294686},{"id":492,"n":"Farine fluide Tablier Blanc Sans grumeaux - 1kg","p":0.85,"u":"0,85 €/KG","img":"https://fd13-photos.leclercdrive.fr/image.ashx?id=2832628&use=l&cat=p&typeid=i","cat":284503},{"id":494,"n":"Levure boulangère Alsa Briochin - x5 - 27.5g","p":0.87,"u":"31,07 €/KG","img":"https://fd13-photos.leclercdrive.fr/image.ashx?id=3007906&use=l&cat=p&typeid=i","cat":294686},{"id":497,"n":"Sucre Vanillé Alsa x12 - 90g","p":2.07,"u":"23,00 €/KG","img":"https://fd13-photos.leclercdrive.fr/image.ashx?id=3004459&use=l&cat=p&typeid=i","cat":294686},{"id":528,"n":"Bonbons Copains Copines Cola acide - 275 g","p":1.53,"u":"5,56 €/KG","img":"https://fd13-photos.leclercdrive.fr/image.ashx?id=2934658&use=l&cat=p&typeid=i","cat":304250},{"id":529,"n":"Bonbons Copains Copines Chocours 200g","p":1.25,"u":"6,25 €/KG","img":"https://fd13-photos.leclercdrive.fr/image.ashx?id=2934649&use=l&cat=p&typeid=i","cat":304250},{"id":546,"n":"Eau minérale naturelle Des Alpes - 6x50cl","p":1.98,"u":"0,66 €/L","img":"https://fd13-photos.leclercdrive.fr/image.ashx?id=552962&use=l&cat=p&typeid=i","cat":284535},{"id":567,"n":"Eau gazeuse San Pellegrino Minérale naturelle - 6x50cl","p":2.99,"u":"1,00 €/L","img":"https://fd13-photos.leclercdrive.fr/image.ashx?id=2145871&use=l&cat=p&typeid=i","cat":284536},{"id":592,"n":"Sirop Frucci Grenadine - 75cl","p":1.99,"u":"2,65 €/L","img":"https://fd13-photos.leclercdrive.fr/image.ashx?id=2842220&use=l&cat=p&typeid=i","cat":295020},{"id":593,"n":"Sirop Frucci Pêche - 75cl","p":2.39,"u":"3,19 €/L","img":"https://fd13-photos.leclercdrive.fr/image.ashx?id=2842226&use=l&cat=p&typeid=i","cat":295020},{"id":594,"n":"Sirop Frucci Framboise - 75cl","p":3.52,"u":"4,69 €/L","img":"https://fd13-photos.leclercdrive.fr/image.ashx?id=2909867&use=l&cat=p&typeid=i","cat":295020},{"id":595,"n":"Sirop Frucci Fraise - 75cl","p":2.69,"u":"3,59 €/L","img":"https://fd13-photos.leclercdrive.fr/image.ashx?id=2842232&use=l&cat=p&typeid=i","cat":295020},{"id":596,"n":"Sirop Frucci Cassis - 75cl","p":2.94,"u":"3,92 €/L","img":"https://fd13-photos.leclercdrive.fr/image.ashx?id=2842238&use=l&cat=p&typeid=i","cat":295020},{"id":598,"n":"100% Pur jus de tomate Jafaden bouteille plastique -1L","p":2.05,"u":"2,05 €/L","img":"https://fd13-photos.leclercdrive.fr/image.ashx?id=2860682&use=l&cat=p&typeid=i","cat":284523},{"id":612,"n":"100% Pur jus d'orange Jafaden Sans pulpe - 1L","p":2.22,"u":"2,22 €/L","img":"https://fd13-photos.leclercdrive.fr/image.ashx?id=2955620&use=l&cat=p&typeid=i","cat":284521},{"id":613,"n":"Jus d'orange Jafaden A base de concentré - 6x20cl","p":1.99,"u":"1,66 €/L","img":"https://fd13-photos.leclercdrive.fr/image.ashx?id=2751871&use=l&cat=p&typeid=i","cat":284524},{"id":617,"n":"100% Pur jus d'orange Jafaden  Sans pulpe - 1,5L","p":2.65,"u":"1,77 €/L","img":"https://fd13-photos.leclercdrive.fr/image.ashx?id=2842468&use=l&cat=p&typeid=i","cat":284521},{"id":618,"n":"Nectar d'orange Jafaden Avec pulpe - 1L","p":1.69,"u":"1,69 €/L","img":"https://fd13-photos.leclercdrive.fr/image.ashx?id=2955638&use=l&cat=p&typeid=i","cat":284521},{"id":619,"n":"Nectar orange Jafaden 2L","p":2.52,"u":"1,26 €/L","img":"https://fd13-photos.leclercdrive.fr/image.ashx?id=2955644&use=l&cat=p&typeid=i","cat":284521},{"id":621,"n":"100% Pur jus d'orange Jafaden  Sans pulpe - 2L","p":3.49,"u":"1,75 €/L","img":"https://fd13-photos.leclercdrive.fr/image.ashx?id=2842456&use=l&cat=p&typeid=i","cat":284521},{"id":624,"n":"Pur Jus de pommes NRT De Bretagne - 1L","p":2.53,"u":"2,53 €/L","img":"https://fd13-photos.leclercdrive.fr/image.ashx?id=2590463&use=l&cat=p&typeid=i","cat":284522},{"id":625,"n":"Pur jus raisin Jafaden 1L","p":1.55,"u":"1,55 €/L","img":"https://fd13-photos.leclercdrive.fr/image.ashx?id=2955626&use=l&cat=p&typeid=i","cat":284915},{"id":627,"n":"Jus pamplemousse rose Jafaden A base de concentré - 1L","p":1.55,"u":"1,55 €/L","img":"https://fd13-photos.leclercdrive.fr/image.ashx?id=2520005&use=l&cat=p&typeid=i","cat":284914},{"id":630,"n":"Nectar Jafaden Orange banane - 2L","p":3.19,"u":"1,60 €/L","img":"https://fd13-photos.leclercdrive.fr/image.ashx?id=2955680&use=l&cat=p&typeid=i","cat":284915},{"id":632,"n":"Jus ananas Jafaden A base de concentré 1L","p":1.75,"u":"1,75 €/L","img":"https://fd13-photos.leclercdrive.fr/image.ashx?id=2919592&use=l&cat=p&typeid=i","cat":284916},{"id":633,"n":"Jus d'ananas Jafaden Briquettes - 6x20cl","p":2.7,"u":"2,25 €/L","img":"https://fd13-photos.leclercdrive.fr/image.ashx?id=2869775&use=l&cat=p&typeid=i","cat":284524},{"id":655,"n":"Soda Jean's Cola Bouteille - 1,5L","p":1.09,"u":"0,73 €/L","img":"https://fd13-photos.leclercdrive.fr/image.ashx?id=2637826&use=l&cat=p&typeid=i","cat":284530},{"id":656,"n":"Soda Jean's Cola Canette - 6x33cl","p":2.26,"u":"1,14 €/L","img":"https://fd13-photos.leclercdrive.fr/image.ashx?id=2637829&use=l&cat=p&typeid=i","cat":284530},{"id":668,"n":"Limonade artisanale NRT 1L","p":2.75,"u":"2,75 €/L","img":"https://fd13-photos.leclercdrive.fr/image.ashx?id=2791066&use=l&cat=p&typeid=i","cat":284531},{"id":669,"n":"Limonade des Pyrénées NRT 6x33cl","p":3.35,"u":"1,69 €/L","img":"https://fd13-photos.leclercdrive.fr/image.ashx?id=2699807&use=l&cat=p&typeid=i","cat":284531},{"id":673,"n":"Soda Gini Citron - 1,5L","p":2.0,"u":"1,33 €/L","img":"https://fd13-photos.leclercdrive.fr/image.ashx?id=2654677&use=l&cat=p&typeid=i","cat":284532},{"id":682,"n":"Soda Pulp'Orange Bouteille - 1,5L","p":1.47,"u":"0,98 €/L","img":"https://fd13-photos.leclercdrive.fr/image.ashx?id=2922382&use=l&cat=p&typeid=i","cat":284532},{"id":689,"n":"Thé glacé Fresh Tea Pêche - Canette -  6x33cl","p":2.49,"u":"1,26 €/L","img":"https://fd13-photos.leclercdrive.fr/image.ashx?id=2622239&use=l&cat=p&typeid=i","cat":295019},{"id":700,"n":"Bière blonde 1664 5,5° - 4x50cl canettes","p":4.78,"u":"2,39 €/L","img":"https://fd13-photos.leclercdrive.fr/image.ashx?id=2793536&use=l&cat=p&typeid=i","cat":334853},{"id":737,"n":"Rhum blanc Lagoa 40%vol - 70cl","p":9.99,"u":"14,27 €/L","img":"https://fd13-photos.leclercdrive.fr/image.ashx?id=2966469&use=l&cat=p&typeid=i","cat":284550},{"id":741,"n":"IGP Pays d'Oc Chardonnay Blanc Vieux Carion 13% vol -75 cl","p":2.75,"u":"3,67 €/L","img":"https://fd13-photos.leclercdrive.fr/image.ashx?id=2677660&use=l&cat=p&typeid=i","cat":289557},{"id":742,"n":"AOP Cabernet d'Anjou vin rosé Les Caractères - BIB 3L - 11%","p":13.49,"u":"4,50 €/L","img":"https://fd13-photos.leclercdrive.fr/image.ashx?id=2796523&use=l&cat=p&typeid=i","cat":289560},{"id":744,"n":"Cidre bouché Les Goelleries Breton brut 5%vol. - 75cl","p":1.99,"u":"2,65 €/L","img":"https://fd13-photos.leclercdrive.fr/image.ashx?id=2842184&use=l&cat=p&typeid=i","cat":334880},{"id":749,"n":"Camembert Les Croisés 20%MG - 250g","p":1.53,"u":"6,12 €/KG","img":"https://fd13-photos.leclercdrive.fr/image.ashx?id=2974762&use=l&cat=p&typeid=i","cat":314033},{"id":750,"n":"Camembert de Pays Les Croisés 21% mg - 250 gr","p":1.75,"u":"7,00 €/KG","img":"https://fd13-photos.leclercdrive.fr/image.ashx?id=2974795&use=l&cat=p&typeid=i","cat":314033},{"id":753,"n":"Pointe de Brie Les Croisés 32% mg - 200g","p":1.45,"u":"7,25 €/KG","img":"https://fd13-photos.leclercdrive.fr/image.ashx?id=2974771&use=l&cat=p&typeid=i","cat":314033},{"id":754,"n":"Fromage Les Croisés Coeur Crème Lait pasteurisé 33%mg - 300g","p":2.29,"u":"7,63 €/KG","img":"https://fd13-photos.leclercdrive.fr/image.ashx?id=2625068&use=l&cat=p&typeid=i","cat":314033},{"id":757,"n":"Fromage Comté Entremont 32 %mg - 350g","p":5.3,"u":"15,14 €/KG","img":"https://fd13-photos.leclercdrive.fr/image.ashx?id=2983147&use=l&cat=p&typeid=i","cat":314034},{"id":760,"n":"Emmental fromage bloc Les Croisés - 250g","p":2.24,"u":"8,96 €/KG","img":"https://fd13-photos.leclercdrive.fr/image.ashx?id=2904550&use=l&cat=p&typeid=i","cat":314034},{"id":764,"n":"Fromage Bleu Les Croisés Lait pasteurisé 31% mg - 250g","p":2.29,"u":"9,16 €/KG","img":"https://fd13-photos.leclercdrive.fr/image.ashx?id=2642100&use=l&cat=p&typeid=i","cat":314032},{"id":768,"n":"Fromage de chèvre Les Croisés Lait pasteurisé 22%mg - 180g","p":2.29,"u":"12,72 €/KG","img":"https://fd13-photos.leclercdrive.fr/image.ashx?id=2048615&use=l&cat=p&typeid=i","cat":314031},{"id":769,"n":"Fromage de Brebis Les Croisés -Tranche - 200g","p":2.22,"u":"11,10 €/KG","img":"https://fd13-photos.leclercdrive.fr/image.ashx?id=2237499&use=l&cat=p&typeid=i","cat":314031},{"id":786,"n":"Chaussée aux Moines 450g","p":4.01,"u":"8,91 €/KG","img":"https://fd13-photos.leclercdrive.fr/image.ashx?id=2771166&use=l&cat=p&typeid=i","cat":329184},{"id":787,"n":"Fromage L'Ortolan  Fromagerie Milleret - 250g","p":2.55,"u":"10,20 €/KG","img":"https://fd13-photos.leclercdrive.fr/image.ashx?id=2450913&use=l&cat=p&typeid=i","cat":314033},{"id":794,"n":"Rocamadour NRT AOP  Fromage de chèvre - 3x35g","p":2.69,"u":"25,62 €/KG","img":"https://fd13-photos.leclercdrive.fr/image.ashx?id=2954142&use=l&cat=p&typeid=i","cat":314031},{"id":795,"n":"Fromage Brique Les Croisés Lait pasteurisé 60%mg - 200g","p":1.74,"u":"8,70 €/KG","img":"https://fd13-photos.leclercdrive.fr/image.ashx?id=2615804&use=l&cat=p&typeid=i","cat":314033},{"id":796,"n":"Fromage raclette Les Croisés Tranchette lait pasteurisé 400g","p":3.89,"u":"9,73 €/KG","img":"https://fd13-photos.leclercdrive.fr/image.ashx?id=2791704&use=l&cat=p&typeid=i","cat":314037},{"id":800,"n":"Mozzarella Les Croisés - 125g","p":0.93,"u":"7,44 €/KG","img":"https://fd13-photos.leclercdrive.fr/image.ashx?id=2122682&use=l&cat=p&typeid=i","cat":314026},{"id":807,"n":"Emmental fromage rapé Les Croisés - 200g","p":1.65,"u":"8,25 €/KG","img":"https://fd13-photos.leclercdrive.fr/image.ashx?id=2791230&use=l&cat=p&typeid=i","cat":314035},{"id":808,"n":"Emmental fromage rapé Les Croisés - 100g","p":1.1,"u":"11,00 €/KG","img":"https://fd13-photos.leclercdrive.fr/image.ashx?id=2832885&use=l&cat=p&typeid=i","cat":314035},{"id":809,"n":"Râpé Parmigiano Reggiano AOP Les Croisés - 60g","p":1.1,"u":"18,33 €/KG","img":"https://fd13-photos.leclercdrive.fr/image.ashx?id=2903944&use=l&cat=p&typeid=i","cat":314035},{"id":810,"n":"Râpé Grana Padano AOP Les Croisés - 100g","p":1.5,"u":"15,00 €/KG","img":"https://fd13-photos.leclercdrive.fr/image.ashx?id=2903935&use=l&cat=p&typeid=i","cat":314035},{"id":816,"n":"Yaourts Délisse Nature - 16x125g","p":2.25,"u":"1,13 €/KG","img":"https://fd13-photos.leclercdrive.fr/image.ashx?id=2930045&use=l&cat=p&typeid=i","cat":284409},{"id":817,"n":"Yaourts Délisse Nature - 12x125g","p":1.85,"u":"1,23 €/KG","img":"https://fd13-photos.leclercdrive.fr/image.ashx?id=2922485&use=l&cat=p&typeid=i","cat":284409},{"id":818,"n":"Yaourts brassés Délisse  Nature - 8x125g","p":1.65,"u":"1,65 €/KG","img":"https://fd13-photos.leclercdrive.fr/image.ashx?id=2742611&use=l&cat=p&typeid=i","cat":284409},{"id":819,"n":"Yaourts brassés Délisse Nature - 16x125g","p":2.99,"u":"1,50 €/KG","img":"https://fd13-photos.leclercdrive.fr/image.ashx?id=3003049&use=l&cat=p&typeid=i","cat":284409},{"id":821,"n":"Yaourts sucrés Délisse Nature - 16x125g","p":2.69,"u":"1,35 €/KG","img":"https://fd13-photos.leclercdrive.fr/image.ashx?id=2591485&use=l&cat=p&typeid=i","cat":284409},{"id":822,"n":"Yaourts à la Grecque Délisse Nature - 4x150g","p":1.29,"u":"2,15 €/KG","img":"https://fd13-photos.leclercdrive.fr/image.ashx?id=2699405&use=l&cat=p&typeid=i","cat":314999},{"id":834,"n":"Yaourts La Laitière Fruits pâtissiers - 12x125g","p":4.53,"u":"3,02 €/KG","img":"https://fd13-photos.leclercdrive.fr/image.ashx?id=2578684&use=l&cat=p&typeid=i","cat":314999},{"id":839,"n":"Yaourts crémeux Délisse Panaché de fruits - 16x125g","p":4.32,"u":"2,16 €/KG","img":"https://fd13-photos.leclercdrive.fr/image.ashx?id=2799236&use=l&cat=p&typeid=i","cat":284410},{"id":841,"n":"Yaourts brassés Délisse Panaché de fruits - 16x125g","p":3.26,"u":"1,63 €/KG","img":"https://fd13-photos.leclercdrive.fr/image.ashx?id=2494211&use=l&cat=p&typeid=i","cat":284410},{"id":842,"n":"Yaourts aux fruits Délisse Panaché de fruits - 16x125g","p":3.78,"u":"1,89 €/KG","img":"https://fd13-photos.leclercdrive.fr/image.ashx?id=2609544&use=l&cat=p&typeid=i","cat":284410},{"id":843,"n":"Yaourts Crème Délisse Stracciatella - 4x125g","p":2.04,"u":"4,08 €/KG","img":"https://fd13-photos.leclercdrive.fr/image.ashx?id=2117120&use=l&cat=p&typeid=i","cat":314999},{"id":872,"n":"Actifidus Delisse Nature - 12x125g","p":2.23,"u":"1,49 €/KG","img":"https://fd13-photos.leclercdrive.fr/image.ashx?id=2452666&use=l&cat=p&typeid=i","cat":315000},{"id":879,"n":"Fromage blanc sous mousse  Gervita nature - 4x100g","p":1.88,"u":"4,70 €/KG","img":"https://fd13-photos.leclercdrive.fr/image.ashx?id=2746157&use=l&cat=p&typeid=i","cat":284409},{"id":887,"n":"Fromage frais Délisse Fruits panachés 22%mg - 12x50g","p":1.51,"u":"2,52 €/KG","img":"https://fd13-photos.leclercdrive.fr/image.ashx?id=2922491&use=l&cat=p&typeid=i","cat":284414},{"id":890,"n":"Fromage frais Délisse Nature 3,8% MG - 12x60g","p":1.64,"u":"2,28 €/KG","img":"https://fd13-photos.leclercdrive.fr/image.ashx?id=1951840&use=l&cat=p&typeid=i","cat":284409},{"id":891,"n":"Pot de Faisselle NRT 7% matière grasse 1kg","p":3.35,"u":"3,35 €/KG","img":"https://fd13-photos.leclercdrive.fr/image.ashx?id=1946904&use=l&cat=p&typeid=i","cat":284409},{"id":894,"n":"Fromage blanc Délisse Nature 0% MG - 8x100g","p":1.79,"u":"2,24 €/KG","img":"https://fd13-photos.leclercdrive.fr/image.ashx?id=2898817&use=l&cat=p&typeid=i","cat":315000},{"id":895,"n":"Fromage blanc Délisse Nature - 3,1% MG - 8x100g","p":1.79,"u":"2,24 €/KG","img":"https://fd13-photos.leclercdrive.fr/image.ashx?id=3012791&use=l&cat=p&typeid=i","cat":284409},{"id":897,"n":"Fromage blanc Délisse Nature 3.1% MG - 1kg","p":1.97,"u":"1,97 €/KG","img":"https://fd13-photos.leclercdrive.fr/image.ashx?id=3012788&use=l&cat=p&typeid=i","cat":284409},{"id":909,"n":"Crème dessert Danette Chocolat et lait - 6x70g","p":1.63,"u":"3,88 €/KG","img":"https://fd13-photos.leclercdrive.fr/image.ashx?id=1984855&use=l&cat=p&typeid=i","cat":285041},{"id":918,"n":"Crème dessert Délisse Café - 4x125g","p":0.89,"u":"1,78 €/KG","img":"https://fd13-photos.leclercdrive.fr/image.ashx?id=2441048&use=l&cat=p&typeid=i","cat":285041},{"id":919,"n":"Crème dessert Délisse Caramel - 4x125g","p":0.91,"u":"1,82 €/KG","img":"https://fd13-photos.leclercdrive.fr/image.ashx?id=2854204&use=l&cat=p&typeid=i","cat":285041},{"id":920,"n":"Crème dessert Délisse Chocolat - 4x125g","p":0.95,"u":"1,90 €/KG","img":"https://fd13-photos.leclercdrive.fr/image.ashx?id=2854207&use=l&cat=p&typeid=i","cat":285041},{"id":921,"n":"Crème dessert Délisse Vanille - 4x125g","p":0.89,"u":"1,78 €/KG","img":"https://fd13-photos.leclercdrive.fr/image.ashx?id=2854210&use=l&cat=p&typeid=i","cat":285041},{"id":923,"n":"Crème dessert Délisse Panaché - 12x125g","p":2.83,"u":"1,89 €/KG","img":"https://fd13-photos.leclercdrive.fr/image.ashx?id=2465211&use=l&cat=p&typeid=i","cat":285041},{"id":924,"n":"Petit pot de crème Délisse Chocolat - 4x100g","p":1.88,"u":"4,70 €/KG","img":"https://fd13-photos.leclercdrive.fr/image.ashx?id=2544967&use=l&cat=p&typeid=i","cat":285041},{"id":925,"n":"Petit pot de crème Délisse Vanille - 4x100g","p":1.74,"u":"4,35 €/KG","img":"https://fd13-photos.leclercdrive.fr/image.ashx?id=2556508&use=l&cat=p&typeid=i","cat":285041},{"id":931,"n":"Dessert Liégeois Délisse Café - 4x100g","p":0.99,"u":"2,48 €/KG","img":"https://fd13-photos.leclercdrive.fr/image.ashx?id=2630881&use=l&cat=p&typeid=i","cat":285042},{"id":932,"n":"Dessert Liégeois Délisse Chocolat - 4x100g","p":1.1,"u":"2,75 €/KG","img":"https://fd13-photos.leclercdrive.fr/image.ashx?id=2636233&use=l&cat=p&typeid=i","cat":285042},{"id":933,"n":"Dessert Liégeois Délisse Chocolat Café - 8x100g","p":2.19,"u":"2,74 €/KG","img":"https://fd13-photos.leclercdrive.fr/image.ashx?id=2630884&use=l&cat=p&typeid=i","cat":285042},{"id":934,"n":"Dessert Liégeois Délisse Chocolat - 12x100g","p":3.14,"u":"2,62 €/KG","img":"https://fd13-photos.leclercdrive.fr/image.ashx?id=2630878&use=l&cat=p&typeid=i","cat":285042},{"id":935,"n":"Dessert Liégeois Délisse Vanille Caramel - 8x100g","p":1.98,"u":"2,48 €/KG","img":"https://fd13-photos.leclercdrive.fr/image.ashx?id=2636236&use=l&cat=p&typeid=i","cat":285042},{"id":939,"n":"Semoule au lait Délisse Vanille - 4x115g","p":1.09,"u":"2,37 €/KG","img":"https://fd13-photos.leclercdrive.fr/image.ashx?id=2558377&use=l&cat=p&typeid=i","cat":284418},{"id":941,"n":"Mousse liégeoise Viennois  Chocolat - 8x90g","p":3.11,"u":"4,32 €/KG","img":"https://fd13-photos.leclercdrive.fr/image.ashx?id=2855043&use=l&cat=p&typeid=i","cat":284417},{"id":942,"n":"Mousse à la liégeoise Délisse Vanille - 8x80g","p":2.62,"u":"4,09 €/KG","img":"https://fd13-photos.leclercdrive.fr/image.ashx?id=3009487&use=l&cat=p&typeid=i","cat":284417},{"id":943,"n":"Mousse Délisse Chocolat noir - 4x60g","p":1.15,"u":"4,79 €/KG","img":"https://fd13-photos.leclercdrive.fr/image.ashx?id=3009493&use=l&cat=p&typeid=i","cat":284417},{"id":944,"n":"Mousse au chocolat Délisse Chocolat au lait - 4x60g","p":1.15,"u":"4,79 €/KG","img":"https://fd13-photos.leclercdrive.fr/image.ashx?id=3009496&use=l&cat=p&typeid=i","cat":284417},{"id":947,"n":"Crème de marron Délisse 4x11,5cl","p":1.55,"u":"3,37 €/L","img":"https://fd13-photos.leclercdrive.fr/image.ashx?id=3009508&use=l&cat=p&typeid=i","cat":284417},{"id":955,"n":"Ile flottante Délisse Crème anglaise - 4x100g","p":1.89,"u":"4,73 €/KG","img":"https://fd13-photos.leclercdrive.fr/image.ashx?id=2860706&use=l&cat=p&typeid=i","cat":284419},{"id":979,"n":"Beurre Mini Elle&Vire  Doux - 82% MG - 16P - 200g","p":2.88,"u":"14,40 €/KG","img":"https://fd13-photos.leclercdrive.fr/image.ashx?id=2528397&use=l&cat=p&typeid=i","cat":284379},{"id":981,"n":"Beurre Montfleuri Doux - 60% MG - 250g","p":1.93,"u":"7,72 €/KG","img":"https://fd13-photos.leclercdrive.fr/image.ashx?id=2988569&use=l&cat=p&typeid=i","cat":284379},{"id":983,"n":"Beurre Tendre Les Croisés Doux - 82% MG - 250g","p":2.59,"u":"10,36 €/KG","img":"https://fd13-photos.leclercdrive.fr/image.ashx?id=2778015&use=l&cat=p&typeid=i","cat":284379},{"id":985,"n":"Beurre de Bretagne Les Croisés Doux - 82% MG - 500g","p":4.89,"u":"9,78 €/KG","img":"https://fd13-photos.leclercdrive.fr/image.ashx?id=2943605&use=l&cat=p&typeid=i","cat":284379},{"id":986,"n":"Beurre de Baratte d'Isigny NRT AOP 82% MG - Doux - 250g","p":3.05,"u":"12,20 €/KG","img":"https://fd13-photos.leclercdrive.fr/image.ashx?id=2657274&use=l&cat=p&typeid=i","cat":284379},{"id":988,"n":"Beurre Les Croisés 80% MG  Demi-sel Extra fin - 250g","p":2.39,"u":"9,56 €/KG","img":"https://fd13-photos.leclercdrive.fr/image.ashx?id=2485062&use=l&cat=p&typeid=i","cat":284379},{"id":990,"n":"Beurre Tendre Les Croisés Doux - 82% MG - 250g","p":2.29,"u":"9,16 €/KG","img":"https://fd13-photos.leclercdrive.fr/image.ashx?id=2839887&use=l&cat=p&typeid=i","cat":284379},{"id":991,"n":"Beurre de Bretagne Les Croisés Demi-sel - 80% MG - 500g","p":4.89,"u":"9,78 €/KG","img":"https://fd13-photos.leclercdrive.fr/image.ashx?id=2943602&use=l&cat=p&typeid=i","cat":284379},{"id":1003,"n":"Crème UHT Elle & Vire Fluide Entière - 30% MG - 1L","p":5.31,"u":"5,31 €/L","img":"https://fd13-photos.leclercdrive.fr/image.ashx?id=3008554&use=l&cat=p&typeid=i","cat":284381},{"id":1004,"n":"Crème UHT Elle&Vire Semi-Ep. Si Légère - 4% MG - 3x20cl","p":2.61,"u":"4,35 €/L","img":"https://fd13-photos.leclercdrive.fr/image.ashx?id=2985282&use=l&cat=p&typeid=i","cat":284381},{"id":1006,"n":"Crème Chantilly sucrée Délisse Allégée sous pression - 250g","p":1.85,"u":"7,40 €/KG","img":"https://fd13-photos.leclercdrive.fr/image.ashx?id=3002515&use=l&cat=p&typeid=i","cat":284382},{"id":1008,"n":"Crème entière fluide Délisse 30%mg - 3x20cl","p":2.65,"u":"4,42 €/L","img":"https://fd13-photos.leclercdrive.fr/image.ashx?id=2509977&use=l&cat=p&typeid=i","cat":284381},{"id":1009,"n":"Crème légère semi-épaisse   Délisse 18%mg - 3x20cl","p":2.09,"u":"3,48 €/L","img":"https://fd13-photos.leclercdrive.fr/image.ashx?id=3002554&use=l&cat=p&typeid=i","cat":284381},{"id":1010,"n":"Crème entière d'Isigny AOP NRT 40cl","p":2.99,"u":"7,48 €/L","img":"https://fd13-photos.leclercdrive.fr/image.ashx?id=2771022&use=l&cat=p&typeid=i","cat":284381},{"id":1011,"n":"Crème fraîche légère Délisse Epaisse - 15% MG - 20cl","p":0.7,"u":"3,50 €/L","img":"https://fd13-photos.leclercdrive.fr/image.ashx?id=1974248&use=l&cat=p&typeid=i","cat":284381},{"id":1012,"n":"Crème fraîche légère Délisse Epaisse - 15% MG  - 50cl","p":1.55,"u":"3,10 €/L","img":"https://fd13-photos.leclercdrive.fr/image.ashx?id=3002539&use=l&cat=p&typeid=i","cat":284381},{"id":1013,"n":"Crème fraîche entière Délisse Epaisse - 30% MG - 20cl","p":0.84,"u":"4,20 €/L","img":"https://fd13-photos.leclercdrive.fr/image.ashx?id=2013155&use=l&cat=p&typeid=i","cat":284381},{"id":1014,"n":"Crème fraîche entière Délisse Epaisse - 30% MG- 50cl","p":1.95,"u":"3,90 €/L","img":"https://fd13-photos.leclercdrive.fr/image.ashx?id=3002524&use=l&cat=p&typeid=i","cat":284381},{"id":1019,"n":"Jambon Italien Saint Azay x6 - 100g","p":1.75,"u":"17,50 €/KG","img":"https://fd13-photos.leclercdrive.fr/image.ashx?id=2466871&use=l&cat=p&typeid=i","cat":316007},{"id":1021,"n":"Rosette de lyon Saint Azay 10 tranches - 100g","p":2.99,"u":"29,90 €/KG","img":"https://fd13-photos.leclercdrive.fr/image.ashx?id=2114415&use=l&cat=p&typeid=i","cat":316007},{"id":1022,"n":"Bacon Saint Azay x15 - 150g","p":1.79,"u":"11,93 €/KG","img":"https://fd13-photos.leclercdrive.fr/image.ashx?id=2974957&use=l&cat=p&typeid=i","cat":316007},{"id":1027,"n":"Plateau charcuteries Alsace NRT 200g","p":2.04,"u":"10,20 €/KG","img":"https://fd13-photos.leclercdrive.fr/image.ashx?id=2991479&use=l&cat=p&typeid=i","cat":316012},{"id":1028,"n":"Mini saucisse sèche Saint Azay 3x50g","p":2.59,"u":"17,27 €/KG","img":"https://fd13-photos.leclercdrive.fr/image.ashx?id=2404422&use=l&cat=p&typeid=i","cat":316006},{"id":1030,"n":"Mini Saucissons secs Saint Azay Aux noix - 75g","p":1.35,"u":"18,00 €/KG","img":"https://fd13-photos.leclercdrive.fr/image.ashx?id=2437076&use=l&cat=p&typeid=i","cat":316006},{"id":1032,"n":"Saucisse sèche Saint Azay Qualité supérieure - 300g","p":3.46,"u":"11,53 €/KG","img":"https://fd13-photos.leclercdrive.fr/image.ashx?id=2859152&use=l&cat=p&typeid=i","cat":316006},{"id":1033,"n":"Chorizo Doux Saint Azay 225g","p":1.89,"u":"8,40 €/KG","img":"https://fd13-photos.leclercdrive.fr/image.ashx?id=2293375&use=l&cat=p&typeid=i","cat":316006},{"id":1034,"n":"Chorizo Fort Saint Azay 225g","p":1.89,"u":"8,40 €/KG","img":"https://fd13-photos.leclercdrive.fr/image.ashx?id=2293378&use=l&cat=p&typeid=i","cat":316006},{"id":1039,"n":"Jambon Tranché Fin FleuryMichon à l'italienne x4 - 120g","p":2.84,"u":"23,67 €/KG","img":"https://fd13-photos.leclercdrive.fr/image.ashx?id=2889304&use=l&cat=p&typeid=i","cat":316009},{"id":1058,"n":"Jambon serrano IGP Saint Azay 6 tranches - 100g","p":1.69,"u":"16,90 €/KG","img":"https://fd13-photos.leclercdrive.fr/image.ashx?id=2850422&use=l&cat=p&typeid=i","cat":316007},{"id":1069,"n":"Saucisses de Montbéliard IGP NRT - 250g","p":3.19,"u":"12,76 €/KG","img":"https://fd13-photos.leclercdrive.fr/image.ashx?id=2991470&use=l&cat=p&typeid=i","cat":316012},{"id":1070,"n":"Saucisse de Morteau NRT IGP - 350g","p":5.41,"u":"15,46 €/KG","img":"https://fd13-photos.leclercdrive.fr/image.ashx?id=2991464&use=l&cat=p&typeid=i","cat":316012},{"id":1071,"n":"Coppa italienne Saint Azay 10 tranches 100 g","p":1.98,"u":"19,80 €/KG","img":"https://fd13-photos.leclercdrive.fr/image.ashx?id=2665844&use=l&cat=p&typeid=i","cat":316007},{"id":1081,"n":"Véritables Knacks d'Alsace NRT X4 - 260g","p":2.79,"u":"10,73 €/KG","img":"https://fd13-photos.leclercdrive.fr/image.ashx?id=2991488&use=l&cat=p&typeid=i","cat":316012},{"id":1087,"n":"Pâté en croûte St Azay 450g","p":2.65,"u":"5,89 €/KG","img":"https://fd13-photos.leclercdrive.fr/image.ashx?id=2932396&use=l&cat=p&typeid=i","cat":316003},{"id":1106,"n":"Céleri Menu Fraîcheur  Rémoulade - 300g","p":0.99,"u":"3,30 €/KG","img":"https://fd13-photos.leclercdrive.fr/image.ashx?id=2819929&use=l&cat=p&typeid=i","cat":333657},{"id":1107,"n":"Taboulé Menu Fraîcheur A l'orientale - 300g","p":0.99,"u":"3,30 €/KG","img":"https://fd13-photos.leclercdrive.fr/image.ashx?id=2816546&use=l&cat=p&typeid=i","cat":333657},{"id":1108,"n":"Taboulé Menu Fraîcheur A l'orientale - 500g","p":1.39,"u":"2,78 €/KG","img":"https://fd13-photos.leclercdrive.fr/image.ashx?id=2816549&use=l&cat=p&typeid=i","cat":333657},{"id":1109,"n":"Taboule Menu Fraîcheur Au poulet - 300g","p":1.39,"u":"4,63 €/KG","img":"https://fd13-photos.leclercdrive.fr/image.ashx?id=2901431&use=l&cat=p&typeid=i","cat":333657},{"id":1117,"n":"Manchons de poulet Côté Croc 250g","p":2.49,"u":"9,96 €/KG","img":"https://fd13-photos.leclercdrive.fr/image.ashx?id=2560467&use=l&cat=p&typeid=i","cat":333685},{"id":1119,"n":"Sandwich Côté Snack Rosette - 125g","p":0.99,"u":"7,92 €/KG","img":"https://fd13-photos.leclercdrive.fr/image.ashx?id=2794829&use=l&cat=p&typeid=i","cat":333658},{"id":1125,"n":"Cordons bleus Côté Croc Dinde - 200g","p":1.95,"u":"9,75 €/KG","img":"https://fd13-photos.leclercdrive.fr/image.ashx?id=2915113&use=l&cat=p&typeid=i","cat":333683},{"id":1126,"n":"Nuggets de poulet Côté Croc x10 - 200g","p":1.52,"u":"7,60 €/KG","img":"https://fd13-photos.leclercdrive.fr/image.ashx?id=2883312&use=l&cat=p&typeid=i","cat":333684},{"id":1127,"n":"Croque Fromage Père Dodu  x2 - 200g","p":1.88,"u":"9,40 €/KG","img":"https://fd13-photos.leclercdrive.fr/image.ashx?id=2956981&use=l&cat=p&typeid=i","cat":333683},{"id":1133,"n":"Nuggets de Poulet Père Dodu  x10 - 200g","p":2.22,"u":"11,10 €/KG","img":"https://fd13-photos.leclercdrive.fr/image.ashx?id=2956972&use=l&cat=p&typeid=i","cat":333684},{"id":1135,"n":"Pizza fraîche Turini Jambon fromage - 450g","p":2.39,"u":"5,31 €/KG","img":"https://fd13-photos.leclercdrive.fr/image.ashx?id=2709719&use=l&cat=p&typeid=i","cat":333679},{"id":1136,"n":"Pizza fraîche Turini 4 fromages - 450g","p":2.49,"u":"5,53 €/KG","img":"https://fd13-photos.leclercdrive.fr/image.ashx?id=2967639&use=l&cat=p&typeid=i","cat":333679},{"id":1137,"n":"Pizza Turini Chèvre lardons - 450g","p":2.58,"u":"5,73 €/KG","img":"https://fd13-photos.leclercdrive.fr/image.ashx?id=2727611&use=l&cat=p&typeid=i","cat":333679},{"id":1142,"n":"Ravioli Lustucru Selection  Boeuf - 300g","p":1.81,"u":"6,03 €/KG","img":"https://fd13-photos.leclercdrive.fr/image.ashx?id=2938659&use=l&cat=p&typeid=i","cat":333682},{"id":1149,"n":"Pâte à pizza Tablier Blanc 260g","p":1.05,"u":"4,04 €/KG","img":"https://fd13-photos.leclercdrive.fr/image.ashx?id=2041773&use=l&cat=p&typeid=i","cat":333681},{"id":1150,"n":"Pâte sablée Tablier Blanc 230g","p":1.09,"u":"4,74 €/KG","img":"https://fd13-photos.leclercdrive.fr/image.ashx?id=2635898&use=l&cat=p&typeid=i","cat":333681},{"id":1151,"n":"Pâte feuilletée Tablier Blanc Au beurre - 230g","p":1.15,"u":"5,00 €/KG","img":"https://fd13-photos.leclercdrive.fr/image.ashx?id=2635895&use=l&cat=p&typeid=i","cat":333681},{"id":1152,"n":"Pâte feuilletée Tablier Blanc Prête à dérouler - 230g","p":0.74,"u":"3,22 €/KG","img":"https://fd13-photos.leclercdrive.fr/image.ashx?id=2635889&use=l&cat=p&typeid=i","cat":333681},{"id":1154,"n":"Lardons de saumon fumé Ronde des Mers - 90g","p":2.27,"u":"25,22 €/KG","img":"https://fd13-photos.leclercdrive.fr/image.ashx?id=2449975&use=l&cat=p&typeid=i","cat":285188},{"id":1163,"n":"Mini blinis Ronde des Mers x16 - 135g","p":0.99,"u":"7,33 €/KG","img":"https://fd13-photos.leclercdrive.fr/image.ashx?id=2981849&use=l&cat=p&typeid=i","cat":285191},{"id":1164,"n":"Bâtonnets surimi Pêche Océan MSC - 400g","p":2.19,"u":"5,48 €/KG","img":"https://fd13-photos.leclercdrive.fr/image.ashx?id=2981840&use=l&cat=p&typeid=i","cat":285189},{"id":1165,"n":"Bâtonnets Surimi Pêche Océan MSC - x30 - 500g","p":2.74,"u":"5,48 €/KG","img":"https://fd13-photos.leclercdrive.fr/image.ashx?id=2953227&use=l&cat=p&typeid=i","cat":285189},{"id":1166,"n":"Miettes de surimi Pêche Océan MSC - 180g","p":1.64,"u":"9,11 €/KG","img":"https://fd13-photos.leclercdrive.fr/image.ashx?id=2981861&use=l&cat=p&typeid=i","cat":285189},{"id":1167,"n":"Oeufs de lompe Ronde des mers Noir - MSC - 100g","p":2.6,"u":"26,00 €/KG","img":"https://fd13-photos.leclercdrive.fr/image.ashx?id=1511089&use=l&cat=p&typeid=i","cat":285191},{"id":1169,"n":"Filets d'anchois Pêche Océan À l'huile d'olive - 105g","p":2.45,"u":"23,33 €/KG","img":"https://fd13-photos.leclercdrive.fr/image.ashx?id=1671925&use=l&cat=p&typeid=i","cat":285190},{"id":1178,"n":"Pizza Cuite sur pierre Volpone  Bolognaise - 400g","p":2.0,"u":"5,00 €/KG","img":"https://fd13-photos.leclercdrive.fr/image.ashx?id=2815208&use=l&cat=p&typeid=i","cat":284256},{"id":1179,"n":"Pizza Royale Turini Cuite au feu de bois - 440g","p":2.15,"u":"4,89 €/KG","img":"https://fd13-photos.leclercdrive.fr/image.ashx?id=2815199&use=l&cat=p&typeid=i","cat":284256},{"id":1181,"n":"Tarte aux poireaux Côté Table - 400g","p":2.55,"u":"6,38 €/KG","img":"https://fd13-photos.leclercdrive.fr/image.ashx?id=2791710&use=l&cat=p&typeid=i","cat":284257},{"id":1182,"n":"Crêpes Côté Table Jambon fromage x6 - 300g","p":1.99,"u":"6,63 €/KG","img":"https://fd13-photos.leclercdrive.fr/image.ashx?id=2932402&use=l&cat=p&typeid=i","cat":319776},{"id":1183,"n":"Crêpes Côté Table Jambon fromage x20 1kg","p":3.89,"u":"3,89 €/KG","img":"https://fd13-photos.leclercdrive.fr/image.ashx?id=2932405&use=l&cat=p&typeid=i","cat":319776},{"id":1185,"n":"Steaks hachés Charal Pur Bœuf 15% MG 10x100g - 1kg","p":15.3,"u":"15,30 €/KG","img":"https://fd13-photos.leclercdrive.fr/image.ashx?id=2659300&use=l&cat=p&typeid=i","cat":319778},{"id":1186,"n":"Haché Extra Moelleux Charal 10x100g - 1kg","p":12.71,"u":"12,71 €/KG","img":"https://fd13-photos.leclercdrive.fr/image.ashx?id=2731735&use=l&cat=p&typeid=i","cat":319778},{"id":1187,"n":"Haché à l'oignon Charal 10x100g - 1kg","p":9.2,"u":"9,20 €/KG","img":"https://fd13-photos.leclercdrive.fr/image.ashx?id=2741940&use=l&cat=p&typeid=i","cat":319778},{"id":1192,"n":"Colin d'Alaska MSC Pêche Océan À l'oseille x2 - 400g","p":3.15,"u":"7,88 €/KG","img":"https://fd13-photos.leclercdrive.fr/image.ashx?id=2930099&use=l&cat=p&typeid=i","cat":319786},{"id":1193,"n":"Pané colin d'Alaska Pêche Océan x15 bâtonnets - MSC - 450g","p":2.27,"u":"5,04 €/KG","img":"https://fd13-photos.leclercdrive.fr/image.ashx?id=2558368&use=l&cat=p&typeid=i","cat":319788},{"id":1194,"n":"Calamars Pêche Océan A la romaine 40/60 - 500g","p":4.45,"u":"8,90 €/KG","img":"https://fd13-photos.leclercdrive.fr/image.ashx?id=2216298&use=l&cat=p&typeid=i","cat":319788},{"id":1196,"n":"Coquilles Saint-Jacques Coté Table - 4x90g","p":4.79,"u":"13,31 €/KG","img":"https://fd13-photos.leclercdrive.fr/image.ashx?id=2625071&use=l&cat=p&typeid=i","cat":319775},{"id":1197,"n":"Paëlla royale Côté Table Fruits de mer poulet 1kg","p":4.07,"u":"4,07 €/KG","img":"https://fd13-photos.leclercdrive.fr/image.ashx?id=2663353&use=l&cat=p&typeid=i","cat":284254},{"id":1201,"n":"Poêlée campagnarde Côté Table 900g","p":4.64,"u":"5,16 €/KG","img":"https://fd13-photos.leclercdrive.fr/image.ashx?id=2647414&use=l&cat=p&typeid=i","cat":319823},{"id":1202,"n":"Pâtes Carbonara Côté Table 900g","p":4.18,"u":"4,64 €/KG","img":"https://fd13-photos.leclercdrive.fr/image.ashx?id=2647411&use=l&cat=p&typeid=i","cat":284254},{"id":1211,"n":"Choux fleurs Notre Jardin Fleurettes 1kg","p":1.69,"u":"1,69 €/KG","img":"https://fd13-photos.leclercdrive.fr/image.ashx?id=2873024&use=l&cat=p&typeid=i","cat":319805},{"id":1214,"n":"Haricots verts Notre jardin Très fins 1kg","p":1.82,"u":"1,82 €/KG","img":"https://fd13-photos.leclercdrive.fr/image.ashx?id=2900043&use=l&cat=p&typeid=i","cat":319805},{"id":1215,"n":"Haricots verts Notre Jardin Extra fins 1kg","p":1.85,"u":"1,85 €/KG","img":"https://fd13-photos.leclercdrive.fr/image.ashx?id=2873048&use=l&cat=p&typeid=i","cat":319805},{"id":1217,"n":"Epinards Notre Jardin Branches - 1kg","p":1.3,"u":"1,30 €/KG","img":"https://fd13-photos.leclercdrive.fr/image.ashx?id=2873069&use=l&cat=p&typeid=i","cat":319805},{"id":1218,"n":"Epinards Notre Jardin Hâchés - 1kg","p":1.34,"u":"1,34 €/KG","img":"https://fd13-photos.leclercdrive.fr/image.ashx?id=2900037&use=l&cat=p&typeid=i","cat":319805},{"id":1219,"n":"Epinards Notre Jardin Hachés A la crème fraîche - 1kg","p":1.67,"u":"1,67 €/KG","img":"https://fd13-photos.leclercdrive.fr/image.ashx?id=2916656&use=l&cat=p&typeid=i","cat":319805},{"id":1220,"n":"Carottes Notre Jardin En rondelles 1kg","p":1.09,"u":"1,09 €/KG","img":"https://fd13-photos.leclercdrive.fr/image.ashx?id=2900070&use=l&cat=p&typeid=i","cat":319805},{"id":1226,"n":"Légumes potage Notre Jardin 1kg","p":1.28,"u":"1,28 €/KG","img":"https://fd13-photos.leclercdrive.fr/image.ashx?id=2916647&use=l&cat=p&typeid=i","cat":319805},{"id":1238,"n":"Pommes rissolées Pom'lisse 1kg","p":1.56,"u":"1,56 €/KG","img":"https://fd13-photos.leclercdrive.fr/image.ashx?id=2704597&use=l&cat=p&typeid=i","cat":319792},{"id":1239,"n":"Frites allumettes Pom'lisse 1kg","p":1.85,"u":"1,85 €/KG","img":"https://fd13-photos.leclercdrive.fr/image.ashx?id=2699378&use=l&cat=p&typeid=i","cat":319791},{"id":1240,"n":"Frites Pom'lisse 2.5 kg","p":4.55,"u":"1,82 €/KG","img":"https://fd13-photos.leclercdrive.fr/image.ashx?id=2699390&use=l&cat=p&typeid=i","cat":319791},{"id":1242,"n":"Pom'Steak rustique Pom'Lisse Sachet - 1kg","p":2.29,"u":"2,29 €/KG","img":"https://fd13-photos.leclercdrive.fr/image.ashx?id=2704606&use=l&cat=p&typeid=i","cat":319791},{"id":1244,"n":"Potatoes Pom'lisse Finement épicées - 600g","p":1.16,"u":"1,93 €/KG","img":"https://fd13-photos.leclercdrive.fr/image.ashx?id=2699663&use=l&cat=p&typeid=i","cat":319791},{"id":1245,"n":"Pommes noisettes Pom'lisse 1kg","p":1.88,"u":"1,88 €/KG","img":"https://fd13-photos.leclercdrive.fr/image.ashx?id=2958314&use=l&cat=p&typeid=i","cat":319792},{"id":1246,"n":"Pommes dauphine Pom'lisse 500g","p":1.49,"u":"2,98 €/KG","img":"https://fd13-photos.leclercdrive.fr/image.ashx?id=2851571&use=l&cat=p&typeid=i","cat":319792},{"id":1248,"n":"Frites Pom'lisse 1kg","p":1.87,"u":"1,87 €/KG","img":"https://fd13-photos.leclercdrive.fr/image.ashx?id=2699651&use=l&cat=p&typeid=i","cat":319791},{"id":1251,"n":"Crème glacée Eskiss Vanille de Madagascar - 494g","p":1.65,"u":"3,34 €/KG","img":"https://fd13-photos.leclercdrive.fr/image.ashx?id=2982592&use=l&cat=p&typeid=i","cat":284263},{"id":1252,"n":"Glace Smicy Vanille fraise chocolat - 345g","p":2.41,"u":"6,99 €/KG","img":"https://fd13-photos.leclercdrive.fr/image.ashx?id=2951113&use=l&cat=p&typeid=i","cat":285250},{"id":1309,"n":"Lessive Epsil gel main express Tube 250ml","p":1.55,"u":"6,20 €/L","img":"https://fd13-photos.leclercdrive.fr/image.ashx?id=2838906&use=l&cat=p&typeid=i","cat":284643},{"id":1335,"n":"Liquide vaisselle Visior Citron - 750ml","p":1.2,"u":"1,60 €/L","img":"https://fd13-photos.leclercdrive.fr/image.ashx?id=2930849&use=l&cat=p&typeid=i","cat":284655},{"id":1336,"n":"Liquide vaisselle Visior Ultra Peaux sensibles 500ml","p":0.64,"u":"1,28 €/L","img":"https://fd13-photos.leclercdrive.fr/image.ashx?id=2951116&use=l&cat=p&typeid=i","cat":284655},{"id":1345,"n":"Gants jetables Mamison latex T8 x10","p":1.33,"img":"https://fd13-photos.leclercdrive.fr/image.ashx?id=2742691&use=l&cat=p&typeid=i","cat":284668},{"id":1358,"n":"Nettoyant Gel avec javel Clair 1L","p":1.09,"u":"1,09 €/L","img":"https://fd13-photos.leclercdrive.fr/image.ashx?id=2705062&use=l&cat=p&typeid=i","cat":284907},{"id":1359,"n":"Pastilles javel Clair x48 - 150g","p":1.65,"u":"11,00 €/KG","img":"https://fd13-photos.leclercdrive.fr/image.ashx?id=2631426&use=l&cat=p&typeid=i","cat":284661},{"id":1360,"n":"Eau de Javel Clair Parfum Eucalyptus - 2L","p":0.72,"u":"0,36 €/L","img":"https://fd13-photos.leclercdrive.fr/image.ashx?id=2949173&use=l&cat=p&typeid=i","cat":284661},{"id":1392,"n":"Blocs wc eau bleue Syphon x2 80g","p":1.12,"u":"14,00 €/KG","img":"https://fd13-photos.leclercdrive.fr/image.ashx?id=2302537&use=l&cat=p&typeid=i","cat":284662},{"id":1403,"n":"Barquettes aluminium Elembal Profondes x10 1L","p":4.3,"img":"https://fd13-photos.leclercdrive.fr/image.ashx?id=2455102&use=l&cat=p&typeid=i","cat":334134},{"id":1407,"n":"Film étirable Elembal 30m","p":1.2,"img":"https://fd13-photos.leclercdrive.fr/image.ashx?id=2431191&use=l&cat=p&typeid=i","cat":334134},{"id":1412,"n":"Sacs congélation Elembal Grand modèle x25","p":1.08,"img":"https://fd13-photos.leclercdrive.fr/image.ashx?id=2169147&use=l&cat=p&typeid=i","cat":334134},{"id":1413,"n":"Sacs congélation Elembal Petit modèle x50","p":1.1,"img":"https://fd13-photos.leclercdrive.fr/image.ashx?id=2158155&use=l&cat=p&typeid=i","cat":334134},{"id":1414,"n":"Sacs poubelle 30L Elembal à liens classiques - x25","p":1.26,"u":"0,05 €/P","img":"https://fd13-photos.leclercdrive.fr/image.ashx?id=2958699&use=l&cat=p&typeid=i","cat":285168},{"id":1415,"n":"Sacs poubelle 130L Elembal à liens classiques - x10","p":4.65,"u":"0,47 €/P","img":"https://fd13-photos.leclercdrive.fr/image.ashx?id=2791743&use=l&cat=p&typeid=i","cat":285168},{"id":1416,"n":"Sacs poubelle 100L Elembal Poignées coulissantes - x10","p":1.62,"u":"0,16 €/P","img":"https://fd13-photos.leclercdrive.fr/image.ashx?id=2791731&use=l&cat=p&typeid=i","cat":285168},{"id":1418,"n":"Sacs poubelle 50L Elembal à liens classiques - x15","p":2.19,"u":"0,15 €/P","img":"https://fd13-photos.leclercdrive.fr/image.ashx?id=2958693&use=l&cat=p&typeid=i","cat":285168},{"id":1419,"n":"Sacs poubelle Elembal 20L x20","p":1.2,"u":"0,06 €/P","img":"https://fd13-photos.leclercdrive.fr/image.ashx?id=2791728&use=l&cat=p&typeid=i","cat":285168},{"id":1421,"n":"Sacs poubelle Elembal 30L A poignées - x20","p":2.49,"u":"0,12 €/P","img":"https://fd13-photos.leclercdrive.fr/image.ashx?id=2791677&use=l&cat=p&typeid=i","cat":285168},{"id":1423,"n":"Sacs poubelle 50L Elembal Poignées coulissantes - x15","p":2.31,"u":"0,15 €/P","img":"https://fd13-photos.leclercdrive.fr/image.ashx?id=2958696&use=l&cat=p&typeid=i","cat":285168},{"id":1427,"n":"Gel douche Manava Pétales d'Orient - 250ml","p":1.15,"u":"4,60 €/L","img":"https://fd13-photos.leclercdrive.fr/image.ashx?id=2494214&use=l&cat=p&typeid=i","cat":284594},{"id":1429,"n":"Gel douche Manava Boisé - 250ml","p":1.15,"u":"4,60 €/L","img":"https://fd13-photos.leclercdrive.fr/image.ashx?id=2809653&use=l&cat=p&typeid=i","cat":284594},{"id":1433,"n":"Recharge savon mains Manava Crème perles d'oranger - 250ml","p":0.68,"u":"2,72 €/L","img":"https://fd13-photos.leclercdrive.fr/image.ashx?id=2935483&use=l&cat=p&typeid=i","cat":284597},{"id":1435,"n":"Recharge savon mains Manava Crème Amande - 250ml","p":0.57,"u":"2,28 €/L","img":"https://fd13-photos.leclercdrive.fr/image.ashx?id=2935474&use=l&cat=p&typeid=i","cat":284597},{"id":1436,"n":"Lait de douche Manava Amande douce - 250ml","p":0.94,"u":"3,76 €/L","img":"https://fd13-photos.leclercdrive.fr/image.ashx?id=2771346&use=l&cat=p&typeid=i","cat":284594},{"id":1437,"n":"Lait de douche Manava Lait de coco - 250ml","p":0.94,"u":"3,76 €/L","img":"https://fd13-photos.leclercdrive.fr/image.ashx?id=2443176&use=l&cat=p&typeid=i","cat":284594},{"id":1441,"n":"Cire Chaude au Sucre Pure Veet Vanille 98% naturelle 250ml","p":4.64,"u":"18,56 €/L","img":"https://fd13-photos.leclercdrive.fr/image.ashx?id=2960684&use=l&cat=p&typeid=i","cat":325351},{"id":1449,"n":"Déodorant Manava fraîcheur Vanille glacée spray 200ml","p":1.39,"u":"6,95 €/L","img":"https://fd13-photos.leclercdrive.fr/image.ashx?id=2656445&use=l&cat=p&typeid=i","cat":284595},{"id":1464,"n":"Rasoirs jetables Bic 1 Sensitive - x10","p":1.48,"u":"0,15 €/P","img":"https://fd13-photos.leclercdrive.fr/image.ashx?id=2218035&use=l&cat=p&typeid=i","cat":284616},{"id":1465,"n":"Rasoirs jetables Comfort 2 Bic x10","p":2.99,"u":"0,30 €/P","img":"https://fd13-photos.leclercdrive.fr/image.ashx?id=2984862&use=l&cat=p&typeid=i","cat":284616},{"id":1466,"n":"Rasoirs jetables Bic 3 lames - x8","p":3.25,"u":"0,41 €/P","img":"https://fd13-photos.leclercdrive.fr/image.ashx?id=2789014&use=l&cat=p&typeid=i","cat":284616},{"id":1473,"n":"Gel à raser Carré Homme Hydratant 200ml","p":1.69,"u":"8,45 €/L","img":"https://fd13-photos.leclercdrive.fr/image.ashx?id=2771582&use=l&cat=p&typeid=i","cat":284617},{"id":1474,"n":"Rasoirs jetables Carré Homme 2 lames - x10","p":1.5,"u":"0,15 €/P","img":"https://fd13-photos.leclercdrive.fr/image.ashx?id=2873543&use=l&cat=p&typeid=i","cat":284616},{"id":1482,"n":"Dentifrice enfant Dentamyl Fraise - 3-6 ans - 50ml","p":0.89,"u":"17,80 €/L","img":"https://fd13-photos.leclercdrive.fr/image.ashx?id=2075188&use=l&cat=p&typeid=i","cat":288898},{"id":1488,"n":"Mouchoirs blancs 4 plis Caresse Mouchoirs papier Lotion x12","p":2.28,"u":"0,19 €/P","img":"https://fd13-photos.leclercdrive.fr/image.ashx?id=2572993&use=l&cat=p&typeid=i","cat":284638},{"id":1620,"n":"Gel lavant bébé Mots d'Enfants Corps et cheveux - 250ml","p":1.49,"u":"5,96 €/L","img":"https://fd13-photos.leclercdrive.fr/image.ashx?id=3014149&use=l&cat=p&typeid=i","cat":284740},{"id":1627,"n":"Lingettes bébé Mots d'Enfants Ultra-douces - x72","p":1.75,"u":"0,02 €/P","img":"https://fd13-photos.leclercdrive.fr/image.ashx?id=2856447&use=l&cat=p&typeid=i","cat":284738},{"id":1637,"n":"Change + 2 slips maille Chorys Anatomiques - Homme/Femme - x20","p":15.94,"u":"0,80 €/P","img":"https://fd13-photos.leclercdrive.fr/image.ashx?id=2623660&use=l&cat=p&typeid=i","cat":284628},{"id":1640,"n":"Protection incontinence Chorys Rectangulaire - x24","p":4.62,"u":"0,19 €/P","img":"https://fd13-photos.leclercdrive.fr/image.ashx?id=2761980&use=l&cat=p&typeid=i","cat":284628},{"id":1654,"n":"Enveloppes adhésives Esquisse x50 11x22cm 80g","p":1.69,"u":"21,13 €/KG","img":"https://fd13-photos.leclercdrive.fr/image.ashx?id=2943181&use=l&cat=p&typeid=i","cat":284697},{"id":1655,"n":"Enveloppes adhésives Esquisse x100 11x22cm 80g","p":2.69,"img":"https://fd13-photos.leclercdrive.fr/image.ashx?id=2943184&use=l&cat=p&typeid=i","cat":284697},{"id":1657,"n":"Pochettes kraft Esquisse Adhésives 16.2x22.9cm x25","p":1.99,"img":"https://fd13-photos.leclercdrive.fr/image.ashx?id=1698655&use=l&cat=p&typeid=i","cat":284697},{"id":1665,"n":"Feuilles blanches Esquisse A4 90g - 500 feuilles","p":5.9,"img":"https://fd13-photos.leclercdrive.fr/image.ashx?id=2943193&use=l&cat=p&typeid=i","cat":284697},{"id":1687,"n":"Pile alcaline Foxter 3LR12 4,5V - x1","p":2.25,"img":"https://fd13-photos.leclercdrive.fr/image.ashx?id=2162177&use=l&cat=p&typeid=i","cat":300572},{"id":1729,"n":"Croquettes chiens Lydog poulet Petit chien - Poulet - 1kg","p":2.92,"u":"2,92 €/KG","img":"https://fd13-photos.leclercdrive.fr/image.ashx?id=2895762&use=l&cat=p&typeid=i","cat":294526},{"id":1730,"n":"Barquette chiens Lydog Au Saumon et Truite - 300g","p":1.49,"u":"4,97 €/KG","img":"https://fd13-photos.leclercdrive.fr/image.ashx?id=2042433&use=l&cat=p&typeid=i","cat":284673},{"id":1735,"n":"Croquettes chiens Tous Mes Amis Spécial Forme - 10kg","p":12.25,"u":"1,23 €/KG","img":"https://fd13-photos.leclercdrive.fr/image.ashx?id=1972608&use=l&cat=p&typeid=i","cat":284672},{"id":1751,"n":"Croquettes chat Purina One Adulte - Saumon/Céréales - 450g","p":3.08,"u":"6,84 €/KG","img":"https://fd13-photos.leclercdrive.fr/image.ashx?id=2683220&use=l&cat=p&typeid=i","cat":284680},{"id":1753,"n":"Croquettes chat Purina One Adulte - Saumon/Céréales -1.5kg","p":6.62,"u":"4,41 €/KG","img":"https://fd13-photos.leclercdrive.fr/image.ashx?id=2902268&use=l&cat=p&typeid=i","cat":284680},{"id":1754,"n":"Croquettes chat Purina One Adulte - Poulet/Céréales - 3kg","p":12.05,"u":"4,02 €/KG","img":"https://fd13-photos.leclercdrive.fr/image.ashx?id=2432007&use=l&cat=p&typeid=i","cat":284680},{"id":1762,"n":"Croquettes chat Tous mes amis Poulet légumes - 4kg","p":5.76,"u":"1,44 €/KG","img":"https://fd13-photos.leclercdrive.fr/image.ashx?id=2301406&use=l&cat=p&typeid=i","cat":284680},{"id":1764,"n":"Croquettes chat Tous mes amis Poulet dinde canard olive - 2kg","p":3.62,"u":"1,81 €/KG","img":"https://fd13-photos.leclercdrive.fr/image.ashx?id=2301400&use=l&cat=p&typeid=i","cat":284680},{"id":1765,"n":"Croquettes chat Tous mes amis Saumon & Légumes - 2kg","p":2.79,"u":"1,40 €/KG","img":"https://fd13-photos.leclercdrive.fr/image.ashx?id=2301394&use=l&cat=p&typeid=i","cat":284680},{"id":1767,"n":"Barquette chats Tous mes amis au Boeuf - 100g","p":0.61,"u":"6,10 €/KG","img":"https://fd13-photos.leclercdrive.fr/image.ashx?id=2042418&use=l&cat=p&typeid=i","cat":285286},{"id":1768,"n":"Barquette chats Tous mes amis à l'agneau - 100g","p":0.62,"u":"6,20 €/KG","img":"https://fd13-photos.leclercdrive.fr/image.ashx?id=2052760&use=l&cat=p&typeid=i","cat":285286},{"id":1769,"n":"Barquette chats Lycat au Foie et Volaille - 100g","p":0.59,"u":"5,90 €/KG","img":"https://fd13-photos.leclercdrive.fr/image.ashx?id=2042415&use=l&cat=p&typeid=i","cat":285286},{"id":1770,"n":"Barquette chats Tous mes amis au Saumon 100g","p":0.58,"u":"5,80 €/KG","img":"https://fd13-photos.leclercdrive.fr/image.ashx?id=2042412&use=l&cat=p&typeid=i","cat":285286},{"id":1771,"n":"Terrines chats Tous mes amis Délices Multi-viandes - 3x400g","p":2.97,"u":"2,48 €/KG","img":"https://fd13-photos.leclercdrive.fr/image.ashx?id=1671538&use=l&cat=p&typeid=i","cat":285601},{"id":1772,"n":"Sachet repas chat Tous mes amis Poissons en gelée - 12x100g","p":3.65,"u":"3,04 €/KG","img":"https://fd13-photos.leclercdrive.fr/image.ashx?id=2027592&use=l&cat=p&typeid=i","cat":285286},{"id":1786,"n":"Blocs WC Syphon Activ' effect Fraîcheur marine x3","p":1.22,"u":"0,41 €/P","img":"https://fd13-photos.leclercdrive.fr/image.ashx?id=2317294&use=l&cat=p&typeid=i","cat":284662},{"id":1795,"n":"Lingettes nettoyantes Clair Multi-surfaces citron x50","p":1.38,"u":"0,03 €/P","img":"https://fd13-photos.leclercdrive.fr/image.ashx?id=2835193&use=l&cat=p&typeid=i","cat":325358},{"id":1798,"n":"Eponges Multi-usages Mamison grattantes - x3","p":0.89,"u":"0,30 €/P","img":"https://fd13-photos.leclercdrive.fr/image.ashx?id=2202341&use=l&cat=p&typeid=i","cat":284667},{"id":1799,"n":"Haricots verts Notre Jardin Très fins - 3x110g","p":1.83,"u":"5,55 €/KG","img":"https://fd13-photos.leclercdrive.fr/image.ashx?id=2987994&use=l&cat=p&typeid=i","cat":312606},{"id":1800,"n":"Lingettes nettoyantes Clair Muguet x50","p":1.72,"u":"0,03 €/P","img":"https://fd13-photos.leclercdrive.fr/image.ashx?id=2835196&use=l&cat=p&typeid=i","cat":325358},{"id":1801,"n":"Boules inox Mamison x2","p":0.44,"img":"https://fd13-photos.leclercdrive.fr/image.ashx?id=555602&use=l&cat=p&typeid=i","cat":284667},{"id":1802,"n":"Insecticide Insectivor cafards Fourmis araignées 400ml","p":2.49,"u":"6,23 €/L","img":"https://fd13-photos.leclercdrive.fr/image.ashx?id=2843039&use=l&cat=p&typeid=i","cat":298368},{"id":1804,"n":"Asperges vertes miniatures  Notre Jardin - 100g","p":1.49,"u":"14,90 €/KG","img":"https://fd13-photos.leclercdrive.fr/image.ashx?id=2591515&use=l&cat=p&typeid=i","cat":312611},{"id":1806,"n":"Insecticide Insectivor guêpes Mouches moustiques - 400ml","p":2.22,"u":"5,55 €/L","img":"https://fd13-photos.leclercdrive.fr/image.ashx?id=2835008&use=l&cat=p&typeid=i","cat":298368},{"id":1810,"n":"Gel nettoyant wc Syphon 750ml","p":1.03,"u":"1,37 €/L","img":"https://fd13-photos.leclercdrive.fr/image.ashx?id=2558775&use=l&cat=p&typeid=i","cat":284662},{"id":1812,"n":"Gel nettoyant wc Syphon 750ml","p":0.66,"u":"0,88 €/L","img":"https://fd13-photos.leclercdrive.fr/image.ashx?id=2067935&use=l&cat=p&typeid=i","cat":284662},{"id":1816,"n":"Déboucheur canalisations Syphon Gel 1L","p":1.39,"u":"1,39 €/L","img":"https://fd13-photos.leclercdrive.fr/image.ashx?id=2202347&use=l&cat=p&typeid=i","cat":284908},{"id":1821,"n":"Confiture Bonne Maman Figues violettes - 370g","p":1.91,"u":"5,16 €/KG","img":"https://fd13-photos.leclercdrive.fr/image.ashx?id=2547477&use=l&cat=p&typeid=i","cat":284480},{"id":1822,"n":"Confiture Bonne Maman Myrtilles - 370g","p":3.0,"u":"8,11 €/KG","img":"https://fd13-photos.leclercdrive.fr/image.ashx?id=2132361&use=l&cat=p&typeid=i","cat":284480},{"id":1825,"n":"Confiture Bonne Maman Cerises griottes - 370g","p":2.85,"u":"7,70 €/KG","img":"https://fd13-photos.leclercdrive.fr/image.ashx?id=2474981&use=l&cat=p&typeid=i","cat":284480},{"id":1828,"n":"Confiture Bonne Maman Framboises - 370g","p":2.53,"u":"6,84 €/KG","img":"https://fd13-photos.leclercdrive.fr/image.ashx?id=2544807&use=l&cat=p&typeid=i","cat":284480},{"id":1835,"n":"Confiture Douceur du Verger Orange 340g","p":0.99,"u":"2,83 €/KG","img":"https://fd13-photos.leclercdrive.fr/image.ashx?id=2965434&use=l&cat=p&typeid=i","cat":284480},{"id":1845,"n":"Barres de céréales Frosties Kellogg's - 6x25g","p":1.89,"u":"12,60 €/KG","img":"https://fd13-photos.leclercdrive.fr/image.ashx?id=2300062&use=l&cat=p&typeid=i","cat":285869},{"id":1846,"n":"Compote Douceur du Verger Gourdes Pomme Fraise - 4x90g","p":1.39,"u":"3,86 €/KG","img":"https://fd13-photos.leclercdrive.fr/image.ashx?id=2837024&use=l&cat=p&typeid=i","cat":284508},{"id":1847,"n":"Barres céréales Fitness Nestlé Chocolat - 6x23.5g","p":2.07,"u":"14,68 €/KG","img":"https://fd13-photos.leclercdrive.fr/image.ashx?id=2947009&use=l&cat=p&typeid=i","cat":285869},{"id":1863,"n":"Soja cuisine fluide Bio Bjorg - 25cl","p":0.95,"u":"3,80 €/L","img":"https://fd13-photos.leclercdrive.fr/image.ashx?id=2970921&use=l&cat=p&typeid=i","cat":316069},{"id":1864,"n":"Chocolat Tablette d'Or Noir amandes entières 200g","p":1.84,"u":"9,20 €/KG","img":"https://fd13-photos.leclercdrive.fr/image.ashx?id=2982886&use=l&cat=p&typeid=i","cat":284956},{"id":1870,"n":"Tablette de chocolat Equador Noir 85% cacao - 100g","p":1.53,"u":"15,30 €/KG","img":"https://fd13-photos.leclercdrive.fr/image.ashx?id=2840734&use=l&cat=p&typeid=i","cat":284956},{"id":1871,"n":"Céréales mini-pack Kellogg's Multi-variétés - 215g","p":2.83,"u":"13,16 €/KG","img":"https://fd13-photos.leclercdrive.fr/image.ashx?id=3014467&use=l&cat=p&typeid=i","cat":309513},{"id":1872,"n":"Pâte à tartiner Nustikao Gressins 3x60g","p":1.8,"u":"10,00 €/KG","img":"https://fd13-photos.leclercdrive.fr/image.ashx?id=2440703&use=l&cat=p&typeid=i","cat":284488},{"id":1878,"n":"Compote Douceur du Verger Coupelle pomme pêche - 4x100g","p":1.19,"u":"2,98 €/KG","img":"https://fd13-photos.leclercdrive.fr/image.ashx?id=2663464&use=l&cat=p&typeid=i","cat":284508},{"id":1879,"n":"Compote Douceur du Verger Coupelle pomme poire - 4x100g","p":1.17,"u":"2,93 €/KG","img":"https://fd13-photos.leclercdrive.fr/image.ashx?id=2663470&use=l&cat=p&typeid=i","cat":284508},{"id":1883,"n":"Compote Douceur du Verger Gourdes Pomme Banane - 4x90g","p":1.59,"u":"4,42 €/KG","img":"https://fd13-photos.leclercdrive.fr/image.ashx?id=2837027&use=l&cat=p&typeid=i","cat":284508},{"id":1884,"n":"Compote Douceur du Verger Gourdes Pomme - 4x90g","p":0.99,"u":"2,75 €/KG","img":"https://fd13-photos.leclercdrive.fr/image.ashx?id=2837021&use=l&cat=p&typeid=i","cat":284508},{"id":1885,"n":"Haricots verts Notre Jardin Extra fins - 440g","p":2.58,"u":"5,86 €/KG","img":"https://fd13-photos.leclercdrive.fr/image.ashx?id=2050618&use=l&cat=p&typeid=i","cat":312606},{"id":1886,"n":"Petits pois Notre Jardin A l'étuvée - Extra fins - 560g","p":1.29,"u":"2,30 €/KG","img":"https://fd13-photos.leclercdrive.fr/image.ashx?id=2526267&use=l&cat=p&typeid=i","cat":312607},{"id":1887,"n":"Champignons Paris Notre Jardin Pieds et morceaux - 3x115g","p":1.99,"u":"5,77 €/KG","img":"https://fd13-photos.leclercdrive.fr/image.ashx?id=2991115&use=l&cat=p&typeid=i","cat":312610},{"id":1888,"n":"Flageolets verts Notre Jardin Extra fins - 530g","p":1.29,"u":"2,43 €/KG","img":"https://fd13-photos.leclercdrive.fr/image.ashx?id=2468819&use=l&cat=p&typeid=i","cat":312606},{"id":1889,"n":"Macédoine légumes Notre Jardin 3x130g","p":1.75,"u":"4,49 €/KG","img":"https://fd13-photos.leclercdrive.fr/image.ashx?id=2537349&use=l&cat=p&typeid=i","cat":312612},{"id":1890,"n":"Choux Bruxelles Notre Jardin 265g","p":1.29,"u":"4,87 €/KG","img":"https://fd13-photos.leclercdrive.fr/image.ashx?id=2050609&use=l&cat=p&typeid=i","cat":312612},{"id":1893,"n":"Sardines Pêche Océan Huile d'olive - 135g","p":1.25,"u":"9,26 €/KG","img":"https://fd13-photos.leclercdrive.fr/image.ashx?id=2550375&use=l&cat=p&typeid=i","cat":305146},{"id":1895,"n":"Foie de morue Connétable MSC - Fumé - 121g","p":2.06,"u":"17,02 €/KG","img":"https://fd13-photos.leclercdrive.fr/image.ashx?id=2804454&use=l&cat=p&typeid=i","cat":305147},{"id":1897,"n":"Pâté NRT Campagne porc breton - 200g","p":1.91,"u":"9,55 €/KG","img":"https://fd13-photos.leclercdrive.fr/image.ashx?id=2560494&use=l&cat=p&typeid=i","cat":305149},{"id":1898,"n":"Cassoulet Côté Table 840g","p":2.19,"u":"2,61 €/KG","img":"https://fd13-photos.leclercdrive.fr/image.ashx?id=2977096&use=l&cat=p&typeid=i","cat":284440},{"id":1901,"n":"Taboulé Côté Table Etui 730g","p":1.87,"u":"2,56 €/KG","img":"https://fd13-photos.leclercdrive.fr/image.ashx?id=2977093&use=l&cat=p&typeid=i","cat":325094},{"id":1902,"n":"Chips à l'ancienne Pom'Lisse Nature - 150g","p":1.04,"u":"6,93 €/KG","img":"https://fd13-photos.leclercdrive.fr/image.ashx?id=2724829&use=l&cat=p&typeid=i","cat":284447},{"id":1903,"n":"Saucisses cocktail Tokapi  240g","p":1.95,"u":"8,13 €/KG","img":"https://fd13-photos.leclercdrive.fr/image.ashx?id=2943614&use=l&cat=p&typeid=i","cat":284450},{"id":1906,"n":"Huile de tournesol Lesieur  1L","p":2.68,"u":"2,68 €/L","img":"https://fd13-photos.leclercdrive.fr/image.ashx?id=2916839&use=l&cat=p&typeid=i","cat":284453},{"id":1907,"n":"Vinaigre de Xérès AOP Maille 50cl","p":2.8,"u":"5,60 €/L","img":"https://fd13-photos.leclercdrive.fr/image.ashx?id=2769624&use=l&cat=p&typeid=i","cat":298543},{"id":1909,"n":"Olives vertes Rustica Entières - 200g","p":1.24,"u":"6,20 €/KG","img":"https://fd13-photos.leclercdrive.fr/image.ashx?id=2499073&use=l&cat=p&typeid=i","cat":284458},{"id":1913,"n":"Pâtes Barilla Coquillettes - 500g","p":1.03,"u":"2,06 €/KG","img":"https://fd13-photos.leclercdrive.fr/image.ashx?id=2392218&use=l&cat=p&typeid=i","cat":284427},{"id":1925,"n":"Petits beurre P'tit Déli x24 - 200g","p":0.95,"u":"4,75 €/KG","img":"https://fd13-photos.leclercdrive.fr/image.ashx?id=1898886&use=l&cat=p&typeid=i","cat":284487},{"id":1935,"n":"Café Soluble Nescafé Sélection - 200g","p":4.27,"u":"21,35 €/KG","img":"https://fd13-photos.leclercdrive.fr/image.ashx?id=2968847&use=l&cat=p&typeid=i","cat":284843},{"id":1939,"n":"Infusion Tiséa verveine menthe x25","p":0.92,"u":"23,00 €/KG","img":"https://fd13-photos.leclercdrive.fr/image.ashx?id=2441102&use=l&cat=p&typeid=i","cat":293234},{"id":1942,"n":"Chocolat en poudre Nesquik Boîte 1kg","p":6.54,"u":"6,54 €/KG","img":"https://fd13-photos.leclercdrive.fr/image.ashx?id=2493805&use=l&cat=p&typeid=i","cat":293235},{"id":1943,"n":"Confiture Bonne Maman Fraises - 750g","p":3.51,"u":"4,68 €/KG","img":"https://fd13-photos.leclercdrive.fr/image.ashx?id=2906073&use=l&cat=p&typeid=i","cat":284480},{"id":1953,"n":"Sucre n°4 Saint Louis Morceaux - 1kg","p":1.95,"u":"1,95 €/KG","img":"https://fd13-photos.leclercdrive.fr/image.ashx?id=2624236&use=l&cat=p&typeid=i","cat":284502},{"id":1955,"n":"Farine de blé T45 Tablier Blanc 1kg","p":0.69,"u":"0,69 €/KG","img":"https://fd13-photos.leclercdrive.fr/image.ashx?id=2832622&use=l&cat=p&typeid=i","cat":284503},{"id":1956,"n":"Compote Douceur du Verger Coupelle pomme banane - 4x100g","p":1.3,"u":"3,25 €/KG","img":"https://fd13-photos.leclercdrive.fr/image.ashx?id=2663461&use=l&cat=p&typeid=i","cat":284508},{"id":1962,"n":"Tablette de Chocolat Blanc Galak - 2x100g","p":3.0,"u":"15,00 €/KG","img":"https://fd13-photos.leclercdrive.fr/image.ashx?id=2769618&use=l&cat=p&typeid=i","cat":284957},{"id":1975,"n":"Sirop Frucci Menthe - 75cl","p":1.85,"u":"2,47 €/L","img":"https://fd13-photos.leclercdrive.fr/image.ashx?id=2842208&use=l&cat=p&typeid=i","cat":295020},{"id":1980,"n":"Pur Jus d'ananas Jafaden Brique élopack 1L","p":2.09,"u":"2,09 €/L","img":"https://fd13-photos.leclercdrive.fr/image.ashx?id=2955683&use=l&cat=p&typeid=i","cat":284916},{"id":1984,"n":"Thé glacé Fresh Tea Pêche - 2L","p":1.64,"u":"0,82 €/L","img":"https://fd13-photos.leclercdrive.fr/image.ashx?id=2715281&use=l&cat=p&typeid=i","cat":295019},{"id":1990,"n":"Scotch Whisky Label 5 40%vol - 70cl","p":12.57,"u":"17,96 €/L","img":"https://fd13-photos.leclercdrive.fr/image.ashx?id=2639468&use=l&cat=p&typeid=i","cat":284547},{"id":1994,"n":"Whisky J&B Rare 40%vol - 70cl","p":15.58,"u":"22,26 €/L","img":"https://fd13-photos.leclercdrive.fr/image.ashx?id=2301028&use=l&cat=p&typeid=i","cat":284547},{"id":1995,"n":"Whisky Ballantine's Finest Blended Scotch 40% vol - 70cl","p":15.4,"pp":14.4,"u":"20,57 €/L","img":"https://fd13-photos.leclercdrive.fr/image.ashx?id=2981298&use=l&cat=p&typeid=i","cat":284547},{"id":1998,"n":"Whiskey Irlandais Jameson  40% vol - 70cl","p":21.08,"u":"30,11 €/L","img":"https://fd13-photos.leclercdrive.fr/image.ashx?id=2866025&use=l&cat=p&typeid=i","cat":284547},{"id":2001,"n":"Pastis Ricard Anisé 45% vol - 1L","p":19.81,"u":"19,81 €/L","img":"https://fd13-photos.leclercdrive.fr/image.ashx?id=2947820&use=l&cat=p&typeid=i","cat":284548},{"id":2002,"n":"Pastis de Marseille Vivalis 45%vol - 1L","p":17.02,"u":"17,02 €/L","img":"https://fd13-photos.leclercdrive.fr/image.ashx?id=2699639&use=l&cat=p&typeid=i","cat":284548},{"id":2003,"n":"Vodka premium Eristoff Original 37,5° - 70cl","p":12.78,"u":"18,26 €/L","img":"https://fd13-photos.leclercdrive.fr/image.ashx?id=2850734&use=l&cat=p&typeid=i","cat":284550},{"id":2005,"n":"Vodka Smirnoff 37.5%vol - 70cl","p":13.95,"u":"19,93 €/L","img":"https://fd13-photos.leclercdrive.fr/image.ashx?id=1897294&use=l&cat=p&typeid=i","cat":284550},{"id":2006,"n":"Vodka Novotna  Pure grain 37.5%vol - 70cl","p":10.59,"u":"15,13 €/L","img":"https://fd13-photos.leclercdrive.fr/image.ashx?id=1654441&use=l&cat=p&typeid=i","cat":284550},{"id":2007,"n":"Rhum blanc Bacardi Carta Blanca 37,5° - 70cl","p":16.15,"u":"23,07 €/L","img":"https://fd13-photos.leclercdrive.fr/image.ashx?id=2833933&use=l&cat=p&typeid=i","cat":284550},{"id":2010,"n":"Rhum blanc Old Nick  40%vol - 70cl","p":10.06,"u":"14,37 €/L","img":"https://fd13-photos.leclercdrive.fr/image.ashx?id=2483747&use=l&cat=p&typeid=i","cat":284550},{"id":2012,"n":"Rhum ambré Negrita 40%vol - 1L","p":12.28,"u":"12,28 €/L","img":"https://fd13-photos.leclercdrive.fr/image.ashx?id=2519633&use=l&cat=p&typeid=i","cat":284550},{"id":2014,"n":"Cognac Hennessy v.s 40%vol 70cl","p":40.49,"u":"57,84 €/L","img":"https://fd13-photos.leclercdrive.fr/image.ashx?id=2732449&use=l&cat=p&typeid=i","cat":286032},{"id":2015,"n":"Liqueur The Original Baileys Irish Cream 17%vol - 70cl","p":12.24,"u":"17,49 €/L","img":"https://fd13-photos.leclercdrive.fr/image.ashx?id=2536059&use=l&cat=p&typeid=i","cat":286032},{"id":2019,"n":"Sucre de canne Lagoa 70cl","p":1.65,"u":"2,36 €/L","img":"https://fd13-photos.leclercdrive.fr/image.ashx?id=2966475&use=l&cat=p&typeid=i","cat":284551},{"id":2021,"n":"Apéritif Suze L'Originale 15% vol - 1L","p":7.8,"u":"7,80 €/L","img":"https://fd13-photos.leclercdrive.fr/image.ashx?id=2914462&use=l&cat=p&typeid=i","cat":284913},{"id":2025,"n":"Muscat de Rivesaltes G. d'Arria 15.5%vol - 75cl","p":4.99,"u":"6,65 €/L","img":"https://fd13-photos.leclercdrive.fr/image.ashx?id=2974744&use=l&cat=p&typeid=i","cat":284913},{"id":2028,"n":"AOP Bordeaux rouge Baron de Lestac - 75cl","p":4.0,"u":"5,33 €/L","img":"https://fd13-photos.leclercdrive.fr/image.ashx?id=2471148&use=l&cat=p&typeid=i","cat":289556},{"id":2029,"n":"AOP Bordeaux rouge Malesan - 75 cl","p":4.55,"u":"6,07 €/L","img":"https://fd13-photos.leclercdrive.fr/image.ashx?id=2917432&use=l&cat=p&typeid=i","cat":289556},{"id":2049,"n":"IGP Pays d'Oc Gris vin rosé Rives & Terrasses - 75cl -12,5%","p":2.89,"u":"3,85 €/L","img":"https://fd13-photos.leclercdrive.fr/image.ashx?id=2920918&use=l&cat=p&typeid=i","cat":289558},{"id":2058,"n":"IGP Pays d'Oc Sauvignon Blanc Vieux Carion 12% vol -75 cl","p":2.25,"u":"3,00 €/L","img":"https://fd13-photos.leclercdrive.fr/image.ashx?id=2879937&use=l&cat=p&typeid=i","cat":289557},{"id":2072,"n":"AOP Champagne Mumm Cordon Rouge Brut 12% vol - 75cl","p":28.9,"pp":27.9,"u":"37,20 €/L","img":"https://fd13-photos.leclercdrive.fr/image.ashx?id=3011005&use=l&cat=p&typeid=i","cat":284542},{"id":2073,"n":"AOC Champagne brut rosé Pol Carson - 75cl","p":19.95,"u":"26,60 €/L","img":"https://fd13-photos.leclercdrive.fr/image.ashx?id=2909876&use=l&cat=p&typeid=i","cat":284542},{"id":2074,"n":"AOP Champagne demi-sec blanc Pol Carson - 75cl","p":17.99,"u":"23,99 €/L","img":"https://fd13-photos.leclercdrive.fr/image.ashx?id=2909846&use=l&cat=p&typeid=i","cat":284542},{"id":2075,"n":"AOP Champagne brut Pol Carson - 75cl","p":17.99,"u":"23,99 €/L","img":"https://fd13-photos.leclercdrive.fr/image.ashx?id=2909843&use=l&cat=p&typeid=i","cat":284542},{"id":2079,"n":"Cidre bouché Les Goelleries Breton doux 2%vol. - 75cl","p":2.12,"u":"2,83 €/L","img":"https://fd13-photos.leclercdrive.fr/image.ashx?id=2842190&use=l&cat=p&typeid=i","cat":334880},{"id":2082,"n":"AOP Crémant d'Alsace brut Rebmann - 75 cl","p":5.95,"u":"7,93 €/L","img":"https://fd13-photos.leclercdrive.fr/image.ashx?id=2888935&use=l&cat=p&typeid=i","cat":284545},{"id":2087,"n":"Jus de pomme pétillant Champomy L'Original Pomme - 75cl","p":2.65,"u":"3,53 €/L","img":"https://fd13-photos.leclercdrive.fr/image.ashx?id=2688683&use=l&cat=p&typeid=i","cat":289460},{"id":2090,"n":"Emmental fromage bloc Les Croisés - 500g","p":4.19,"u":"8,38 €/KG","img":"https://fd13-photos.leclercdrive.fr/image.ashx?id=2897775&use=l&cat=p&typeid=i","cat":314034},{"id":2092,"n":"Bûche de chèvre Saint-Maure LEs Croisés 25% MG - 200g","p":2.06,"u":"10,30 €/KG","img":"https://fd13-photos.leclercdrive.fr/image.ashx?id=2894719&use=l&cat=p&typeid=i","cat":314031},{"id":2095,"n":"Emmental Fromage râpé Les Croisés - 3x70g","p":1.89,"u":"9,00 €/KG","img":"https://fd13-photos.leclercdrive.fr/image.ashx?id=2919595&use=l&cat=p&typeid=i","cat":314035},{"id":2104,"n":"Mousse à la liégeoise Délisse Chocolat - 8x80g","p":2.35,"u":"3,67 €/KG","img":"https://fd13-photos.leclercdrive.fr/image.ashx?id=3009490&use=l&cat=p&typeid=i","cat":284417},{"id":2111,"n":"Beurre Extra fin Les Croisés Doux - 82% MG - 250g","p":2.35,"u":"9,40 €/KG","img":"https://fd13-photos.leclercdrive.fr/image.ashx?id=2791218&use=l&cat=p&typeid=i","cat":284379},{"id":2112,"n":"Sauce Béchamel Bridélice 3x20cl","p":3.08,"u":"5,13 €/L","img":"https://fd13-photos.leclercdrive.fr/image.ashx?id=2888458&use=l&cat=p&typeid=i","cat":284382},{"id":2121,"n":"Carottes râpées Menu Fraîcheur  Assaisonnées - 300g","p":0.69,"u":"2,30 €/KG","img":"https://fd13-photos.leclercdrive.fr/image.ashx?id=2816552&use=l&cat=p&typeid=i","cat":333657},{"id":2125,"n":"Tagliatelle fraîche Turini 350g","p":1.19,"u":"3,40 €/KG","img":"https://fd13-photos.leclercdrive.fr/image.ashx?id=2846514&use=l&cat=p&typeid=i","cat":333682},{"id":2126,"n":"Pâte brisée Tablier Blanc Prête à dérouler - 230g","p":0.65,"u":"2,83 €/KG","img":"https://fd13-photos.leclercdrive.fr/image.ashx?id=2635886&use=l&cat=p&typeid=i","cat":333681},{"id":2130,"n":"Filets d'anchois Pêche Océan Huile d'olive - 50g","p":1.36,"u":"27,20 €/KG","img":"https://fd13-photos.leclercdrive.fr/image.ashx?id=2992498&use=l&cat=p&typeid=i","cat":285190},{"id":2141,"n":"Crème nettoyante Clair 3en1 - 750ml","p":1.15,"u":"1,53 €/L","img":"https://fd13-photos.leclercdrive.fr/image.ashx?id=2868310&use=l&cat=p&typeid=i","cat":325357},{"id":2175,"n":"Sucre cristal Saint Louis Sachet 1 kg","p":2.13,"u":"2,13 €/KG","img":"https://fd13-photos.leclercdrive.fr/image.ashx?id=2624245&use=l&cat=p&typeid=i","cat":284502},{"id":2179,"n":"Barres céréales Special K  Kellogg's Chocolat - 6x21,5g","p":2.1,"u":"16,28 €/KG","img":"https://fd13-photos.leclercdrive.fr/image.ashx?id=3011113&use=l&cat=p&typeid=i","cat":285869},{"id":2187,"n":"Mascarpone Les Croisés - 250g","p":1.78,"u":"7,12 €/KG","img":"https://fd13-photos.leclercdrive.fr/image.ashx?id=2123620&use=l&cat=p&typeid=i","cat":314026},{"id":2192,"n":"Papier aluminium Elembal 50m","p":4.4,"img":"https://fd13-photos.leclercdrive.fr/image.ashx?id=2940899&use=l&cat=p&typeid=i","cat":334134},{"id":2194,"n":"Sacs congélation Elembal Moyen modèle x50","p":1.08,"img":"https://fd13-photos.leclercdrive.fr/image.ashx?id=2257205&use=l&cat=p&typeid=i","cat":334134},{"id":2200,"n":"Muffins nature Epi d'Or x4 - 250g","p":1.51,"u":"6,04 €/KG","img":"https://fd13-photos.leclercdrive.fr/image.ashx?id=2939052&use=l&cat=p&typeid=i","cat":284985},{"id":2201,"n":"Pastis 51 Anisé 45% vol - 1L","p":19.67,"u":"19,67 €/L","img":"https://fd13-photos.leclercdrive.fr/image.ashx?id=2998916&use=l&cat=p&typeid=i","cat":284548},{"id":2237,"n":"Arôme Fleur d'oranger Vahiné 200ml","p":1.44,"u":"7,20 €/L","img":"https://fd13-photos.leclercdrive.fr/image.ashx?id=2983231&use=l&cat=p&typeid=i","cat":284504},{"id":2238,"n":"Arôme vanille Vahiné 200ml","p":2.84,"u":"14,20 €/L","img":"https://fd13-photos.leclercdrive.fr/image.ashx?id=2490551&use=l&cat=p&typeid=i","cat":284504},{"id":2239,"n":"Gélatine alimentaire Vahiné 9 feuilles - 17g","p":1.31,"u":"77,06 €/KG","img":"https://fd13-photos.leclercdrive.fr/image.ashx?id=2876305&use=l&cat=p&typeid=i","cat":284504},{"id":2277,"n":"Gel lubrifiant Intimy Classic - 70ml","p":4.05,"u":"57,86 €/L","img":"https://fd13-photos.leclercdrive.fr/image.ashx?id=2927330&use=l&cat=p&typeid=i","cat":285160},{"id":2317,"n":"Mousse Coiffante Franck Provost Cheveux Bouclés - 200ml","p":4.29,"u":"21,45 €/L","img":"https://fd13-photos.leclercdrive.fr/image.ashx?id=2575606&use=l&cat=p&typeid=i","cat":284609},{"id":2440,"n":"Eponges Spontex végétales Tradition n°4 x2","p":2.21,"img":"https://fd13-photos.leclercdrive.fr/image.ashx?id=2673079&use=l&cat=p&typeid=i","cat":284667},{"id":2441,"n":"Préservatifs Durex Love Faciles et rapides à poser x6","p":2.19,"u":"0,37 €/P","img":"https://fd13-photos.leclercdrive.fr/image.ashx?id=2963895&use=l&cat=p&typeid=i","cat":284631},{"id":2484,"n":"Dentifrice Signal Haleine Pure 75ml","p":1.32,"u":"17,60 €/L","img":"https://fd13-photos.leclercdrive.fr/image.ashx?id=1984459&use=l&cat=p&typeid=i","cat":284612},{"id":2505,"n":"Crème au chocolat GERLINEA   Repas minceur - 3x210g","p":4.45,"u":"7,06 €/KG","img":"https://fd13-photos.leclercdrive.fr/image.ashx?id=2653450&use=l&cat=p&typeid=i","cat":318652},{"id":2506,"n":"Coupelle crème Gerlinea Vanille caramel -  3x210g","p":4.29,"u":"6,81 €/KG","img":"https://fd13-photos.leclercdrive.fr/image.ashx?id=2653453&use=l&cat=p&typeid=i","cat":318652},{"id":2509,"n":"Biscuit sésame GERBLE   - 5x4, 230g","p":1.43,"u":"6,22 €/KG","img":"https://fd13-photos.leclercdrive.fr/image.ashx?id=2946940&use=l&cat=p&typeid=i","cat":318651},{"id":2510,"n":"Biscuits soja figue GERBLE   - 4x4, 270g","p":2.01,"u":"7,44 €/KG","img":"https://fd13-photos.leclercdrive.fr/image.ashx?id=2812720&use=l&cat=p&typeid=i","cat":318651},{"id":2511,"n":"Biscuits diététiques Gerblé Soja Orange - 280g","p":1.48,"u":"5,29 €/KG","img":"https://fd13-photos.leclercdrive.fr/image.ashx?id=2623166&use=l&cat=p&typeid=i","cat":318651},{"id":2523,"n":"Amandes effilées Couleurs Vives 125g","p":1.99,"u":"15,92 €/KG","img":"https://fd13-photos.leclercdrive.fr/image.ashx?id=2211194&use=l&cat=p&typeid=i","cat":284504},{"id":2524,"n":"Amandes Couleurs Vives En poudre - 125g","p":1.97,"u":"15,76 €/KG","img":"https://fd13-photos.leclercdrive.fr/image.ashx?id=2896871&use=l&cat=p&typeid=i","cat":284504},{"id":2530,"n":"Salade Notre Jardin Mâche - 125g","p":0.95,"u":"7,60 €/KG","img":"https://fd13-photos.leclercdrive.fr/image.ashx?id=2655598&use=l&cat=p&typeid=i","cat":284353},{"id":2531,"n":"Salade Notre Jardin Coeurs de laitue - 200g","p":0.99,"u":"4,95 €/KG","img":"https://fd13-photos.leclercdrive.fr/image.ashx?id=2720139&use=l&cat=p&typeid=i","cat":284353},{"id":2532,"n":"Laitue Iceberg Notre Jardin 300g","p":0.91,"u":"3,03 €/KG","img":"https://fd13-photos.leclercdrive.fr/image.ashx?id=2720151&use=l&cat=p&typeid=i","cat":284353},{"id":2588,"n":"Eau minérale Thonon 6x1.5L","p":2.74,"u":"0,30 €/L","img":"https://fd13-photos.leclercdrive.fr/image.ashx?id=2915557&use=l&cat=p&typeid=i","cat":284535},{"id":2593,"n":"Eau minérale naturelle Contrex 6x50cl","p":2.16,"u":"0,72 €/L","img":"https://fd13-photos.leclercdrive.fr/image.ashx?id=2731714&use=l&cat=p&typeid=i","cat":284535},{"id":2612,"n":"Lait demi-écrémé UHT Délisse  Brique - 6x1L","p":5.94,"u":"0,99 €/L","img":"https://fd13-photos.leclercdrive.fr/image.ashx?id=2970539&use=l&cat=p&typeid=i","cat":284377},{"id":2613,"n":"Lait demi-écrémé UHT Délisse Bouteille - 6x1L","p":6.3,"u":"1,05 €/L","img":"https://fd13-photos.leclercdrive.fr/image.ashx?id=2970533&use=l&cat=p&typeid=i","cat":284377},{"id":2614,"n":"Lait demi-écrémé Délisse UHT Bouteille -  6x50cl","p":4.74,"u":"1,58 €/L","img":"https://fd13-photos.leclercdrive.fr/image.ashx?id=2970560&use=l&cat=p&typeid=i","cat":284377},{"id":2616,"n":"Lait entier Délisse UHT - Brique : 6x1L","p":6.48,"u":"1,08 €/L","img":"https://fd13-photos.leclercdrive.fr/image.ashx?id=2970548&use=l&cat=p&typeid=i","cat":285610},{"id":2618,"n":"Lait chèvre demi-écrémé Lactel UHT Bouteille - 6x1L","p":15.06,"u":"2,51 €/L","img":"https://fd13-photos.leclercdrive.fr/image.ashx?id=2873961&use=l&cat=p&typeid=i","cat":295251},{"id":2638,"n":"Eau minérale Courmayeur 6x1.5L","p":2.58,"u":"0,29 €/L","img":"https://fd13-photos.leclercdrive.fr/image.ashx?id=2964105&use=l&cat=p&typeid=i","cat":284535},{"id":2649,"n":"Eau de source de Montagne 6x1.5L","p":1.68,"u":"0,19 €/L","img":"https://fd13-photos.leclercdrive.fr/image.ashx?id=2590430&use=l&cat=p&typeid=i","cat":284535},{"id":2650,"n":"Whisky William Lawson's Finest Blend 40° - 100cl","p":18.18,"u":"18,18 €/L","img":"https://fd13-photos.leclercdrive.fr/image.ashx?id=2966134&use=l&cat=p&typeid=i","cat":284547},{"id":2652,"n":"Apéritif à base de vin Martini Rosso 14,4° - 1L","p":8.11,"u":"8,11 €/L","img":"https://fd13-photos.leclercdrive.fr/image.ashx?id=2842531&use=l&cat=p&typeid=i","cat":284913},{"id":2722,"n":"Yaourts aromatisés Délisse Vanille - 8x125g","p":2.58,"u":"2,58 €/KG","img":"https://fd13-photos.leclercdrive.fr/image.ashx?id=2816121&use=l&cat=p&typeid=i","cat":286006},{"id":2729,"n":"Pistaches grillées à sec Tokapi 300g","p":3.86,"u":"12,87 €/KG","img":"https://fd13-photos.leclercdrive.fr/image.ashx?id=2795541&use=l&cat=p&typeid=i","cat":284448},{"id":2737,"n":"Eau minérale Des Alpes  6x1.5L","p":2.1,"u":"0,23 €/L","img":"https://fd13-photos.leclercdrive.fr/image.ashx?id=2768667&use=l&cat=p&typeid=i","cat":284535},{"id":2742,"n":"Eau gazeuse San Pellegrino Minérale naturelle - 6x1L","p":3.77,"u":"0,63 €/L","img":"https://fd13-photos.leclercdrive.fr/image.ashx?id=2740316&use=l&cat=p&typeid=i","cat":284536},{"id":2749,"n":"Lait entier Délisse UHT - Bouteille : 6x1L","p":7.74,"u":"1,29 €/L","img":"https://fd13-photos.leclercdrive.fr/image.ashx?id=2970569&use=l&cat=p&typeid=i","cat":285610},{"id":2750,"n":"Lait écrémé Délisse UHT - Bouteille : 6x1L","p":5.94,"u":"0,99 €/L","img":"https://fd13-photos.leclercdrive.fr/image.ashx?id=2970578&use=l&cat=p&typeid=i","cat":284949},{"id":2757,"n":"Lait Bio demi-écrémé Lactel  UHT Bouteille - 6x1l","p":9.43,"u":"1,57 €/L","img":"https://fd13-photos.leclercdrive.fr/image.ashx?id=2886918&use=l&cat=p&typeid=i","cat":284377},{"id":2758,"n":"Lait Matin Léger de Lactel Sans lactose 1.2% mg - 6x50cl","p":6.96,"u":"2,32 €/L","img":"https://fd13-photos.leclercdrive.fr/image.ashx?id=2883564&use=l&cat=p&typeid=i","cat":317169},{"id":2759,"n":"Lait Matin Léger de Lactel Sans lactose 1.2% mg - 6x1L","p":10.44,"u":"1,74 €/L","img":"https://fd13-photos.leclercdrive.fr/image.ashx?id=2883125&use=l&cat=p&typeid=i","cat":317169},{"id":2779,"n":"Whisky William Lawson's Finest Blend 40° - 70cl","p":13.57,"u":"19,39 €/L","img":"https://fd13-photos.leclercdrive.fr/image.ashx?id=2848340&use=l&cat=p&typeid=i","cat":284547},{"id":2799,"n":"Fromage frais Délisse Fruits panachés - 24x50g","p":2.88,"u":"2,40 €/KG","img":"https://fd13-photos.leclercdrive.fr/image.ashx?id=2922494&use=l&cat=p&typeid=i","cat":284414},{"id":2803,"n":"Baguette de pain 250g","p":0.28,"u":"1,12 €/KG","img":"https://fd13-photos.leclercdrive.fr/image.ashx?id=2062873&use=l&cat=p&typeid=i","cat":284359},{"id":2813,"n":"Pizza Chèvre Turini Cuite au feu de bois - 420g","p":2.21,"u":"5,26 €/KG","img":"https://fd13-photos.leclercdrive.fr/image.ashx?id=2815214&use=l&cat=p&typeid=i","cat":284256},{"id":2835,"n":"Carotte  2kg","p":2.49,"u":"1,25 €/KG","img":"https://fd13-photos.leclercdrive.fr/image.ashx?id=1631892&use=l&cat=p&typeid=i","cat":284352},{"id":2845,"n":"Glace Cône Nestlé Extrême Rhum raisins x6 - 426g","p":3.65,"u":"8,57 €/KG","img":"https://fd13-photos.leclercdrive.fr/image.ashx?id=2729848&use=l&cat=p&typeid=i","cat":284264},{"id":2872,"n":"Poireau Botte 1kg","p":1.59,"u":"1,59 €/KG","img":"https://fd13-photos.leclercdrive.fr/image.ashx?id=1633169&use=l&cat=p&typeid=i","cat":284352},{"id":2873,"n":"Mélange de poivrons doux  500g","p":2.69,"u":"5,38 €/KG","img":"https://fd13-photos.leclercdrive.fr/image.ashx?id=1633178&use=l&cat=p&typeid=i","cat":284352},{"id":2905,"n":"Steak haché Charal 5%mg - 400g","p":9.08,"u":"22,70 €/KG","img":"https://fd13-photos.leclercdrive.fr/image.ashx?id=1889171&use=l&cat=p&typeid=i","cat":284332},{"id":2929,"n":"Biscuits raisins GERBLE   - 4x4, 270g","p":1.72,"u":"6,37 €/KG","img":"https://fd13-photos.leclercdrive.fr/image.ashx?id=2662298&use=l&cat=p&typeid=i","cat":318651},{"id":2930,"n":"Biscuits pomme noisette GERBLE   4x4 - 230g","p":1.5,"u":"6,52 €/KG","img":"https://fd13-photos.leclercdrive.fr/image.ashx?id=2967753&use=l&cat=p&typeid=i","cat":318651},{"id":2932,"n":"Biscuit miel sésame GERBLE  - 6x3,  162g","p":2.35,"u":"14,51 €/KG","img":"https://fd13-photos.leclercdrive.fr/image.ashx?id=2662277&use=l&cat=p&typeid=i","cat":318651},{"id":2934,"n":"Barres Amande GERBLE   - 6 sachets 150g","p":2.5,"u":"16,67 €/KG","img":"https://fd13-photos.leclercdrive.fr/image.ashx?id=2664088&use=l&cat=p&typeid=i","cat":318652},{"id":2935,"n":"Biscuits écorce confite GERBLE   - 4x5,  360g","p":1.57,"u":"4,36 €/KG","img":"https://fd13-photos.leclercdrive.fr/image.ashx?id=2662907&use=l&cat=p&typeid=i","cat":318651},{"id":2937,"n":"Biscuits goûter chocolat GERBLE  - 3x4,  250g","p":1.62,"u":"6,48 €/KG","img":"https://fd13-photos.leclercdrive.fr/image.ashx?id=2625181&use=l&cat=p&typeid=i","cat":318651},{"id":2938,"n":"Biscuits germe de blé GERBLE   - 5x5, 210g","p":1.28,"u":"6,10 €/KG","img":"https://fd13-photos.leclercdrive.fr/image.ashx?id=2573540&use=l&cat=p&typeid=i","cat":318651},{"id":2939,"n":"Galette bio Céréal Bio  Sarrasin Emmental x2 - 200g","p":2.14,"u":"10,70 €/KG","img":"https://fd13-photos.leclercdrive.fr/image.ashx?id=2590589&use=l&cat=p&typeid=i","cat":284953},{"id":2950,"n":"Biscuits lait chocolat GERBLE   - 5x4, 230g","p":1.33,"u":"5,78 €/KG","img":"https://fd13-photos.leclercdrive.fr/image.ashx?id=2575030&use=l&cat=p&typeid=i","cat":318651},{"id":2968,"n":"Tablette chocolat Milka Chocolat lait/caramel - 2x100g","p":3.2,"u":"16,00 €/KG","img":"https://fd13-photos.leclercdrive.fr/image.ashx?id=3009146&use=l&cat=p&typeid=i","cat":284497},{"id":2971,"n":"Chips ondulées Pom'Lisse  Nature - 150g","p":0.93,"u":"6,20 €/KG","img":"https://fd13-photos.leclercdrive.fr/image.ashx?id=2657196&use=l&cat=p&typeid=i","cat":284447},{"id":2973,"n":"Chips Pom'Lisse Barbecue - 135g","p":0.89,"u":"6,59 €/KG","img":"https://fd13-photos.leclercdrive.fr/image.ashx?id=2774046&use=l&cat=p&typeid=i","cat":284447},{"id":2988,"n":"Dessert fruits mixés Sojasun Framboise / Passion - 4x100g","p":1.68,"u":"4,20 €/KG","img":"https://fd13-photos.leclercdrive.fr/image.ashx?id=2355671&use=l&cat=p&typeid=i","cat":316071},{"id":2994,"n":"Chicorée soluble Leroux Nature - 200g","p":3.48,"u":"17,40 €/KG","img":"https://fd13-photos.leclercdrive.fr/image.ashx?id=2693512&use=l&cat=p&typeid=i","cat":284843},{"id":3000,"n":"Oeufs frais plein air Bio Bio Village - x6","p":2.09,"u":"0,35 €/P","img":"https://fd13-photos.leclercdrive.fr/image.ashx?id=1520549&use=l&cat=p&typeid=i","cat":284378},{"id":3011,"n":"Sauce Mexicaine Tables du Monde Medium - 315g","p":1.49,"u":"4,73 €/KG","img":"https://fd13-photos.leclercdrive.fr/image.ashx?id=2476963&use=l&cat=p&typeid=i","cat":288993},{"id":3012,"n":"Sauce Fajitas Tables du Monde 430g","p":1.97,"u":"4,58 €/KG","img":"https://fd13-photos.leclercdrive.fr/image.ashx?id=2470228&use=l&cat=p&typeid=i","cat":288993},{"id":3013,"n":"Pain de mie 7 céréales Epi d'Or Grandes tranches - 550g","p":1.19,"u":"2,16 €/KG","img":"https://fd13-photos.leclercdrive.fr/image.ashx?id=1959532&use=l&cat=p&typeid=i","cat":284477},{"id":3029,"n":"Gâche vendéenne IGP NRT 400g","p":2.65,"u":"6,63 €/KG","img":"https://fd13-photos.leclercdrive.fr/image.ashx?id=2670404&use=l&cat=p&typeid=i","cat":284478},{"id":3033,"n":"Pâtes fraîches Turini Fettuccini - 350g","p":1.49,"u":"4,26 €/KG","img":"https://fd13-photos.leclercdrive.fr/image.ashx?id=2882313&use=l&cat=p&typeid=i","cat":333682},{"id":3034,"n":"Fromage Parmesan Parmareggio 60g","p":1.46,"u":"24,33 €/KG","img":"https://fd13-photos.leclercdrive.fr/image.ashx?id=2975458&use=l&cat=p&typeid=i","cat":314035},{"id":3040,"n":"Beurre moulé bio Bio Village Doux - 82% MG - 250g","p":2.99,"u":"11,96 €/KG","img":"https://fd13-photos.leclercdrive.fr/image.ashx?id=2437052&use=l&cat=p&typeid=i","cat":284379},{"id":3041,"n":"Beurre moulé bio Bio Village Demi-sel - 80% MG - 250g","p":2.99,"u":"11,96 €/KG","img":"https://fd13-photos.leclercdrive.fr/image.ashx?id=2437055&use=l&cat=p&typeid=i","cat":284379},{"id":3055,"n":"Gel à raser féminin Siliss Velours abricot - 200ml","p":1.69,"u":"8,45 €/L","img":"https://fd13-photos.leclercdrive.fr/image.ashx?id=2699408&use=l&cat=p&typeid=i","cat":325352},{"id":3066,"n":"Tampons Doulys avec applicateur Normal - x24","p":2.46,"u":"0,10 €/P","img":"https://fd13-photos.leclercdrive.fr/image.ashx?id=2965452&use=l&cat=p&typeid=i","cat":284626},{"id":3072,"n":"Serviette hygiénique Doulys Maxi confort - Super - x16","p":1.45,"u":"0,09 €/P","img":"https://fd13-photos.leclercdrive.fr/image.ashx?id=2838912&use=l&cat=p&typeid=i","cat":284624},{"id":3089,"n":"Sauce Béchamel Elle&Vire au Lait Entier - 33cl","p":2.05,"u":"6,21 €/L","img":"https://fd13-photos.leclercdrive.fr/image.ashx?id=2835992&use=l&cat=p&typeid=i","cat":284382},{"id":3091,"n":"Cordons bleus Maître coq Poulet - 1kg","p":7.33,"u":"7,33 €/KG","img":"https://fd13-photos.leclercdrive.fr/image.ashx?id=2762103&use=l&cat=p&typeid=i","cat":333683},{"id":3099,"n":"Mini cakes P'tit Déli  aux fruits x10","p":2.98,"u":"9,93 €/KG","img":"https://fd13-photos.leclercdrive.fr/image.ashx?id=2047019&use=l&cat=p&typeid=i","cat":284493},{"id":3100,"n":"Biscuits génoises Pim's LU Framboise - 150g","p":1.48,"u":"9,87 €/KG","img":"https://fd13-photos.leclercdrive.fr/image.ashx?id=2941877&use=l&cat=p&typeid=i","cat":284489},{"id":3101,"n":"Biscuits fourrés Chamonix LU Orange - 250g","p":1.56,"u":"6,24 €/KG","img":"https://fd13-photos.leclercdrive.fr/image.ashx?id=2982982&use=l&cat=p&typeid=i","cat":284489},{"id":3104,"n":"Sablés P'tit Déli Fourrés Figue x16 - 165g","p":1.09,"u":"6,61 €/KG","img":"https://fd13-photos.leclercdrive.fr/image.ashx?id=2753372&use=l&cat=p&typeid=i","cat":284489},{"id":3106,"n":"Biscuits Cookies P'tit Déli Noix coco Chocolat - 200g","p":1.39,"u":"6,95 €/KG","img":"https://fd13-photos.leclercdrive.fr/image.ashx?id=2896853&use=l&cat=p&typeid=i","cat":325066},{"id":3107,"n":"Biscuits petit beurre LU Pocket - 300g","p":1.98,"u":"6,60 €/KG","img":"https://fd13-photos.leclercdrive.fr/image.ashx?id=3001940&use=l&cat=p&typeid=i","cat":284487},{"id":3108,"n":"Biscuits petit déjeuner Prince Céréales - 300g","p":1.96,"u":"6,53 €/KG","img":"https://fd13-photos.leclercdrive.fr/image.ashx?id=2346648&use=l&cat=p&typeid=i","cat":284491},{"id":3123,"n":"Plat bébé Blédina 8 mois  Pomme de terre poulet - 2x200g","p":2.51,"u":"6,28 €/KG","img":"https://fd13-photos.leclercdrive.fr/image.ashx?id=2975056&use=l&cat=p&typeid=i","cat":312236},{"id":3142,"n":"Café et Chicorée Soluble Ricoré  Original - 100g","p":2.78,"u":"27,80 €/KG","img":"https://fd13-photos.leclercdrive.fr/image.ashx?id=2951542&use=l&cat=p&typeid=i","cat":284843},{"id":3147,"n":"Madeleines P'tit déli coquilles 500g","p":1.7,"u":"3,40 €/KG","img":"https://fd13-photos.leclercdrive.fr/image.ashx?id=2999484&use=l&cat=p&typeid=i","cat":284492},{"id":3148,"n":"Madeleines longues P'tit déli Marbrées chocolat 250g","p":1.45,"u":"5,80 €/KG","img":"https://fd13-photos.leclercdrive.fr/image.ashx?id=2999490&use=l&cat=p&typeid=i","cat":284492},{"id":3151,"n":"Café moulu Plantation  Tradition - 250g","p":2.52,"u":"10,08 €/KG","img":"https://fd13-photos.leclercdrive.fr/image.ashx?id=2607401&use=l&cat=p&typeid=i","cat":284750},{"id":3152,"n":"Café Plantation  Kenya - 250g","p":3.92,"u":"15,68 €/KG","img":"https://fd13-photos.leclercdrive.fr/image.ashx?id=2607431&use=l&cat=p&typeid=i","cat":284750},{"id":3153,"n":"Café moulu Plantation  Tradition décaféiné - 250g","p":2.95,"u":"11,80 €/KG","img":"https://fd13-photos.leclercdrive.fr/image.ashx?id=2607407&use=l&cat=p&typeid=i","cat":284750},{"id":3158,"n":"Café moulu Plantation  doux - 2x250g","p":6.88,"u":"13,76 €/KG","img":"https://fd13-photos.leclercdrive.fr/image.ashx?id=2607428&use=l&cat=p&typeid=i","cat":284750},{"id":3169,"n":"Tortellini iTurini Ricotta épinard - 300g","p":1.48,"u":"4,93 €/KG","img":"https://fd13-photos.leclercdrive.fr/image.ashx?id=2869266&use=l&cat=p&typeid=i","cat":333682},{"id":3192,"n":"Détachant sans javel Textil 2L","p":3.19,"u":"1,60 €/L","img":"https://fd13-photos.leclercdrive.fr/image.ashx?id=2988036&use=l&cat=p&typeid=i","cat":284651},{"id":3195,"n":"Coton Primoplast prédécoupé 100g","p":0.98,"u":"9,80 €/KG","img":"https://fd13-photos.leclercdrive.fr/image.ashx?id=1733327&use=l&cat=p&typeid=i","cat":284630},{"id":3200,"n":"Petits pains grillés Epi d'Or  Froment - 225g","p":0.79,"u":"3,51 €/KG","img":"https://fd13-photos.leclercdrive.fr/image.ashx?id=2496410&use=l&cat=p&typeid=i","cat":284479},{"id":3208,"n":"Confiture Allégée aux Fraises Andros - 350g","p":1.72,"u":"4,91 €/KG","img":"https://fd13-photos.leclercdrive.fr/image.ashx?id=2911229&use=l&cat=p&typeid=i","cat":284480},{"id":3215,"n":"Riz long Comptoir du Grain Etuvé - 1kg","p":1.72,"u":"1,72 €/KG","img":"https://fd13-photos.leclercdrive.fr/image.ashx?id=2076640&use=l&cat=p&typeid=i","cat":284428},{"id":3217,"n":"Riz Basmati Comptoir du Grain Sélection Riz long - 500g","p":1.35,"u":"2,70 €/KG","img":"https://fd13-photos.leclercdrive.fr/image.ashx?id=2076643&use=l&cat=p&typeid=i","cat":284428},{"id":3220,"n":"Céréales Tipiak - Blé Maïs Soja Prêt en 4 min - 400g","p":1.52,"u":"3,80 €/KG","img":"https://fd13-photos.leclercdrive.fr/image.ashx?id=2989144&use=l&cat=p&typeid=i","cat":284429},{"id":3223,"n":"Pâtes capellini Panzani 500g","p":1.1,"u":"2,20 €/KG","img":"https://fd13-photos.leclercdrive.fr/image.ashx?id=2876038&use=l&cat=p&typeid=i","cat":284427},{"id":3224,"n":"Pâtes Barilla Spaghetti n°5 - 1kg","p":1.81,"u":"1,81 €/KG","img":"https://fd13-photos.leclercdrive.fr/image.ashx?id=2481182&use=l&cat=p&typeid=i","cat":284427},{"id":3225,"n":"Pâtes Lasagnes Panzani - 500G","p":1.74,"u":"3,48 €/KG","img":"https://fd13-photos.leclercdrive.fr/image.ashx?id=2896105&use=l&cat=p&typeid=i","cat":284427},{"id":3239,"n":"Biscuit Petit beurre P'tit Déli Tablette chocolat noir - 150g","p":1.37,"u":"9,13 €/KG","img":"https://fd13-photos.leclercdrive.fr/image.ashx?id=2711641&use=l&cat=p&typeid=i","cat":284488},{"id":3240,"n":"Biscuit Petit beurre P'tit Déli Tablette lait noisette - 150g","p":1.61,"u":"10,73 €/KG","img":"https://fd13-photos.leclercdrive.fr/image.ashx?id=2523673&use=l&cat=p&typeid=i","cat":284488},{"id":3258,"n":"Champignons Paris Notre Jardin Pieds et morceaux - 460g","p":2.29,"u":"4,98 €/KG","img":"https://fd13-photos.leclercdrive.fr/image.ashx?id=2553893&use=l&cat=p&typeid=i","cat":312610},{"id":3262,"n":"Carottes Notre Jardin Extra-fines - 530g","p":1.69,"u":"3,19 €/KG","img":"https://fd13-photos.leclercdrive.fr/image.ashx?id=2987976&use=l&cat=p&typeid=i","cat":312607},{"id":3263,"n":"Champignons Paris Notre Jardin Entiers - 460g","p":2.69,"u":"5,85 €/KG","img":"https://fd13-photos.leclercdrive.fr/image.ashx?id=2553887&use=l&cat=p&typeid=i","cat":312610},{"id":3269,"n":"Coeurs de palmiers Notre Jardin Extra tendres - 220g","p":2.27,"u":"10,32 €/KG","img":"https://fd13-photos.leclercdrive.fr/image.ashx?id=2074960&use=l&cat=p&typeid=i","cat":312611},{"id":3270,"n":"Coeurs de palmiers Notre Jardin Extra tendres - 250g","p":4.74,"u":"18,96 €/KG","img":"https://fd13-photos.leclercdrive.fr/image.ashx?id=2669666&use=l&cat=p&typeid=i","cat":312611},{"id":3271,"n":"Maïs Notre Jardin Tendre - 3x140g","p":1.89,"u":"4,50 €/KG","img":"https://fd13-photos.leclercdrive.fr/image.ashx?id=2074653&use=l&cat=p&typeid=i","cat":312611},{"id":3272,"n":"Asperges blanches grosses Notre Jardin - 320g","p":3.49,"u":"10,91 €/KG","img":"https://fd13-photos.leclercdrive.fr/image.ashx?id=2049016&use=l&cat=p&typeid=i","cat":312611},{"id":3277,"n":"Chips à l'ancienne Pom'lisse Nature - 6x30g","p":1.58,"u":"8,78 €/KG","img":"https://fd13-photos.leclercdrive.fr/image.ashx?id=2657193&use=l&cat=p&typeid=i","cat":284447},{"id":3282,"n":"Moutarde Amora Mi-forte - 230g Divers coloris","p":1.88,"u":"8,17 €/KG","img":"https://fd13-photos.leclercdrive.fr/image.ashx?id=2504473&use=l&cat=p&typeid=i","cat":288850},{"id":3285,"n":"Vinaigre balsamique Rustica 50cl","p":1.57,"u":"3,14 €/L","img":"https://fd13-photos.leclercdrive.fr/image.ashx?id=2765701&use=l&cat=p&typeid=i","cat":298543},{"id":3292,"n":"Tomates pelées Notre Jardin Entières - 238g","p":0.85,"u":"3,57 €/KG","img":"https://fd13-photos.leclercdrive.fr/image.ashx?id=2190002&use=l&cat=p&typeid=i","cat":312608},{"id":3305,"n":"Sauce Provençale Turini 420g","p":0.97,"u":"2,31 €/KG","img":"https://fd13-photos.leclercdrive.fr/image.ashx?id=2047010&use=l&cat=p&typeid=i","cat":287599},{"id":3309,"n":"Pur jus de pomme Jafaden 1L","p":1.34,"u":"1,34 €/L","img":"https://fd13-photos.leclercdrive.fr/image.ashx?id=2955632&use=l&cat=p&typeid=i","cat":284522},{"id":3311,"n":"Thé glacé Fresh Tea Pêche - 1,5L","p":1.25,"u":"0,83 €/L","img":"https://fd13-photos.leclercdrive.fr/image.ashx?id=2622242&use=l&cat=p&typeid=i","cat":295019},{"id":3316,"n":"Sirop Frucci Grenadine - 1L","p":2.76,"u":"2,76 €/L","img":"https://fd13-photos.leclercdrive.fr/image.ashx?id=2954073&use=l&cat=p&typeid=i","cat":295020},{"id":3338,"n":"Protège-slips Doulys Mince - Plié - x30","p":1.25,"u":"0,04 €/P","img":"https://fd13-photos.leclercdrive.fr/image.ashx?id=2824129&use=l&cat=p&typeid=i","cat":284625},{"id":3343,"n":"Vodka Poliakov 37.5%vol - 70cl","p":11.09,"u":"15,84 €/L","img":"https://fd13-photos.leclercdrive.fr/image.ashx?id=2810759&use=l&cat=p&typeid=i","cat":284550},{"id":3344,"n":"Nectar Jafaden Banane - 1L","p":2.09,"u":"2,09 €/L","img":"https://fd13-photos.leclercdrive.fr/image.ashx?id=2955701&use=l&cat=p&typeid=i","cat":284915},{"id":3345,"n":"Nectar Jafaden Poire - 1L","p":2.49,"u":"2,49 €/L","img":"https://fd13-photos.leclercdrive.fr/image.ashx?id=2955695&use=l&cat=p&typeid=i","cat":284915},{"id":3355,"n":"World Mix Haribo Sachet bonbons - 500g","p":2.91,"u":"5,82 €/KG","img":"https://fd13-photos.leclercdrive.fr/image.ashx?id=2805207&use=l&cat=p&typeid=i","cat":304250},{"id":3356,"n":"Banan's Haribo Sachet bonbons - 300g","p":1.52,"u":"5,07 €/KG","img":"https://fd13-photos.leclercdrive.fr/image.ashx?id=1739936&use=l&cat=p&typeid=i","cat":304250},{"id":3359,"n":"Compote Andros Pomme 750g","p":1.49,"u":"1,99 €/KG","img":"https://fd13-photos.leclercdrive.fr/image.ashx?id=2327716&use=l&cat=p&typeid=i","cat":284508},{"id":3361,"n":"Pâtée chats Gourmet gold Mousselines 4x85g","p":1.97,"u":"5,79 €/KG","img":"https://fd13-photos.leclercdrive.fr/image.ashx?id=2711103&use=l&cat=p&typeid=i","cat":285286},{"id":3364,"n":"Huile de douche Manava Bien être oriental 250ml","p":1.16,"u":"4,64 €/L","img":"https://fd13-photos.leclercdrive.fr/image.ashx?id=2809659&use=l&cat=p&typeid=i","cat":284594},{"id":3372,"n":"Terrines Tous Mes Amis Pour chats  3 saveurs - 3x400g","p":3.29,"u":"2,74 €/KG","img":"https://fd13-photos.leclercdrive.fr/image.ashx?id=2865050&use=l&cat=p&typeid=i","cat":285601},{"id":3373,"n":"Tortillas Tables du Monde Galettes de blé x8 320g","p":1.71,"u":"5,34 €/KG","img":"https://fd13-photos.leclercdrive.fr/image.ashx?id=2679729&use=l&cat=p&typeid=i","cat":288993},{"id":3395,"n":"Dentifrice Dentamyl Aux plantes 75ml","p":0.94,"u":"12,53 €/L","img":"https://fd13-photos.leclercdrive.fr/image.ashx?id=2489104&use=l&cat=p&typeid=i","cat":284612},{"id":3396,"n":"Dentifrice Dentamyl Haleine fraîche 75ml","p":0.76,"u":"10,13 €/L","img":"https://fd13-photos.leclercdrive.fr/image.ashx?id=2489101&use=l&cat=p&typeid=i","cat":284612},{"id":3401,"n":"Serviette hygiénique Doulys Maxi - Spécial nuit - x12","p":0.95,"u":"0,08 €/P","img":"https://fd13-photos.leclercdrive.fr/image.ashx?id=2838927&use=l&cat=p&typeid=i","cat":284624},{"id":3413,"n":"Asperges blanches Notre Jardin Pointes - 110g","p":2.35,"u":"21,36 €/KG","img":"https://fd13-photos.leclercdrive.fr/image.ashx?id=2049022&use=l&cat=p&typeid=i","cat":312611},{"id":3416,"n":"Ratatouille Notre Jardin A la provençale - 750g","p":1.29,"u":"1,72 €/KG","img":"https://fd13-photos.leclercdrive.fr/image.ashx?id=2526291&use=l&cat=p&typeid=i","cat":312612},{"id":3424,"n":"Plat moussaka Côté table 850g","p":4.63,"u":"5,45 €/KG","img":"https://fd13-photos.leclercdrive.fr/image.ashx?id=2045175&use=l&cat=p&typeid=i","cat":284254},{"id":3428,"n":"Feuilletés paniers Côté Table St Jacques Fruits de mer 4x100g","p":4.45,"u":"11,13 €/KG","img":"https://fd13-photos.leclercdrive.fr/image.ashx?id=2549379&use=l&cat=p&typeid=i","cat":319776},{"id":3429,"n":"Lasagnes bolognaises Côté table 1kg","p":3.49,"u":"3,49 €/KG","img":"https://fd13-photos.leclercdrive.fr/image.ashx?id=2545628&use=l&cat=p&typeid=i","cat":284254},{"id":3441,"n":"AOP Freixenet Cava Cordon Negro Brut - 75cl","p":5.7,"u":"7,60 €/L","img":"https://fd13-photos.leclercdrive.fr/image.ashx?id=3011929&use=l&cat=p&typeid=i","cat":289461},{"id":3455,"n":"Saumon et torsades Côté Table  Sauce à l'oseille - 300g","p":2.59,"u":"8,63 €/KG","img":"https://fd13-photos.leclercdrive.fr/image.ashx?id=2809075&use=l&cat=p&typeid=i","cat":284953},{"id":3459,"n":"Petit Pois et Carottes Cassegrain 465g","p":2.71,"u":"5,83 €/KG","img":"https://fd13-photos.leclercdrive.fr/image.ashx?id=2912971&use=l&cat=p&typeid=i","cat":312607},{"id":3462,"n":"Pain précuit Epi d'Or Demi-baguette x2 - 300g","p":0.65,"u":"2,17 €/KG","img":"https://fd13-photos.leclercdrive.fr/image.ashx?id=2684814&use=l&cat=p&typeid=i","cat":325069},{"id":3517,"n":"Bonbons Haribo Réglisse Carensac - 250g","p":1.9,"u":"7,60 €/KG","img":"https://fd13-photos.leclercdrive.fr/image.ashx?id=2982405&use=l&cat=p&typeid=i","cat":304250},{"id":3520,"n":"Boîtes chiens Lydog Terrines Viande volaille - 4x405g","p":3.47,"u":"2,14 €/KG","img":"https://fd13-photos.leclercdrive.fr/image.ashx?id=2815746&use=l&cat=p&typeid=i","cat":288578},{"id":3525,"n":"Crêpes fourrées P'tit déli Chocolat x8 - 256g","p":1.65,"u":"6,45 €/KG","img":"https://fd13-photos.leclercdrive.fr/image.ashx?id=2656335&use=l&cat=p&typeid=i","cat":284494},{"id":3550,"n":"AOP Côtes de Provence rosé Billette Bouquet - 75cl","p":5.98,"u":"7,97 €/L","img":"https://fd13-photos.leclercdrive.fr/image.ashx?id=2625433&use=l&cat=p&typeid=i","cat":289558},{"id":3553,"n":"Whisky Chivas Regal 12 ans Blended Scotch 40% vol - 70cl","p":28.9,"pp":26.01,"u":"37,16 €/L","img":"https://fd13-photos.leclercdrive.fr/image.ashx?id=2914444&use=l&cat=p&typeid=i","cat":284547},{"id":3558,"n":"IGP Pays d'Oc rouge J-P Chenet Cabernet-Syrah 13% vol - 75 cl","p":3.23,"u":"4,31 €/L","img":"https://fd13-photos.leclercdrive.fr/image.ashx?id=2810864&use=l&cat=p&typeid=i","cat":289556},{"id":3559,"n":"IGP Pays d'Oc rouge J-P Chenet Merlot HVE - 75 cl","p":3.23,"u":"4,31 €/L","img":"https://fd13-photos.leclercdrive.fr/image.ashx?id=2837157&use=l&cat=p&typeid=i","cat":289556},{"id":3564,"n":"Vin de l'Union Européenne  La Villageoise - 6x25cl","p":4.3,"u":"2,87 €/L","img":"https://fd13-photos.leclercdrive.fr/image.ashx?id=2731651&use=l&cat=p&typeid=i","cat":289557},{"id":3570,"n":"Concentré à diluer Pulco Citron - 70cl","p":2.09,"u":"2,99 €/L","img":"https://fd13-photos.leclercdrive.fr/image.ashx?id=2687845&use=l&cat=p&typeid=i","cat":295020},{"id":3571,"n":"Nectar Jafaden Abricot - 1L","p":2.59,"u":"2,59 €/L","img":"https://fd13-photos.leclercdrive.fr/image.ashx?id=2955713&use=l&cat=p&typeid=i","cat":284915},{"id":3576,"n":"Litière chats Tous mes Amis Minérale - Hygiénique - 10L","p":4.65,"u":"0,47 €/L","img":"https://fd13-photos.leclercdrive.fr/image.ashx?id=2055211&use=l&cat=p&typeid=i","cat":284683},{"id":3580,"n":"Le Haricot vert Cueilli Main Bonduelle Extra Fin 280g","p":2.6,"u":"9,29 €/KG","img":"https://fd13-photos.leclercdrive.fr/image.ashx?id=2910019&use=l&cat=p&typeid=i","cat":312606},{"id":3584,"n":"Macédoine de Légumes Bonduelle 530g","p":1.59,"u":"3,00 €/KG","img":"https://fd13-photos.leclercdrive.fr/image.ashx?id=2939235&use=l&cat=p&typeid=i","cat":312612},{"id":3587,"n":"AOP Bordeaux rouge Blaissac - 75cl","p":4.0,"u":"5,33 €/L","img":"https://fd13-photos.leclercdrive.fr/image.ashx?id=2917429&use=l&cat=p&typeid=i","cat":289556},{"id":3588,"n":"IGP Pays d'Oc rouge Roche Mazet Cabernet Sauvignon 12.5% 75cl","p":3.1,"u":"4,13 €/L","img":"https://fd13-photos.leclercdrive.fr/image.ashx?id=2333000&use=l&cat=p&typeid=i","cat":289556},{"id":3589,"n":"IGP Pays d'Oc rouge Roche Mazet Merlot - 75cl","p":3.1,"u":"4,13 €/L","img":"https://fd13-photos.leclercdrive.fr/image.ashx?id=2332997&use=l&cat=p&typeid=i","cat":289556},{"id":3590,"n":"IGP Pays d'Oc rosé Roche Mazet Cinsault Grenache 12% vol 75cl","p":3.1,"u":"4,13 €/L","img":"https://fd13-photos.leclercdrive.fr/image.ashx?id=2341510&use=l&cat=p&typeid=i","cat":289558},{"id":3593,"n":"Vin d'Italie rouge pétillant Vilaveroni Lambrusco- 75cl","p":3.34,"u":"4,45 €/L","img":"https://fd13-photos.leclercdrive.fr/image.ashx?id=2333021&use=l&cat=p&typeid=i","cat":289556},{"id":3599,"n":"IGP Pays d'Oc rosé Listel Grain De gris 12.5% vol - 75cl","p":3.5,"u":"4,67 €/L","img":"https://fd13-photos.leclercdrive.fr/image.ashx?id=2556135&use=l&cat=p&typeid=i","cat":289558},{"id":3600,"n":"Miel Lune de Miel Tartimiel 250g","p":2.25,"u":"9,00 €/KG","img":"https://fd13-photos.leclercdrive.fr/image.ashx?id=2662610&use=l&cat=p&typeid=i","cat":287643},{"id":3610,"n":"Petits pois Notre Jardin A l'étuvée -Extra fins - 3x140g","p":1.57,"u":"3,74 €/KG","img":"https://fd13-photos.leclercdrive.fr/image.ashx?id=2537343&use=l&cat=p&typeid=i","cat":312607},{"id":3630,"n":"Filets colin Alaska Pêche océan 4 tranches - MSC - 400g","p":2.49,"u":"6,23 €/KG","img":"https://fd13-photos.leclercdrive.fr/image.ashx?id=2930087&use=l&cat=p&typeid=i","cat":319786},{"id":3633,"n":"Colin d'Alaska Pêche Océan x10 tranches - MSC - 1kg","p":6.25,"u":"6,25 €/KG","img":"https://fd13-photos.leclercdrive.fr/image.ashx?id=2930096&use=l&cat=p&typeid=i","cat":319786},{"id":3638,"n":"Fromage Mini Caprice Des Dieux 3 Portions - 150g","p":2.73,"u":"18,20 €/KG","img":"https://fd13-photos.leclercdrive.fr/image.ashx?id=2217434&use=l&cat=p&typeid=i","cat":314033},{"id":3640,"n":"Fromage Apéritif Apérivrais  Saveurs de Provence - 100g","p":2.08,"u":"20,80 €/KG","img":"https://fd13-photos.leclercdrive.fr/image.ashx?id=2885348&use=l&cat=p&typeid=i","cat":314027},{"id":3641,"n":"Fromage Apéritif Apérivrais  Saveurs d'Italie - 100g","p":2.08,"u":"20,80 €/KG","img":"https://fd13-photos.leclercdrive.fr/image.ashx?id=2944705&use=l&cat=p&typeid=i","cat":314027},{"id":3651,"n":"Vin du Portugal rosé Mateus - VSIG - 12% vol 75cl","p":4.45,"u":"5,93 €/L","img":"https://fd13-photos.leclercdrive.fr/image.ashx?id=2794619&use=l&cat=p&typeid=i","cat":289558},{"id":3660,"n":"Fromage tartiflette Les Croisés 27%mg 500g","p":3.89,"u":"7,78 €/KG","img":"https://fd13-photos.leclercdrive.fr/image.ashx?id=2791746&use=l&cat=p&typeid=i","cat":314037},{"id":3663,"n":"Fromage à Raclette RichesMonts  3 saveurs 27 Tranches - 700g","p":10.79,"u":"15,41 €/KG","img":"https://fd13-photos.leclercdrive.fr/image.ashx?id=2766289&use=l&cat=p&typeid=i","cat":314037},{"id":3668,"n":"Faisselle Rians - 6%mg - 1kg","p":2.7,"u":"2,70 €/KG","img":"https://fd13-photos.leclercdrive.fr/image.ashx?id=2659629&use=l&cat=p&typeid=i","cat":284409},{"id":3684,"n":"Eau gazeuse Rozana 6x1L","p":2.65,"u":"0,44 €/L","img":"https://fd13-photos.leclercdrive.fr/image.ashx?id=2870602&use=l&cat=p&typeid=i","cat":284536},{"id":3694,"n":"Pâtes Torti Legumes Panzani - 500G","p":1.3,"u":"2,60 €/KG","img":"https://fd13-photos.leclercdrive.fr/image.ashx?id=2876032&use=l&cat=p&typeid=i","cat":284427},{"id":3699,"n":"Café moulu Bio Village Bio Amérique latine - 250g","p":4.99,"u":"19,96 €/KG","img":"https://fd13-photos.leclercdrive.fr/image.ashx?id=2603713&use=l&cat=p&typeid=i","cat":284750},{"id":3700,"n":"Café Moulu Italien Lavazza  Arabica Espresso Classic 2x250g","p":9.13,"u":"18,26 €/KG","img":"https://fd13-photos.leclercdrive.fr/image.ashx?id=2919012&use=l&cat=p&typeid=i","cat":284750},{"id":3712,"n":"Emincé poulet Côté Table Sauce curry - 300g","p":2.02,"u":"6,73 €/KG","img":"https://fd13-photos.leclercdrive.fr/image.ashx?id=2393857&use=l&cat=p&typeid=i","cat":284953},{"id":3714,"n":"Serviette hygiénique Doulys Ultra minces - Normal - x16","p":1.03,"u":"0,06 €/P","img":"https://fd13-photos.leclercdrive.fr/image.ashx?id=2838924&use=l&cat=p&typeid=i","cat":284624},{"id":3715,"n":"Sauce Pizzassimo Del Monte pour pizza aux tomates- 2x400g","p":2.62,"u":"3,28 €/KG","img":"https://fd13-photos.leclercdrive.fr/image.ashx?id=2804457&use=l&cat=p&typeid=i","cat":288384},{"id":3716,"n":"Pizza cuite sur pierre Turini Royale - 400g","p":1.99,"u":"4,98 €/KG","img":"https://fd13-photos.leclercdrive.fr/image.ashx?id=2815205&use=l&cat=p&typeid=i","cat":284256},{"id":3741,"n":"Biscottes fourrées Cracotte LU  Fraise - 200g","p":1.73,"u":"8,65 €/KG","img":"https://fd13-photos.leclercdrive.fr/image.ashx?id=3004807&use=l&cat=p&typeid=i","cat":284479},{"id":3742,"n":"Goûter Moelleux P'tit déli   Lait cacao et coco x10 420g","p":2.63,"u":"6,26 €/KG","img":"https://fd13-photos.leclercdrive.fr/image.ashx?id=2523691&use=l&cat=p&typeid=i","cat":284495},{"id":3743,"n":"Mini brownie Brossard Chocolat pépites x8 - 240g","p":2.77,"u":"11,54 €/KG","img":"https://fd13-photos.leclercdrive.fr/image.ashx?id=2965100&use=l&cat=p&typeid=i","cat":294776},{"id":3748,"n":"Soufflés Grignot' Tokapi  Saveur Fromage - 90g","p":0.72,"u":"8,00 €/KG","img":"https://fd13-photos.leclercdrive.fr/image.ashx?id=1956625&use=l&cat=p&typeid=i","cat":284449},{"id":3756,"n":"Mélange Exotique Tokapi  Bananes et papaye - 120g","p":1.47,"u":"12,25 €/KG","img":"https://fd13-photos.leclercdrive.fr/image.ashx?id=2793991&use=l&cat=p&typeid=i","cat":284448},{"id":3758,"n":"Sachet repas chats Gourmet 4 variétés de filets - 4x85g","p":1.9,"u":"5,59 €/KG","img":"https://fd13-photos.leclercdrive.fr/image.ashx?id=2902274&use=l&cat=p&typeid=i","cat":285286},{"id":3759,"n":"Sachet repas chats Gourmet Filets en sachet - 4x85g","p":1.9,"u":"5,59 €/KG","img":"https://fd13-photos.leclercdrive.fr/image.ashx?id=2902337&use=l&cat=p&typeid=i","cat":285286},{"id":3773,"n":"Feuilletés paniers Côté Table Jambon fromage - 4x100g","p":2.15,"u":"5,38 €/KG","img":"https://fd13-photos.leclercdrive.fr/image.ashx?id=2549382&use=l&cat=p&typeid=i","cat":319776},{"id":3777,"n":"Légumes couscous Notre jardin 1kg","p":1.99,"u":"1,99 €/KG","img":"https://fd13-photos.leclercdrive.fr/image.ashx?id=2900031&use=l&cat=p&typeid=i","cat":319823},{"id":3786,"n":"Poisson pané Pêche Océan MSC - x20 - 1kg","p":6.95,"u":"6,95 €/KG","img":"https://fd13-photos.leclercdrive.fr/image.ashx?id=2930105&use=l&cat=p&typeid=i","cat":319788},{"id":3794,"n":"Poisson pané Pêche Océan - MSC Colin d'alaska - x8 - 400g","p":2.78,"u":"6,95 €/KG","img":"https://fd13-photos.leclercdrive.fr/image.ashx?id=2930090&use=l&cat=p&typeid=i","cat":319788},{"id":3796,"n":"Croquettes poisson Pêche Océan MSC - x6 - 300g","p":1.72,"u":"5,73 €/KG","img":"https://fd13-photos.leclercdrive.fr/image.ashx?id=2856157&use=l&cat=p&typeid=i","cat":319788},{"id":3797,"n":"Brandade morue Côté Table 1kg","p":3.99,"u":"3,99 €/KG","img":"https://fd13-photos.leclercdrive.fr/image.ashx?id=2047028&use=l&cat=p&typeid=i","cat":284254},{"id":3810,"n":"Epinards Notre Jardin Branches A la crème fraîche 1kg","p":2.98,"u":"2,98 €/KG","img":"https://fd13-photos.leclercdrive.fr/image.ashx?id=2873081&use=l&cat=p&typeid=i","cat":319805},{"id":3820,"n":"Sandwich XXL Daunat Jambon emmental - 230g","p":2.03,"u":"8,83 €/KG","img":"https://fd13-photos.leclercdrive.fr/image.ashx?id=2892700&use=l&cat=p&typeid=i","cat":333658},{"id":3823,"n":"Wings poulet Maître coq nature 400g","p":4.81,"u":"12,03 €/KG","img":"https://fd13-photos.leclercdrive.fr/image.ashx?id=2101438&use=l&cat=p&typeid=i","cat":333685},{"id":3827,"n":"Ailes poulet rôti mexicain Maître Coq - 1kg","p":7.64,"u":"7,64 €/KG","img":"https://fd13-photos.leclercdrive.fr/image.ashx?id=2094319&use=l&cat=p&typeid=i","cat":333685},{"id":3844,"n":"Sirop érable Maple Joe Du Canada - 250g","p":3.83,"u":"15,32 €/KG","img":"https://fd13-photos.leclercdrive.fr/image.ashx?id=2656559&use=l&cat=p&typeid=i","cat":287643},{"id":3862,"n":"Cacahuètes grillées Tokapi Salées - 500g","p":1.44,"u":"2,88 €/KG","img":"https://fd13-photos.leclercdrive.fr/image.ashx?id=2795532&use=l&cat=p&typeid=i","cat":284448},{"id":3864,"n":"Jus multifruits Jafaden 12 fruits - 1L","p":1.33,"u":"1,33 €/L","img":"https://fd13-photos.leclercdrive.fr/image.ashx?id=2461387&use=l&cat=p&typeid=i","cat":284917},{"id":3871,"n":"Pain grillé Pelletier Blé complet - 500g","p":1.96,"u":"3,92 €/KG","img":"https://fd13-photos.leclercdrive.fr/image.ashx?id=2345376&use=l&cat=p&typeid=i","cat":284479},{"id":3873,"n":"Cuisses poulet fermier Loué Jaune x2 - 480g","p":6.52,"u":"13,58 €/KG","img":"https://fd13-photos.leclercdrive.fr/image.ashx?id=2250555&use=l&cat=p&typeid=i","cat":284336},{"id":3904,"n":"Viande bovine Charal3x steak*** À griller - 300g","p":7.32,"u":"24,40 €/KG","img":"https://fd13-photos.leclercdrive.fr/image.ashx?id=2485907&use=l&cat=p&typeid=i","cat":284328},{"id":3912,"n":"Viande bovine Charal ***  à griller - 280g","p":8.69,"u":"31,04 €/KG","img":"https://fd13-photos.leclercdrive.fr/image.ashx?id=1889162&use=l&cat=p&typeid=i","cat":284328},{"id":3915,"n":"Steak haché 15%mg Charal Viande bovine - 260g","p":5.91,"u":"22,73 €/KG","img":"https://fd13-photos.leclercdrive.fr/image.ashx?id=1889174&use=l&cat=p&typeid=i","cat":284332},{"id":3917,"n":"Viande Bovine Française Charal: Pavé aux 3 poivres x2 - 260g","p":6.22,"u":"23,92 €/KG","img":"https://fd13-photos.leclercdrive.fr/image.ashx?id=2311195&use=l&cat=p&typeid=i","cat":284328},{"id":3918,"n":"Viande Bovine Française Charal Pavé à l'échalote x2 - 260g","p":6.22,"u":"23,92 €/KG","img":"https://fd13-photos.leclercdrive.fr/image.ashx?id=2311198&use=l&cat=p&typeid=i","cat":284328},{"id":3944,"n":"Jus multifruits Jafaden Briquettes - 6x20cl","p":1.79,"u":"1,49 €/L","img":"https://fd13-photos.leclercdrive.fr/image.ashx?id=2751880&use=l&cat=p&typeid=i","cat":284524},{"id":3946,"n":"Pâtes Barilla Spaghettoni n°7 - 500g","p":1.01,"u":"2,02 €/KG","img":"https://fd13-photos.leclercdrive.fr/image.ashx?id=2392221&use=l&cat=p&typeid=i","cat":284427},{"id":3951,"n":"Sucre vanillé Tablier blanc x10 75g","p":0.79,"u":"10,53 €/KG","img":"https://fd13-photos.leclercdrive.fr/image.ashx?id=2487431&use=l&cat=p&typeid=i","cat":294686},{"id":3952,"n":"Sucre Confisuc Saint Louis Spécial confiture - 1kg","p":2.56,"u":"2,56 €/KG","img":"https://fd13-photos.leclercdrive.fr/image.ashx?id=2019969&use=l&cat=p&typeid=i","cat":284502},{"id":3954,"n":"Bonbons La Vosgienne Sève de pin - 125g","p":1.47,"u":"11,76 €/KG","img":"https://fd13-photos.leclercdrive.fr/image.ashx?id=2490419&use=l&cat=p&typeid=i","cat":304256},{"id":3955,"n":"Ravioli pur bœuf  Panzani - 400g","p":1.61,"u":"4,03 €/KG","img":"https://fd13-photos.leclercdrive.fr/image.ashx?id=2876050&use=l&cat=p&typeid=i","cat":284442},{"id":3960,"n":"Haricots Mungo  Notre Jardin 3x90g","p":1.99,"u":"7,37 €/KG","img":"https://fd13-photos.leclercdrive.fr/image.ashx?id=2174678&use=l&cat=p&typeid=i","cat":312611},{"id":3980,"n":"Sauce bolognaise Turini 680g","p":2.44,"u":"3,59 €/KG","img":"https://fd13-photos.leclercdrive.fr/image.ashx?id=2634863&use=l&cat=p&typeid=i","cat":287599},{"id":3981,"n":"Petits pois carottes Extra fins Notre Jardin - 3x130g","p":1.69,"u":"4,33 €/KG","img":"https://fd13-photos.leclercdrive.fr/image.ashx?id=2537346&use=l&cat=p&typeid=i","cat":312607},{"id":3983,"n":"Flageolets verts Notre Jardin Extra fins - 3x130g","p":1.99,"u":"5,10 €/KG","img":"https://fd13-photos.leclercdrive.fr/image.ashx?id=2537352&use=l&cat=p&typeid=i","cat":312606},{"id":3991,"n":"Tarte aux 3 fromages Côté Table - 400g","p":2.82,"u":"7,05 €/KG","img":"https://fd13-photos.leclercdrive.fr/image.ashx?id=2791707&use=l&cat=p&typeid=i","cat":284257},{"id":3996,"n":"Hachis parmentier Côté table 600g","p":3.52,"u":"5,87 €/KG","img":"https://fd13-photos.leclercdrive.fr/image.ashx?id=2045181&use=l&cat=p&typeid=i","cat":284254},{"id":3998,"n":"Frites allumettes Pom'lisse Au four - 600g","p":1.24,"u":"2,07 €/KG","img":"https://fd13-photos.leclercdrive.fr/image.ashx?id=2699666&use=l&cat=p&typeid=i","cat":319791},{"id":3999,"n":"Crêpes Côté Table Champignons x6 - 300g","p":1.88,"u":"6,27 €/KG","img":"https://fd13-photos.leclercdrive.fr/image.ashx?id=2499352&use=l&cat=p&typeid=i","cat":319776},{"id":4001,"n":"Gratin d'aubergines Côté Table 450g","p":3.75,"u":"8,33 €/KG","img":"https://fd13-photos.leclercdrive.fr/image.ashx?id=1983436&use=l&cat=p&typeid=i","cat":319802},{"id":4008,"n":"Julienne légumes Notre jardin 600g","p":1.38,"u":"2,30 €/KG","img":"https://fd13-photos.leclercdrive.fr/image.ashx?id=2900073&use=l&cat=p&typeid=i","cat":319823},{"id":4014,"n":"Gratin choux fleurs Côté Table 450g","p":3.72,"u":"8,27 €/KG","img":"https://fd13-photos.leclercdrive.fr/image.ashx?id=1977356&use=l&cat=p&typeid=i","cat":319802},{"id":4024,"n":"Sauce crudité Rustica Nature - 50cl","p":0.88,"u":"1,76 €/L","img":"https://fd13-photos.leclercdrive.fr/image.ashx?id=1972910&use=l&cat=p&typeid=i","cat":284456},{"id":4026,"n":"Cuisses poulet rôti Le gaulois x2 - 350g","p":5.11,"u":"14,60 €/KG","img":"https://fd13-photos.leclercdrive.fr/image.ashx?id=2277122&use=l&cat=p&typeid=i","cat":284336},{"id":4028,"n":"Filets poulet rôti Le gaulois 230g","p":5.3,"u":"23,04 €/KG","img":"https://fd13-photos.leclercdrive.fr/image.ashx?id=2686879&use=l&cat=p&typeid=i","cat":284336},{"id":4029,"n":"Crème marron de Clément Faugier Vanillée Ardèche - 500g","p":2.51,"u":"5,02 €/KG","img":"https://fd13-photos.leclercdrive.fr/image.ashx?id=1880738&use=l&cat=p&typeid=i","cat":284481},{"id":4101,"n":"Pâtes coquillettes Panzani 1kg","p":1.74,"u":"1,74 €/KG","img":"https://fd13-photos.leclercdrive.fr/image.ashx?id=2873823&use=l&cat=p&typeid=i","cat":284427},{"id":4103,"n":"Compotes Andros Pomme Fraise - 8x100g","p":2.79,"u":"3,49 €/KG","img":"https://fd13-photos.leclercdrive.fr/image.ashx?id=2883940&use=l&cat=p&typeid=i","cat":284416},{"id":4120,"n":"Bouchées chocolatées Mon Chéri Liqueur cerise x16 - 168g","p":5.59,"u":"33,27 €/KG","img":"https://fd13-photos.leclercdrive.fr/image.ashx?id=2964018&use=l&cat=p&typeid=i","cat":327601},{"id":4141,"n":"Infusion Tiséa réglisse menthe x25","p":0.9,"u":"22,50 €/KG","img":"https://fd13-photos.leclercdrive.fr/image.ashx?id=2553908&use=l&cat=p&typeid=i","cat":293234},{"id":4249,"n":"Crème glacée Eskiss Chocolat noir - 494g","p":2.35,"u":"4,76 €/KG","img":"https://fd13-photos.leclercdrive.fr/image.ashx?id=2698162&use=l&cat=p&typeid=i","cat":284263},{"id":4250,"n":"Crème glacée Eskiss Café - 494g","p":2.14,"u":"4,33 €/KG","img":"https://fd13-photos.leclercdrive.fr/image.ashx?id=3002545&use=l&cat=p&typeid=i","cat":284263},{"id":4255,"n":"Crème glacée Eskiss Rhum raisin - 494g","p":2.45,"u":"4,96 €/KG","img":"https://fd13-photos.leclercdrive.fr/image.ashx?id=2982589&use=l&cat=p&typeid=i","cat":284263},{"id":4259,"n":"Pâtes spaghetti Panzani 1kg","p":1.61,"u":"1,61 €/KG","img":"https://fd13-photos.leclercdrive.fr/image.ashx?id=2869555&use=l&cat=p&typeid=i","cat":284427},{"id":4260,"n":"Biscuits sablés P'tit Déli Chocolat au lait - 200g","p":1.19,"u":"5,95 €/KG","img":"https://fd13-photos.leclercdrive.fr/image.ashx?id=2768457&use=l&cat=p&typeid=i","cat":284488},{"id":4262,"n":"Thon en tranche  Pêche Océan Naturel - 140g","p":2.05,"u":"14,64 €/KG","img":"https://fd13-photos.leclercdrive.fr/image.ashx?id=2941390&use=l&cat=p&typeid=i","cat":303867},{"id":4288,"n":"Boisson apéritif Voltano Base de vin Bianco 14.4%vol 1L","p":4.99,"u":"4,99 €/L","img":"https://fd13-photos.leclercdrive.fr/image.ashx?id=2843782&use=l&cat=p&typeid=i","cat":284913},{"id":4289,"n":"Boisson apéritif Voltano Base de vin rosso 14.4%vol 1L","p":4.75,"u":"4,75 €/L","img":"https://fd13-photos.leclercdrive.fr/image.ashx?id=2843785&use=l&cat=p&typeid=i","cat":284913},{"id":4290,"n":"Marrons entiers Notre Jardin - 510g","p":5.19,"u":"10,18 €/KG","img":"https://fd13-photos.leclercdrive.fr/image.ashx?id=2263143&use=l&cat=p&typeid=i","cat":312612},{"id":4346,"n":"Crêpes Côté Table Fromage x6 - 300g","p":1.75,"u":"5,83 €/KG","img":"https://fd13-photos.leclercdrive.fr/image.ashx?id=2932399&use=l&cat=p&typeid=i","cat":319776},{"id":4357,"n":"Glace à l'eau Yéti 5 parfums x24 - 1.160kg","p":3.69,"u":"3,18 €/KG","img":"https://fd13-photos.leclercdrive.fr/image.ashx?id=2733796&use=l&cat=p&typeid=i","cat":285250},{"id":4367,"n":"Papier toilette Uni Vert Compact écologique - x4","p":3.29,"u":"0,82 €/P","img":"https://fd13-photos.leclercdrive.fr/image.ashx?id=1957072&use=l&cat=p&typeid=i","cat":284634},{"id":4369,"n":"Gel wc menthe pin Uni Vert 750ml","p":1.62,"u":"2,16 €/L","img":"https://fd13-photos.leclercdrive.fr/image.ashx?id=2965446&use=l&cat=p&typeid=i","cat":284662},{"id":4381,"n":"Safran poudre Rustica 3 doses de 0,1g","p":2.96,"img":"https://fd13-photos.leclercdrive.fr/image.ashx?id=2870014&use=l&cat=p&typeid=i","cat":298297},{"id":4407,"n":"Biscuits duo glacier P'tit Déli 100g","p":1.25,"u":"12,50 €/KG","img":"https://fd13-photos.leclercdrive.fr/image.ashx?id=2874687&use=l&cat=p&typeid=i","cat":284487},{"id":4412,"n":"Boisson énergisante Red Bull 250ml","p":1.08,"u":"4,32 €/L","img":"https://fd13-photos.leclercdrive.fr/image.ashx?id=2340300&use=l&cat=p&typeid=i","cat":284533},{"id":4426,"n":"Sauce au Roquefort Charal 2 personnes - 120g","p":1.95,"u":"16,25 €/KG","img":"https://fd13-photos.leclercdrive.fr/image.ashx?id=2881329&use=l&cat=p&typeid=i","cat":284382},{"id":4438,"n":"Hot Dog Charal ketchup 120g","p":2.58,"u":"21,50 €/KG","img":"https://fd13-photos.leclercdrive.fr/image.ashx?id=2264734&use=l&cat=p&typeid=i","cat":333671},{"id":4499,"n":"Surligneur Esquisse 4 couleurs fluos - x4","p":1.99,"img":"https://fd13-photos.leclercdrive.fr/image.ashx?id=2943208&use=l&cat=p&typeid=i","cat":284696},{"id":4511,"n":"Pochettes perforées Eco+ 21x29.7cm - x100","p":1.14,"u":"0,01 €/P","img":"https://fd13-photos.leclercdrive.fr/image.ashx?id=2943124&use=l&cat=p&typeid=i","cat":284745},{"id":4512,"n":"Pur jus orange Jafaden Sans pulpe - 1L","p":2.43,"u":"2,43 €/L","img":"https://fd13-photos.leclercdrive.fr/image.ashx?id=2916668&use=l&cat=p&typeid=i","cat":285435},{"id":4524,"n":"Filtre café Eco+ N°4 - x100","p":0.99,"u":"0,01 €/P","img":"https://fd13-photos.leclercdrive.fr/image.ashx?id=2905195&use=l&cat=p&typeid=i","cat":284751},{"id":4566,"n":"Nuggets de poulet Maître coq 1kg","p":7.4,"u":"7,40 €/KG","img":"https://fd13-photos.leclercdrive.fr/image.ashx?id=2877826&use=l&cat=p&typeid=i","cat":333684},{"id":4567,"n":"Panés de poulet Maître Coq 1kg","p":6.04,"u":"6,04 €/KG","img":"https://fd13-photos.leclercdrive.fr/image.ashx?id=2877823&use=l&cat=p&typeid=i","cat":333684},{"id":4569,"n":"Coq'ailes Maître Coq Mexicain - 250g","p":3.28,"u":"13,12 €/KG","img":"https://fd13-photos.leclercdrive.fr/image.ashx?id=2432034&use=l&cat=p&typeid=i","cat":333685},{"id":4570,"n":"Coq'ailes Maître coq Nature - 250g","p":3.17,"u":"12,68 €/KG","img":"https://fd13-photos.leclercdrive.fr/image.ashx?id=2412591&use=l&cat=p&typeid=i","cat":333685},{"id":4583,"n":"Sucre vanillé Vahiné Madagascar - 5x7,5g","p":3.17,"u":"83,42 €/KG","img":"https://fd13-photos.leclercdrive.fr/image.ashx?id=2489190&use=l&cat=p&typeid=i","cat":294686},{"id":4624,"n":"Dattes Couleurs Vives 500g","p":2.75,"u":"5,50 €/KG","img":"https://fd13-photos.leclercdrive.fr/image.ashx?id=2542926&use=l&cat=p&typeid=i","cat":284357},{"id":4626,"n":"Vinaigrette Rustica Nature - 50cl","p":0.88,"u":"1,76 €/L","img":"https://fd13-photos.leclercdrive.fr/image.ashx?id=1972898&use=l&cat=p&typeid=i","cat":284456},{"id":4628,"n":"Moutarde de Dijon Rustica  Fine et forte - 440g","p":1.13,"u":"2,57 €/KG","img":"https://fd13-photos.leclercdrive.fr/image.ashx?id=2954340&use=l&cat=p&typeid=i","cat":288850},{"id":4629,"n":"Moutarde à l'ancienne Rustica Vinaigre - 350g","p":1.12,"u":"3,20 €/KG","img":"https://fd13-photos.leclercdrive.fr/image.ashx?id=2055467&use=l&cat=p&typeid=i","cat":288850},{"id":4630,"n":"Pâté piment d'Espelette NRT Label Rouge - 180g","p":2.39,"u":"13,28 €/KG","img":"https://fd13-photos.leclercdrive.fr/image.ashx?id=2991485&use=l&cat=p&typeid=i","cat":305149},{"id":4631,"n":"Confit foie volaille Côté Table Au porto - 180g","p":1.45,"u":"8,06 €/KG","img":"https://fd13-photos.leclercdrive.fr/image.ashx?id=2476107&use=l&cat=p&typeid=i","cat":305149},{"id":4640,"n":"Petits pois carottes Notre Jard Extra fins - 420g","p":1.35,"u":"3,21 €/KG","img":"https://fd13-photos.leclercdrive.fr/image.ashx?id=2987943&use=l&cat=p&typeid=i","cat":312607},{"id":4641,"n":"Croquettes chaton Purina One Junior - Poulet/Céréales - 450g","p":2.63,"u":"5,84 €/KG","img":"https://fd13-photos.leclercdrive.fr/image.ashx?id=2499883&use=l&cat=p&typeid=i","cat":284680},{"id":4679,"n":"Gel WC nettoyant Syphon Javel eucalyptus - 750ml","p":0.87,"u":"1,16 €/L","img":"https://fd13-photos.leclercdrive.fr/image.ashx?id=2663359&use=l&cat=p&typeid=i","cat":284662},{"id":4682,"n":"Petits pois Notre Jardin A l'étuvée - Extra fins - 445g","p":1.28,"u":"2,88 €/KG","img":"https://fd13-photos.leclercdrive.fr/image.ashx?id=2987940&use=l&cat=p&typeid=i","cat":312607},{"id":4688,"n":"Pâtes Blé complet Barilla Penne Rigate Integrale - 500g","p":1.21,"u":"2,42 €/KG","img":"https://fd13-photos.leclercdrive.fr/image.ashx?id=2986954&use=l&cat=p&typeid=i","cat":284427},{"id":4852,"n":"Thon blanc Petit Navire Au naturel - 140g","p":3.44,"u":"24,57 €/KG","img":"https://fd13-photos.leclercdrive.fr/image.ashx?id=2570996&use=l&cat=p&typeid=i","cat":303867},{"id":4877,"n":"Petits pots bébé NATURNES Haricots Verts 4M+ - 2x130g","p":1.09,"u":"4,19 €/KG","img":"https://fd13-photos.leclercdrive.fr/image.ashx?id=2522401&use=l&cat=p&typeid=i","cat":312234},{"id":4879,"n":"Petits pots bébé NATURNES Courgettes 4M+ - 2x130g","p":0.95,"u":"3,65 €/KG","img":"https://fd13-photos.leclercdrive.fr/image.ashx?id=2532249&use=l&cat=p&typeid=i","cat":312234},{"id":4880,"n":"Petits pots bébé NATURNES Epinards 4M+ - 2x130g","p":1.09,"u":"4,19 €/KG","img":"https://fd13-photos.leclercdrive.fr/image.ashx?id=2736973&use=l&cat=p&typeid=i","cat":312234},{"id":4881,"n":"Petits pots bébé NATURNES Potiron 4M+ - 2x130g","p":1.03,"u":"3,96 €/KG","img":"https://fd13-photos.leclercdrive.fr/image.ashx?id=2532252&use=l&cat=p&typeid=i","cat":312234},{"id":4905,"n":"Purée de fruit NATURNES Pomme banane 4M+ - 4x130g","p":1.99,"u":"3,83 €/KG","img":"https://fd13-photos.leclercdrive.fr/image.ashx?id=2599937&use=l&cat=p&typeid=i","cat":312387},{"id":4906,"n":"Purée de fruit NATURNES Pommes Poires 4M+ - 4x130g","p":2.3,"u":"4,42 €/KG","img":"https://fd13-photos.leclercdrive.fr/image.ashx?id=2672551&use=l&cat=p&typeid=i","cat":312387},{"id":4909,"n":"Purée de fruit NATURNES Fruits du soleil 8M+ - 4x130g","p":2.37,"u":"4,56 €/KG","img":"https://fd13-photos.leclercdrive.fr/image.ashx?id=2629647&use=l&cat=p&typeid=i","cat":312388},{"id":4910,"n":"Purée de fruit NATURNES 6M+ Pomme Fraise Myrtilles - 4x130g","p":2.32,"u":"4,46 €/KG","img":"https://fd13-photos.leclercdrive.fr/image.ashx?id=2478399&use=l&cat=p&typeid=i","cat":312388},{"id":4971,"n":"Fromage Spécialité Port Salut - 320g","p":2.77,"u":"8,66 €/KG","img":"https://fd13-photos.leclercdrive.fr/image.ashx?id=2143762&use=l&cat=p&typeid=i","cat":329184},{"id":4988,"n":"Beurre Moulé Paysan Breton Doux - 82%MG - 500g","p":6.25,"u":"12,50 €/KG","img":"https://fd13-photos.leclercdrive.fr/image.ashx?id=2774496&use=l&cat=p&typeid=i","cat":284379},{"id":4997,"n":"Gésiers de volaille Le Gaulois 300g","p":3.4,"u":"11,33 €/KG","img":"https://fd13-photos.leclercdrive.fr/image.ashx?id=2732722&use=l&cat=p&typeid=i","cat":284715},{"id":5000,"n":"Frites de poulet Le Gaulois Panées France - 200g","p":2.49,"u":"12,45 €/KG","img":"https://fd13-photos.leclercdrive.fr/image.ashx?id=2261657&use=l&cat=p&typeid=i","cat":333684},{"id":5015,"n":"Yaourts Les Zaros Délisse Fruits panachés - 16x125g","p":2.48,"u":"1,24 €/KG","img":"https://fd13-photos.leclercdrive.fr/image.ashx?id=2970444&use=l&cat=p&typeid=i","cat":284414},{"id":5016,"n":"Yaourts nature Déli'light 0% MG - 12x125g","p":1.91,"u":"1,27 €/KG","img":"https://fd13-photos.leclercdrive.fr/image.ashx?id=2922482&use=l&cat=p&typeid=i","cat":315000},{"id":5017,"n":"Betterave rouge Notre Jardin Entière cuite sous vide - 500g","p":0.99,"u":"1,98 €/KG","img":"https://fd13-photos.leclercdrive.fr/image.ashx?id=1738831&use=l&cat=p&typeid=i","cat":284352},{"id":5018,"n":"Yaourts Délisse Nature - 4x125g","p":0.65,"u":"1,30 €/KG","img":"https://fd13-photos.leclercdrive.fr/image.ashx?id=2922488&use=l&cat=p&typeid=i","cat":284409},{"id":5021,"n":"Crottin de chèvre Les Croisés 23%mg - 2x60g","p":1.78,"u":"14,83 €/KG","img":"https://fd13-photos.leclercdrive.fr/image.ashx?id=2891878&use=l&cat=p&typeid=i","cat":314031},{"id":5023,"n":"Salade composée Notre Jardin Mélée gourmande - 200g","p":0.99,"u":"4,95 €/KG","img":"https://fd13-photos.leclercdrive.fr/image.ashx?id=2720145&use=l&cat=p&typeid=i","cat":284353},{"id":5024,"n":"Viande des grisons Saint Azay 10 tranches - 80g","p":4.09,"u":"51,13 €/KG","img":"https://fd13-photos.leclercdrive.fr/image.ashx?id=2848490&use=l&cat=p&typeid=i","cat":316007},{"id":5025,"n":"Salade Notre Jardin Jeunes pousses - 125g","p":1.49,"u":"11,92 €/KG","img":"https://fd13-photos.leclercdrive.fr/image.ashx?id=2655601&use=l&cat=p&typeid=i","cat":284353},{"id":5026,"n":"Ravioli Turini Boeuf aux oignons - 300g","p":1.53,"u":"5,10 €/KG","img":"https://fd13-photos.leclercdrive.fr/image.ashx?id=2778036&use=l&cat=p&typeid=i","cat":333682},{"id":5028,"n":"Piémontaise Menu Fraîcheur Au jambon - 500g","p":2.2,"u":"4,40 €/KG","img":"https://fd13-photos.leclercdrive.fr/image.ashx?id=2901428&use=l&cat=p&typeid=i","cat":333657},{"id":5031,"n":"Petits chèvres doux Les Croisés 200g","p":2.02,"u":"10,10 €/KG","img":"https://fd13-photos.leclercdrive.fr/image.ashx?id=2927179&use=l&cat=p&typeid=i","cat":314031},{"id":5032,"n":"Pizza Turini Chorizo - 450g","p":2.69,"u":"5,98 €/KG","img":"https://fd13-photos.leclercdrive.fr/image.ashx?id=2989649&use=l&cat=p&typeid=i","cat":333679},{"id":5037,"n":"Gésiers de volaille Volandrie 300g","p":2.49,"u":"8,30 €/KG","img":"https://fd13-photos.leclercdrive.fr/image.ashx?id=2814860&use=l&cat=p&typeid=i","cat":284715},{"id":5039,"n":"Crème caramel Délisse 8x100g","p":2.98,"u":"3,73 €/KG","img":"https://fd13-photos.leclercdrive.fr/image.ashx?id=2466069&use=l&cat=p&typeid=i","cat":284419},{"id":5041,"n":"Fromage blanc Déli'light Nature 0% MG - 1kg","p":1.79,"u":"1,79 €/KG","img":"https://fd13-photos.leclercdrive.fr/image.ashx?id=2905213&use=l&cat=p&typeid=i","cat":315000},{"id":5042,"n":"Fromage raclette Les Croisés 3 variétés - 26%mg - 700g","p":9.29,"u":"13,27 €/KG","img":"https://fd13-photos.leclercdrive.fr/image.ashx?id=2791755&use=l&cat=p&typeid=i","cat":314037},{"id":5044,"n":"Fromage à tartiner Les Croisés  Ail et fines herbes 25%mg 150g","p":1.29,"u":"8,60 €/KG","img":"https://fd13-photos.leclercdrive.fr/image.ashx?id=2476122&use=l&cat=p&typeid=i","cat":314029},{"id":5046,"n":"Roquefort NRT AOP  Fromage de brebis -150g","p":2.99,"u":"19,93 €/KG","img":"https://fd13-photos.leclercdrive.fr/image.ashx?id=2771046&use=l&cat=p&typeid=i","cat":314032},{"id":5047,"n":"Gratte éponge Spontex Sans rinçage x3","p":1.38,"u":"0,46 €/P","img":"https://fd13-photos.leclercdrive.fr/image.ashx?id=2975783&use=l&cat=p&typeid=i","cat":284667},{"id":5049,"n":"Whisky Sir Edward's 40%vol - 1L","p":16.44,"u":"16,44 €/L","img":"https://fd13-photos.leclercdrive.fr/image.ashx?id=2510747&use=l&cat=p&typeid=i","cat":284547},{"id":5050,"n":"Sucre de canne Canadou 70cl","p":2.61,"u":"3,73 €/L","img":"https://fd13-photos.leclercdrive.fr/image.ashx?id=2534587&use=l&cat=p&typeid=i","cat":284551},{"id":5054,"n":"Olives Vertes Dénoyautées  100g","p":0.95,"u":"9,50 €/KG","img":"https://fd13-photos.leclercdrive.fr/image.ashx?id=2923432&use=l&cat=p&typeid=i","cat":284450},{"id":5066,"n":"Amandes décortiquées Sun Apéro 500g","p":7.29,"u":"14,58 €/KG","img":"https://fd13-photos.leclercdrive.fr/image.ashx?id=2692164&use=l&cat=p&typeid=i","cat":284357},{"id":5070,"n":"Whisky Jack Daniel's Old N°7 70cL","p":20.64,"u":"29,49 €/L","img":"https://fd13-photos.leclercdrive.fr/image.ashx?id=2789763&use=l&cat=p&typeid=i","cat":284547},{"id":5073,"n":"Muscat Olympio Samos 75cl","p":4.53,"u":"6,04 €/L","img":"https://fd13-photos.leclercdrive.fr/image.ashx?id=2504077&use=l&cat=p&typeid=i","cat":284913},{"id":5078,"n":"Sucres morceaux Béghin Say n°4 1kg","p":1.87,"u":"1,87 €/KG","img":"https://fd13-photos.leclercdrive.fr/image.ashx?id=2860172&use=l&cat=p&typeid=i","cat":284502},{"id":5081,"n":"Sucre poudre Béghin Say 1kg","p":1.75,"u":"1,75 €/KG","img":"https://fd13-photos.leclercdrive.fr/image.ashx?id=2866349&use=l&cat=p&typeid=i","cat":284502},{"id":5090,"n":"Pepites de chocolat noir Vahiné - 100g","p":1.7,"u":"17,00 €/KG","img":"https://fd13-photos.leclercdrive.fr/image.ashx?id=2529282&use=l&cat=p&typeid=i","cat":284504},{"id":5110,"n":"Pâtes Coquillettes Turini  1kg","p":1.35,"u":"1,35 €/KG","img":"https://fd13-photos.leclercdrive.fr/image.ashx?id=2980438&use=l&cat=p&typeid=i","cat":284427},{"id":5116,"n":"Crème de pêche Auguste Muniot 15%vol. - 50cl","p":4.99,"u":"9,98 €/L","img":"https://fd13-photos.leclercdrive.fr/image.ashx?id=2753360&use=l&cat=p&typeid=i","cat":286032},{"id":5117,"n":"Café soluble Plantation Qualité filtre - 200g","p":4.4,"u":"22,00 €/KG","img":"https://fd13-photos.leclercdrive.fr/image.ashx?id=2834269&use=l&cat=p&typeid=i","cat":284843},{"id":5121,"n":"Café moulu Plantation Ethiopie - 250g","p":3.89,"u":"15,56 €/KG","img":"https://fd13-photos.leclercdrive.fr/image.ashx?id=2607434&use=l&cat=p&typeid=i","cat":284750},{"id":5125,"n":"Farine de blé bio T65 Bio Village - 1kg","p":0.99,"u":"0,99 €/KG","img":"https://fd13-photos.leclercdrive.fr/image.ashx?id=2448418&use=l&cat=p&typeid=i","cat":284503},{"id":5126,"n":"Riz long Comptoir du Grain Cuisson rapide 10min - 1kg","p":1.69,"u":"1,69 €/KG","img":"https://fd13-photos.leclercdrive.fr/image.ashx?id=2764137&use=l&cat=p&typeid=i","cat":284428},{"id":5128,"n":"Chips Pom'lisse Bolognaise - 135g","p":1.29,"u":"9,56 €/KG","img":"https://fd13-photos.leclercdrive.fr/image.ashx?id=2919604&use=l&cat=p&typeid=i","cat":284447},{"id":5160,"n":"Pur jus de fruits Tropicana Réveil fruité - 1,5L","p":4.01,"u":"2,67 €/L","img":"https://fd13-photos.leclercdrive.fr/image.ashx?id=2606400&use=l&cat=p&typeid=i","cat":284521},{"id":5166,"n":"Sucettes Chupa Chups The Best x16 192g","p":1.85,"u":"9,64 €/KG","img":"https://fd13-photos.leclercdrive.fr/image.ashx?id=2647654&use=l&cat=p&typeid=i","cat":304250},{"id":5176,"n":"Pâtes Alphabet Panzani 500g","p":1.27,"u":"2,54 €/KG","img":"https://fd13-photos.leclercdrive.fr/image.ashx?id=2896063&use=l&cat=p&typeid=i","cat":284427},{"id":5211,"n":"Navet 500g","p":1.99,"u":"3,98 €/KG","img":"https://fd13-photos.leclercdrive.fr/image.ashx?id=1632545&use=l&cat=p&typeid=i","cat":284352},{"id":5227,"n":"Pâtes Lustucru coquillettes Oeufs frais - 250g","p":0.94,"u":"3,76 €/KG","img":"https://fd13-photos.leclercdrive.fr/image.ashx?id=2519474&use=l&cat=p&typeid=i","cat":284427},{"id":5228,"n":"Pâtes Lustucru spaghetti courts Oeufs frais - 250g","p":0.94,"u":"3,76 €/KG","img":"https://fd13-photos.leclercdrive.fr/image.ashx?id=2519477&use=l&cat=p&typeid=i","cat":284427},{"id":5248,"n":"Yaourts aux fruits Délisse Panaché de fruits - 12x125g","p":3.39,"u":"2,26 €/KG","img":"https://fd13-photos.leclercdrive.fr/image.ashx?id=2658575&use=l&cat=p&typeid=i","cat":284410},{"id":5250,"n":"Crème glacée Eskiss Pistache avec éclats - 494g","p":2.51,"u":"5,08 €/KG","img":"https://fd13-photos.leclercdrive.fr/image.ashx?id=2982586&use=l&cat=p&typeid=i","cat":284263},{"id":5254,"n":"Croc's jambon Côté Croc Dinde x2 - 100g","p":1.72,"u":"8,60 €/KG","img":"https://fd13-photos.leclercdrive.fr/image.ashx?id=2449760&use=l&cat=p&typeid=i","cat":333683},{"id":5255,"n":"Croc Côté Croc Poulet Fromage x2 - 200g","p":1.54,"u":"7,70 €/KG","img":"https://fd13-photos.leclercdrive.fr/image.ashx?id=2967549&use=l&cat=p&typeid=i","cat":333683},{"id":5261,"n":"Fromage blanc Délisse Nature 7.8% MG - 8x100g","p":2.89,"u":"3,61 €/KG","img":"https://fd13-photos.leclercdrive.fr/image.ashx?id=3012812&use=l&cat=p&typeid=i","cat":284409},{"id":5264,"n":"Crème glacée Eskiss Fraise avec morceaux - 494g","p":2.84,"u":"5,75 €/KG","img":"https://fd13-photos.leclercdrive.fr/image.ashx?id=2982598&use=l&cat=p&typeid=i","cat":284263},{"id":5265,"n":"Piémontaise Menu Fraîcheur  Au jambon - 300g","p":1.59,"u":"5,30 €/KG","img":"https://fd13-photos.leclercdrive.fr/image.ashx?id=2901425&use=l&cat=p&typeid=i","cat":333657},{"id":5271,"n":"Betteraves Menu Fraîcheur  Rouge en dés - 300g","p":1.19,"u":"3,97 €/KG","img":"https://fd13-photos.leclercdrive.fr/image.ashx?id=2552418&use=l&cat=p&typeid=i","cat":333657},{"id":5274,"n":"Quiche lorraine Coté Table 2x130g","p":2.69,"u":"10,35 €/KG","img":"https://fd13-photos.leclercdrive.fr/image.ashx?id=2869790&use=l&cat=p&typeid=i","cat":333680},{"id":5277,"n":"Yaourts Pâtissiers Délisse Spécialités gourmandes-12x125g","p":3.17,"u":"2,11 €/KG","img":"https://fd13-photos.leclercdrive.fr/image.ashx?id=2501667&use=l&cat=p&typeid=i","cat":314999},{"id":5284,"n":"Foies de volaille Volandrie confits - 300g","p":2.7,"u":"9,00 €/KG","img":"https://fd13-photos.leclercdrive.fr/image.ashx?id=2814857&use=l&cat=p&typeid=i","cat":284715},{"id":5285,"n":"Escalope Normande Côté Croc x2 - 200g","p":1.78,"u":"8,90 €/KG","img":"https://fd13-photos.leclercdrive.fr/image.ashx?id=2488353&use=l&cat=p&typeid=i","cat":333683},{"id":5288,"n":"Crème dessert Petits Délis Chocolat et lait - 6x70g","p":1.3,"u":"3,10 €/KG","img":"https://fd13-photos.leclercdrive.fr/image.ashx?id=2572061&use=l&cat=p&typeid=i","cat":285041},{"id":5289,"n":"Torti au surimi Menu Fraîcheur 300g","p":1.7,"u":"5,67 €/KG","img":"https://fd13-photos.leclercdrive.fr/image.ashx?id=2905216&use=l&cat=p&typeid=i","cat":333657},{"id":5291,"n":"Cordon bleu Côté Croc Dinde - 400g","p":3.67,"u":"9,18 €/KG","img":"https://fd13-photos.leclercdrive.fr/image.ashx?id=2915116&use=l&cat=p&typeid=i","cat":333683},{"id":5293,"n":"Biscuits apéritifs Tokapi 3 saveurs - 100g","p":0.79,"u":"7,90 €/KG","img":"https://fd13-photos.leclercdrive.fr/image.ashx?id=2588926&use=l&cat=p&typeid=i","cat":284449},{"id":5296,"n":"Crème dessert Délisse Chocolat blanc - 4x125g","p":1.36,"u":"2,72 €/KG","img":"https://fd13-photos.leclercdrive.fr/image.ashx?id=2753475&use=l&cat=p&typeid=i","cat":285041},{"id":5308,"n":"Biscuits Mini Rollos Pépito Chocolat au lait - 225g","p":1.84,"u":"8,18 €/KG","img":"https://fd13-photos.leclercdrive.fr/image.ashx?id=3014407&use=l&cat=p&typeid=i","cat":284488},{"id":5310,"n":"Petits pois d'aucy  Extra-fins - 560g","p":1.64,"u":"2,93 €/KG","img":"https://fd13-photos.leclercdrive.fr/image.ashx?id=2426361&use=l&cat=p&typeid=i","cat":312607},{"id":5311,"n":"Petits pois carottes d'Aucy A l'étuvée - Extra fins - 530g","p":1.66,"u":"3,13 €/KG","img":"https://fd13-photos.leclercdrive.fr/image.ashx?id=2426364&use=l&cat=p&typeid=i","cat":312607},{"id":5314,"n":"Haricots verts d'aucy  Extra-fins - 1/2","p":1.01,"u":"4,59 €/KG","img":"https://fd13-photos.leclercdrive.fr/image.ashx?id=2512728&use=l&cat=p&typeid=i","cat":312606},{"id":5317,"n":"Lentilles cuisinées Raynal Et Roquelaure - 410g","p":1.26,"u":"3,07 €/KG","img":"https://fd13-photos.leclercdrive.fr/image.ashx?id=2928396&use=l&cat=p&typeid=i","cat":312609},{"id":5318,"n":"Biscuits galettes St Michel 130g","p":0.83,"u":"6,38 €/KG","img":"https://fd13-photos.leclercdrive.fr/image.ashx?id=2986149&use=l&cat=p&typeid=i","cat":284487},{"id":5321,"n":"Chocolat poudre Benco 400g","p":2.3,"u":"5,75 €/KG","img":"https://fd13-photos.leclercdrive.fr/image.ashx?id=2871805&use=l&cat=p&typeid=i","cat":293235},{"id":5325,"n":"Confiture Bonne Maman Fraise - 370g","p":1.7,"u":"4,59 €/KG","img":"https://fd13-photos.leclercdrive.fr/image.ashx?id=2474984&use=l&cat=p&typeid=i","cat":284480},{"id":5329,"n":"Saucisses aux lentilles William Saurin - 420g","p":2.14,"u":"5,10 €/KG","img":"https://fd13-photos.leclercdrive.fr/image.ashx?id=2890067&use=l&cat=p&typeid=i","cat":284441},{"id":5362,"n":"Vin mousseux Charles Volner Brut - 12%vol. - 75cl","p":4.31,"u":"5,75 €/L","img":"https://fd13-photos.leclercdrive.fr/image.ashx?id=1592052&use=l&cat=p&typeid=i","cat":284544},{"id":5364,"n":"Fromage blanc Délisse Nature 7% MG - 1kg","p":2.39,"u":"2,39 €/KG","img":"https://fd13-photos.leclercdrive.fr/image.ashx?id=2834999&use=l&cat=p&typeid=i","cat":284409},{"id":5369,"n":"Légumes couscous Notre Jardin 800g","p":1.49,"u":"1,86 €/KG","img":"https://fd13-photos.leclercdrive.fr/image.ashx?id=2854213&use=l&cat=p&typeid=i","cat":312612},{"id":5381,"n":"Dentifrice Dentamyl Haleine fraîche 75ml","p":1.39,"u":"18,53 €/L","img":"https://fd13-photos.leclercdrive.fr/image.ashx?id=2613828&use=l&cat=p&typeid=i","cat":284612},{"id":5385,"n":"Lait coco Tables du Monde 200ml","p":0.86,"u":"4,30 €/L","img":"https://fd13-photos.leclercdrive.fr/image.ashx?id=2920172&use=l&cat=p&typeid=i","cat":288992},{"id":5386,"n":"Biscuit Petit beurre P'tit Déli Tablette chocolat lait - 150g","p":1.29,"u":"8,60 €/KG","img":"https://fd13-photos.leclercdrive.fr/image.ashx?id=2711644&use=l&cat=p&typeid=i","cat":284488},{"id":5390,"n":"Crème anglaise Délisse 50cl","p":1.28,"u":"2,56 €/L","img":"https://fd13-photos.leclercdrive.fr/image.ashx?id=3002569&use=l&cat=p&typeid=i","cat":284382},{"id":5391,"n":"Yaourts à boire Délisse 3 parfums - 6x180g","p":2.39,"u":"2,21 €/KG","img":"https://fd13-photos.leclercdrive.fr/image.ashx?id=2757924&use=l&cat=p&typeid=i","cat":284415},{"id":5396,"n":"Bain de bouche Dentamyl Multi Protection - 500ml","p":1.89,"u":"3,78 €/L","img":"https://fd13-photos.leclercdrive.fr/image.ashx?id=2500806&use=l&cat=p&typeid=i","cat":284613},{"id":5399,"n":"Pur jus d'orange Bio Village Bio sans pulpe - 1L","p":2.45,"u":"2,45 €/L","img":"https://fd13-photos.leclercdrive.fr/image.ashx?id=2901521&use=l&cat=p&typeid=i","cat":284521},{"id":5400,"n":"Nouilles bouclées d'Alsace NRT 250g","p":1.39,"u":"5,56 €/KG","img":"https://fd13-photos.leclercdrive.fr/image.ashx?id=2839965&use=l&cat=p&typeid=i","cat":284427},{"id":5403,"n":"Plumes d'Alsace NRT 250g","p":1.39,"u":"5,56 €/KG","img":"https://fd13-photos.leclercdrive.fr/image.ashx?id=2839971&use=l&cat=p&typeid=i","cat":284427},{"id":5404,"n":"IGP Coquilles d'Alsace NRT 250g","p":1.39,"u":"5,56 €/KG","img":"https://fd13-photos.leclercdrive.fr/image.ashx?id=2839974&use=l&cat=p&typeid=i","cat":284427},{"id":5405,"n":"Saucisse sèche d'Auvergne  NRT - 300g","p":5.74,"u":"19,13 €/KG","img":"https://fd13-photos.leclercdrive.fr/image.ashx?id=2991473&use=l&cat=p&typeid=i","cat":316006},{"id":5406,"n":"Saucisson sec d'Auvergne IGP Nos Régions ont du Talent 300g","p":5.54,"u":"18,47 €/KG","img":"https://fd13-photos.leclercdrive.fr/image.ashx?id=2991476&use=l&cat=p&typeid=i","cat":316006},{"id":5407,"n":"Coquillettes d'Alsace NRT 250g","p":1.39,"u":"5,56 €/KG","img":"https://fd13-photos.leclercdrive.fr/image.ashx?id=2839977&use=l&cat=p&typeid=i","cat":284427},{"id":5449,"n":"Boîte chat Whiskas Terrine du marché - 4x400g","p":4.63,"u":"2,89 €/KG","img":"https://fd13-photos.leclercdrive.fr/image.ashx?id=2759619&use=l&cat=p&typeid=i","cat":285601},{"id":5472,"n":"Biscuits barquettes P'tit Déli Fraise - 2x120g","p":1.66,"u":"6,92 €/KG","img":"https://fd13-photos.leclercdrive.fr/image.ashx?id=2691168&use=l&cat=p&typeid=i","cat":284489},{"id":5480,"n":"Biscuits Dejeuner REM 3x255g","p":3.29,"u":"4,30 €/KG","img":"https://fd13-photos.leclercdrive.fr/image.ashx?id=3002201&use=l&cat=p&typeid=i","cat":284491},{"id":5498,"n":"Comté des terroirs Entremont 200g","p":3.62,"u":"18,10 €/KG","img":"https://fd13-photos.leclercdrive.fr/image.ashx?id=2474245&use=l&cat=p&typeid=i","cat":314034},{"id":5501,"n":"Sel La Baleine  Fin iodé 125g","p":0.37,"u":"2,96 €/KG","img":"https://fd13-photos.leclercdrive.fr/image.ashx?id=2019879&use=l&cat=p&typeid=i","cat":284457},{"id":5509,"n":"Pâtes Torsades Turini 1kg","p":1.29,"u":"1,29 €/KG","img":"https://fd13-photos.leclercdrive.fr/image.ashx?id=2980459&use=l&cat=p&typeid=i","cat":284427},{"id":5511,"n":"Sparadrap Primoplast Peaux délicates 5mx2.5cm","p":1.48,"img":"https://fd13-photos.leclercdrive.fr/image.ashx?id=2856426&use=l&cat=p&typeid=i","cat":284630},{"id":5513,"n":"Miel Nid d'Abeille Crémeux - 1 kg","p":6.39,"u":"6,39 €/KG","img":"https://fd13-photos.leclercdrive.fr/image.ashx?id=2550369&use=l&cat=p&typeid=i","cat":287643},{"id":5515,"n":"Vin mousseux d'Union Européenne  brut  -75cl","p":2.99,"u":"3,99 €/L","img":"https://fd13-photos.leclercdrive.fr/image.ashx?id=2807279&use=l&cat=p&typeid=i","cat":284544},{"id":5517,"n":"Canapés toasts Epi d'Or Nature - 280g","p":1.12,"u":"4,00 €/KG","img":"https://fd13-photos.leclercdrive.fr/image.ashx?id=1859140&use=l&cat=p&typeid=i","cat":285454},{"id":5526,"n":"Fromage Bleu d'Auvergne NRT  AOP - 125g","p":1.39,"u":"11,12 €/KG","img":"https://fd13-photos.leclercdrive.fr/image.ashx?id=2771040&use=l&cat=p&typeid=i","cat":314032},{"id":5529,"n":"Croquettes petits chiens Ultima  Poulet - Yorkshire - 800g","p":3.12,"u":"3,90 €/KG","img":"https://fd13-photos.leclercdrive.fr/image.ashx?id=2922224&use=l&cat=p&typeid=i","cat":294526},{"id":5536,"n":"Biscuits Pockitos Pépito Chocolat au lait - 295g","p":3.39,"u":"11,49 €/KG","img":"https://fd13-photos.leclercdrive.fr/image.ashx?id=3001955&use=l&cat=p&typeid=i","cat":284488},{"id":5561,"n":"Tampons Doulys Digitaux Super - x24","p":1.26,"u":"0,05 €/P","img":"https://fd13-photos.leclercdrive.fr/image.ashx?id=2965413&use=l&cat=p&typeid=i","cat":284626},{"id":5563,"n":"Biscuits P'tit Déli Délimousse 175g","p":1.51,"u":"8,63 €/KG","img":"https://fd13-photos.leclercdrive.fr/image.ashx?id=2540936&use=l&cat=p&typeid=i","cat":284495},{"id":5573,"n":"Quenelles Côté Table volaille Sauce champignons 400g","p":1.75,"u":"4,38 €/KG","img":"https://fd13-photos.leclercdrive.fr/image.ashx?id=2977135&use=l&cat=p&typeid=i","cat":284441},{"id":5574,"n":"Quenelles Côté Table saumon Sauce crevette 400g","p":1.8,"u":"4,50 €/KG","img":"https://fd13-photos.leclercdrive.fr/image.ashx?id=2977138&use=l&cat=p&typeid=i","cat":284441},{"id":5575,"n":"Compote Douceur du Verger Gourdes Pomme - 12x90g","p":2.7,"u":"2,50 €/KG","img":"https://fd13-photos.leclercdrive.fr/image.ashx?id=2837033&use=l&cat=p&typeid=i","cat":284508},{"id":5576,"n":"Biscuits choco barre P'tit Déli Chocolat lait 295g","p":2.64,"u":"8,95 €/KG","img":"https://fd13-photos.leclercdrive.fr/image.ashx?id=2618229&use=l&cat=p&typeid=i","cat":284488},{"id":5578,"n":"Cuillers à pâtisserie  P'tit Déli 300g","p":2.49,"u":"8,30 €/KG","img":"https://fd13-photos.leclercdrive.fr/image.ashx?id=2046352&use=l&cat=p&typeid=i","cat":284487},{"id":5579,"n":"Préfou à l'ail Paso 350g","p":4.3,"u":"12,29 €/KG","img":"https://fd13-photos.leclercdrive.fr/image.ashx?id=2332621&use=l&cat=p&typeid=i","cat":316003},{"id":5582,"n":"Chewing-gum Freedent white Fruits sans sucre x50 - 70g","p":2.5,"u":"35,71 €/KG","img":"https://fd13-photos.leclercdrive.fr/image.ashx?id=2237283&use=l&cat=p&typeid=i","cat":304251},{"id":5600,"n":"Pâté Hénaff 78g","p":1.24,"u":"15,90 €/KG","img":"https://fd13-photos.leclercdrive.fr/image.ashx?id=2280516&use=l&cat=p&typeid=i","cat":305149},{"id":5612,"n":"Eau de source Cristaline 6x1,5L","p":1.08,"u":"0,12 €/L","img":"https://fd13-photos.leclercdrive.fr/image.ashx?id=2389449&use=l&cat=p&typeid=i","cat":284535},{"id":5622,"n":"Croquettes chiens Lydog Spécial Forme - Volaille - 4kg","p":4.99,"u":"1,25 €/KG","img":"https://fd13-photos.leclercdrive.fr/image.ashx?id=2191117&use=l&cat=p&typeid=i","cat":284672},{"id":5630,"n":"Papier toilette blanc Mimosa Ultra doux maxi rouleau - x12","p":5.4,"u":"0,45 €/P","img":"https://fd13-photos.leclercdrive.fr/image.ashx?id=2777848&use=l&cat=p&typeid=i","cat":284634},{"id":5633,"n":"Soufflés Grignot' Tokapi Cacahuète - 90g","p":0.7,"u":"7,78 €/KG","img":"https://fd13-photos.leclercdrive.fr/image.ashx?id=2049223&use=l&cat=p&typeid=i","cat":284449},{"id":5772,"n":"Biscuits tartelette Bonne Maman Citron 125g","p":1.32,"u":"10,56 €/KG","img":"https://fd13-photos.leclercdrive.fr/image.ashx?id=2962296&use=l&cat=p&typeid=i","cat":284489},{"id":5823,"n":"Lait demi-écrémé Lactel Vitamine D Bouteille - 6x50cl","p":5.88,"u":"1,96 €/L","img":"https://fd13-photos.leclercdrive.fr/image.ashx?id=2993403&use=l&cat=p&typeid=i","cat":284377},{"id":5831,"n":"Ketchup Rustica Epicé - 560g","p":1.59,"u":"2,84 €/KG","img":"https://fd13-photos.leclercdrive.fr/image.ashx?id=3005667&use=l&cat=p&typeid=i","cat":284455},{"id":5833,"n":"Biscuits Cuillers P'tit Déli Dégustation x20 - 200g","p":2.49,"u":"12,45 €/KG","img":"https://fd13-photos.leclercdrive.fr/image.ashx?id=1856164&use=l&cat=p&typeid=i","cat":284487},{"id":5838,"n":"Petit salé Côté Table lentilles A l'auvergnate 420g","p":2.3,"u":"5,48 €/KG","img":"https://fd13-photos.leclercdrive.fr/image.ashx?id=2977123&use=l&cat=p&typeid=i","cat":284441},{"id":5844,"n":"Saumon Ronde des Mers Tranches pour toasts - 80g","p":4.59,"u":"57,38 €/KG","img":"https://fd13-photos.leclercdrive.fr/image.ashx?id=2449972&use=l&cat=p&typeid=i","cat":285188},{"id":5846,"n":"Saumon fumé Ronde des Mers Ecosse x8T - 300g","p":10.99,"u":"36,63 €/KG","img":"https://fd13-photos.leclercdrive.fr/image.ashx?id=2822726&use=l&cat=p&typeid=i","cat":285188},{"id":5859,"n":"Guacamole Tables du Monde 200g","p":2.29,"u":"13,09 €/KG","img":"https://fd13-photos.leclercdrive.fr/image.ashx?id=2872252&use=l&cat=p&typeid=i","cat":315999},{"id":5865,"n":"Actifidus Délisse Noix de coco - 4x125g","p":1.38,"u":"2,76 €/KG","img":"https://fd13-photos.leclercdrive.fr/image.ashx?id=2421039&use=l&cat=p&typeid=i","cat":315000},{"id":5866,"n":"Actifidus Délisse Vanille - 12x125g","p":2.58,"u":"1,72 €/KG","img":"https://fd13-photos.leclercdrive.fr/image.ashx?id=2751877&use=l&cat=p&typeid=i","cat":315000},{"id":5869,"n":"Spécialité au soja Nat & Vie Chocolat - 4x100g","p":1.34,"u":"3,35 €/KG","img":"https://fd13-photos.leclercdrive.fr/image.ashx?id=2901437&use=l&cat=p&typeid=i","cat":316071},{"id":5873,"n":"Beignets crevettes Tables du Monde x6 140g","p":2.06,"u":"14,71 €/KG","img":"https://fd13-photos.leclercdrive.fr/image.ashx?id=2865053&use=l&cat=p&typeid=i","cat":333673},{"id":5876,"n":"Court-bouillon Rustica 150g","p":1.25,"u":"8,33 €/KG","img":"https://fd13-photos.leclercdrive.fr/image.ashx?id=1743584&use=l&cat=p&typeid=i","cat":288379},{"id":5877,"n":"Petit pot de crème Délisse Chocolat - 8x100g","p":3.57,"u":"4,46 €/KG","img":"https://fd13-photos.leclercdrive.fr/image.ashx?id=2544970&use=l&cat=p&typeid=i","cat":285041},{"id":5878,"n":"Jus 3 agrumes Jafaden 1L","p":2.75,"u":"2,75 €/L","img":"https://fd13-photos.leclercdrive.fr/image.ashx?id=2916665&use=l&cat=p&typeid=i","cat":285435},{"id":5880,"n":"Yaourts mousse Petits Délis Fruits - 6x74g","p":1.77,"u":"3,99 €/KG","img":"https://fd13-photos.leclercdrive.fr/image.ashx?id=2907057&use=l&cat=p&typeid=i","cat":284414},{"id":5891,"n":"Tzatziki Tables du Monde 200g","p":1.59,"u":"7,95 €/KG","img":"https://fd13-photos.leclercdrive.fr/image.ashx?id=2872255&use=l&cat=p&typeid=i","cat":315999},{"id":5895,"n":"Tripes mode de caen NRT 600g","p":3.99,"u":"6,65 €/KG","img":"https://fd13-photos.leclercdrive.fr/image.ashx?id=2723198&use=l&cat=p&typeid=i","cat":284441},{"id":5896,"n":"Litière rongeurs P'tit Ami 15L","p":1.32,"u":"0,09 €/L","img":"https://fd13-photos.leclercdrive.fr/image.ashx?id=2162198&use=l&cat=p&typeid=i","cat":284677},{"id":5901,"n":"Filtre à café Melitta 1x4 Original - x40","p":0.99,"u":"0,02 €/P","img":"https://fd13-photos.leclercdrive.fr/image.ashx?id=2882053&use=l&cat=p&typeid=i","cat":284751},{"id":5907,"n":"Haricots beurre d'aucy Extra-fins - 440g","p":2.02,"u":"4,59 €/KG","img":"https://fd13-photos.leclercdrive.fr/image.ashx?id=2431536&use=l&cat=p&typeid=i","cat":312606},{"id":5909,"n":"Mini gâches briochettes NRT Pur beurre x8 - 360g","p":2.07,"u":"5,75 €/KG","img":"https://fd13-photos.leclercdrive.fr/image.ashx?id=2670416&use=l&cat=p&typeid=i","cat":284478},{"id":5911,"n":"Sel fin Cérébos 250g","p":0.71,"u":"2,84 €/KG","img":"https://fd13-photos.leclercdrive.fr/image.ashx?id=2904173&use=l&cat=p&typeid=i","cat":284457},{"id":5912,"n":"Sel fin iodé Cérébos 500g","p":0.55,"u":"1,10 €/KG","img":"https://fd13-photos.leclercdrive.fr/image.ashx?id=2522095&use=l&cat=p&typeid=i","cat":284457},{"id":5951,"n":"Ravioli bolognaise   Panzani - 800g","p":3.66,"u":"4,58 €/KG","img":"https://fd13-photos.leclercdrive.fr/image.ashx?id=2876062&use=l&cat=p&typeid=i","cat":284442},{"id":5952,"n":"Couscous Grain Moyen Ferrero - 1kg","p":2.32,"u":"2,32 €/KG","img":"https://fd13-photos.leclercdrive.fr/image.ashx?id=2744740&use=l&cat=p&typeid=i","cat":284429},{"id":5954,"n":"Café moulu San Marco Arabica - 2x250g","p":10.49,"u":"20,98 €/KG","img":"https://fd13-photos.leclercdrive.fr/image.ashx?id=2645510&use=l&cat=p&typeid=i","cat":284750},{"id":6035,"n":"Sauce tomate bio Jardin Bio' Provençale - 200g","p":1.64,"u":"8,20 €/KG","img":"https://fd13-photos.leclercdrive.fr/image.ashx?id=3014494&use=l&cat=p&typeid=i","cat":287599},{"id":6037,"n":"Ratatouille Jardin Bio' A la provençale bio - 650g","p":3.08,"u":"4,74 €/KG","img":"https://fd13-photos.leclercdrive.fr/image.ashx?id=2903230&use=l&cat=p&typeid=i","cat":312612},{"id":6038,"n":"Lentilles corail bio Jardin Bio 500g","p":3.17,"u":"6,34 €/KG","img":"https://fd13-photos.leclercdrive.fr/image.ashx?id=2415999&use=l&cat=p&typeid=i","cat":284430},{"id":6048,"n":"Sauce tomate Jardin Bio' Bio Basilic - 200g","p":1.64,"u":"8,20 €/KG","img":"https://fd13-photos.leclercdrive.fr/image.ashx?id=2967848&use=l&cat=p&typeid=i","cat":287599},{"id":6049,"n":"Ravioli Jardin Bio Bio légumes - 675g","p":3.3,"u":"4,89 €/KG","img":"https://fd13-photos.leclercdrive.fr/image.ashx?id=2534878&use=l&cat=p&typeid=i","cat":284442},{"id":6058,"n":"Spaguetti Jardin Bio Bio quinoa tomate - 500g","p":1.92,"u":"3,84 €/KG","img":"https://fd13-photos.leclercdrive.fr/image.ashx?id=3002108&use=l&cat=p&typeid=i","cat":284427},{"id":6063,"n":"Ketchup Jardin Bio' Bio - 560g","p":2.3,"u":"4,11 €/KG","img":"https://fd13-photos.leclercdrive.fr/image.ashx?id=2918316&use=l&cat=p&typeid=i","cat":284455},{"id":6067,"n":"Huile d'olive Bio Village Bio Vierge extra - 75cl","p":7.47,"u":"9,96 €/L","img":"https://fd13-photos.leclercdrive.fr/image.ashx?id=3005697&use=l&cat=p&typeid=i","cat":284453},{"id":6068,"n":"Spaghetti Bio Village Bio - 500g","p":0.83,"u":"1,66 €/KG","img":"https://fd13-photos.leclercdrive.fr/image.ashx?id=2503284&use=l&cat=p&typeid=i","cat":284427},{"id":6069,"n":"Pâtes Coquillettes Bio Village Bio - 500g","p":0.84,"u":"1,68 €/KG","img":"https://fd13-photos.leclercdrive.fr/image.ashx?id=2625364&use=l&cat=p&typeid=i","cat":284427},{"id":6070,"n":"Pâtes tagliatelles Bio Village Bio - 250g","p":1.65,"u":"6,60 €/KG","img":"https://fd13-photos.leclercdrive.fr/image.ashx?id=1986832&use=l&cat=p&typeid=i","cat":284427},{"id":6073,"n":"Crème fraîche bio Bio village Epaisse - 30% MG - 20cl","p":1.17,"u":"5,85 €/L","img":"https://fd13-photos.leclercdrive.fr/image.ashx?id=1975047&use=l&cat=p&typeid=i","cat":284381},{"id":6075,"n":"Quinoa Bio Village Bio - 500g","p":3.25,"u":"6,50 €/KG","img":"https://fd13-photos.leclercdrive.fr/image.ashx?id=2245755&use=l&cat=p&typeid=i","cat":284429},{"id":6076,"n":"Cookies chocolat Bio Village Bio 200g","p":2.74,"u":"13,70 €/KG","img":"https://fd13-photos.leclercdrive.fr/image.ashx?id=2400523&use=l&cat=p&typeid=i","cat":325066},{"id":6089,"n":"Pâtes Blé complet Barilla Spaghetti Integrale - 500g","p":1.23,"u":"2,46 €/KG","img":"https://fd13-photos.leclercdrive.fr/image.ashx?id=2986951&use=l&cat=p&typeid=i","cat":284427},{"id":6105,"n":"Biscuits apéritif Lay's 3D's Goût Nature Sel - 85g","p":0.81,"u":"9,53 €/KG","img":"https://fd13-photos.leclercdrive.fr/image.ashx?id=2917417&use=l&cat=p&typeid=i","cat":284449},{"id":6106,"n":"Biscuits apéritif Lay's 3D's Goût Fromage - 85g","p":0.81,"u":"9,53 €/KG","img":"https://fd13-photos.leclercdrive.fr/image.ashx?id=2923672&use=l&cat=p&typeid=i","cat":284449},{"id":6145,"n":"Biscuits Goûters REM Chocolat - 3x125g","p":2.29,"u":"6,11 €/KG","img":"https://fd13-photos.leclercdrive.fr/image.ashx?id=2841193&use=l&cat=p&typeid=i","cat":284488},{"id":6147,"n":"Biscuits barres Pockitos Pépito Chocolat au lait - 162g","p":1.81,"u":"11,17 €/KG","img":"https://fd13-photos.leclercdrive.fr/image.ashx?id=3001964&use=l&cat=p&typeid=i","cat":284488},{"id":6152,"n":"Pâtes gansettes Panzani 500g","p":1.17,"u":"2,34 €/KG","img":"https://fd13-photos.leclercdrive.fr/image.ashx?id=2876017&use=l&cat=p&typeid=i","cat":284427},{"id":6155,"n":"Pâtes Torti Panzani 3 Minutes - 500G","p":1.17,"u":"2,34 €/KG","img":"https://fd13-photos.leclercdrive.fr/image.ashx?id=2896084&use=l&cat=p&typeid=i","cat":284427},{"id":6165,"n":"Coquillettes Lustucru  3min - 500g","p":1.31,"u":"2,62 €/KG","img":"https://fd13-photos.leclercdrive.fr/image.ashx?id=2345697&use=l&cat=p&typeid=i","cat":284427},{"id":6169,"n":"Fromage apéritif Apéricube Nature 24 cubes","p":2.15,"u":"17,20 €/KG","img":"https://fd13-photos.leclercdrive.fr/image.ashx?id=2883447&use=l&cat=p&typeid=i","cat":314027},{"id":6185,"n":"Sucre glace Béghin Say 500g","p":1.9,"u":"3,80 €/KG","img":"https://fd13-photos.leclercdrive.fr/image.ashx?id=2593608&use=l&cat=p&typeid=i","cat":284502},{"id":6199,"n":"Beurre Moulé Paysan Breton Demi-sel - 80%MG - 250g","p":3.24,"u":"12,96 €/KG","img":"https://fd13-photos.leclercdrive.fr/image.ashx?id=2947844&use=l&cat=p&typeid=i","cat":284379},{"id":6222,"n":"Fromage à tartiner Les Croisés Noix - 25%mg - 125g","p":1.4,"u":"11,20 €/KG","img":"https://fd13-photos.leclercdrive.fr/image.ashx?id=2482621&use=l&cat=p&typeid=i","cat":314029},{"id":6223,"n":"Fromage Maroilles AOP  Nos Régions ont du Talent 200g","p":2.69,"u":"13,45 €/KG","img":"https://fd13-photos.leclercdrive.fr/image.ashx?id=2411892&use=l&cat=p&typeid=i","cat":329558},{"id":6249,"n":"Céleri Menu Fraîcheur  Rémoulade - 500g","p":1.58,"u":"3,16 €/KG","img":"https://fd13-photos.leclercdrive.fr/image.ashx?id=2820107&use=l&cat=p&typeid=i","cat":333657},{"id":6254,"n":"Salade Coleslaw Menu Fraîcheur  300g","p":1.19,"u":"3,97 €/KG","img":"https://fd13-photos.leclercdrive.fr/image.ashx?id=2645891&use=l&cat=p&typeid=i","cat":333657},{"id":6256,"n":"Pizza Turini Jambon champignons - 450g","p":2.73,"u":"6,07 €/KG","img":"https://fd13-photos.leclercdrive.fr/image.ashx?id=2709734&use=l&cat=p&typeid=i","cat":333679},{"id":6291,"n":"Semoule fine Panzani 500g","p":1.13,"u":"2,26 €/KG","img":"https://fd13-photos.leclercdrive.fr/image.ashx?id=2745559&use=l&cat=p&typeid=i","cat":284429},{"id":6316,"n":"Escalope de poulet Côté Croc À la Bolognaise x2 - 200g","p":2.13,"u":"10,65 €/KG","img":"https://fd13-photos.leclercdrive.fr/image.ashx?id=2814420&use=l&cat=p&typeid=i","cat":333683},{"id":6343,"n":"Garniture de céleris  Notre Jardin - 250g","p":0.99,"u":"3,96 €/KG","img":"https://fd13-photos.leclercdrive.fr/image.ashx?id=2529534&use=l&cat=p&typeid=i","cat":312612},{"id":6348,"n":"Tarama Ronde des Mers Oeufs de cabillaud - 250g","p":2.3,"u":"9,20 €/KG","img":"https://fd13-photos.leclercdrive.fr/image.ashx?id=982201&use=l&cat=p&typeid=i","cat":315999},{"id":6350,"n":"Eponges Mamison couleur Super absorbantes x3","p":1.22,"u":"0,41 €/P","img":"https://fd13-photos.leclercdrive.fr/image.ashx?id=2458049&use=l&cat=p&typeid=i","cat":284667},{"id":6353,"n":"Pancetta italienne Saint Azay 10 tranches - 100g","p":2.89,"u":"28,90 €/KG","img":"https://fd13-photos.leclercdrive.fr/image.ashx?id=2665847&use=l&cat=p&typeid=i","cat":316007},{"id":6354,"n":"Miel Nid d'Abeille Crémeux - 500 g","p":3.92,"u":"7,84 €/KG","img":"https://fd13-photos.leclercdrive.fr/image.ashx?id=2676534&use=l&cat=p&typeid=i","cat":287643},{"id":6355,"n":"AOC Clairette de Die doux Rives et Terrasses - 75cl","p":5.29,"u":"7,05 €/L","img":"https://fd13-photos.leclercdrive.fr/image.ashx?id=2753369&use=l&cat=p&typeid=i","cat":284544},{"id":6357,"n":"Chorizo doux Saint Azay 30 tranches - 150g","p":2.09,"u":"13,93 €/KG","img":"https://fd13-photos.leclercdrive.fr/image.ashx?id=1873710&use=l&cat=p&typeid=i","cat":316007},{"id":6358,"n":"Gel nettoyant wc javel Syphon Agrumes 750ml","p":0.89,"u":"1,19 €/L","img":"https://fd13-photos.leclercdrive.fr/image.ashx?id=2669696&use=l&cat=p&typeid=i","cat":284662},{"id":6359,"n":"Croûtons Epi d'Or Fromage - 90g","p":0.99,"u":"11,00 €/KG","img":"https://fd13-photos.leclercdrive.fr/image.ashx?id=2651783&use=l&cat=p&typeid=i","cat":284464},{"id":6360,"n":"Croûtons Epi d'Or  Oignon - 90g","p":0.99,"u":"11,00 €/KG","img":"https://fd13-photos.leclercdrive.fr/image.ashx?id=2640986&use=l&cat=p&typeid=i","cat":284464},{"id":6361,"n":"Crème Dépilatoire Siliss Tous types de peaux - 200ml","p":1.79,"u":"8,95 €/L","img":"https://fd13-photos.leclercdrive.fr/image.ashx?id=2699678&use=l&cat=p&typeid=i","cat":325351},{"id":6362,"n":"Mélange Gourmand Tokapi  Graines et raisins - 120g","p":1.29,"u":"10,75 €/KG","img":"https://fd13-photos.leclercdrive.fr/image.ashx?id=2795547&use=l&cat=p&typeid=i","cat":284448},{"id":6364,"n":"Fromage Reblochon de Savoie NRT AOP - 450g","p":6.25,"u":"13,89 €/KG","img":"https://fd13-photos.leclercdrive.fr/image.ashx?id=2403285&use=l&cat=p&typeid=i","cat":314037},{"id":6365,"n":"Galettes sarrasin NRT de Bretagne 230g","p":1.79,"u":"7,78 €/KG","img":"https://fd13-photos.leclercdrive.fr/image.ashx?id=2770259&use=l&cat=p&typeid=i","cat":333672},{"id":6366,"n":"Crêpes de froment NRT de Bretagne 180g","p":1.99,"u":"11,06 €/KG","img":"https://fd13-photos.leclercdrive.fr/image.ashx?id=2771058&use=l&cat=p&typeid=i","cat":333672},{"id":6368,"n":"Gâche tranchée La Fournée Dorée Au sucre - 500g","p":3.18,"u":"6,36 €/KG","img":"https://fd13-photos.leclercdrive.fr/image.ashx?id=2347032&use=l&cat=p&typeid=i","cat":284478},{"id":6391,"n":"Compotes Andros Pomme poire 750g","p":1.78,"u":"2,37 €/KG","img":"https://fd13-photos.leclercdrive.fr/image.ashx?id=2396117&use=l&cat=p&typeid=i","cat":284508},{"id":6392,"n":"Compotes Andros Pomme vanille 750g","p":1.79,"u":"2,39 €/KG","img":"https://fd13-photos.leclercdrive.fr/image.ashx?id=2396120&use=l&cat=p&typeid=i","cat":284508},{"id":6434,"n":"Eau gazeuse Cristaline 6x1,5L","p":2.03,"u":"0,23 €/L","img":"https://fd13-photos.leclercdrive.fr/image.ashx?id=2694602&use=l&cat=p&typeid=i","cat":284536},{"id":6437,"n":"Fromage P'tit Louis  Filet 8 Portions - 160g","p":2.77,"u":"17,31 €/KG","img":"https://fd13-photos.leclercdrive.fr/image.ashx?id=2845994&use=l&cat=p&typeid=i","cat":314030},{"id":6448,"n":"Petits pois carottes Très fins  Notre Jardin -A l'étuvée - 265g","p":0.95,"u":"3,58 €/KG","img":"https://fd13-photos.leclercdrive.fr/image.ashx?id=2987973&use=l&cat=p&typeid=i","cat":312607},{"id":6452,"n":"Flan Délisse Vanille Caramel - 12x100g","p":1.89,"u":"1,58 €/KG","img":"https://fd13-photos.leclercdrive.fr/image.ashx?id=2851637&use=l&cat=p&typeid=i","cat":284420},{"id":6455,"n":"Soufflés Snacks Tokapi Bacon - 60g","p":0.48,"u":"8,00 €/KG","img":"https://fd13-photos.leclercdrive.fr/image.ashx?id=2625062&use=l&cat=p&typeid=i","cat":284449},{"id":6456,"n":"Haricots beurre d'aucy Extra-fins - 220g","p":1.34,"u":"6,09 €/KG","img":"https://fd13-photos.leclercdrive.fr/image.ashx?id=2438123&use=l&cat=p&typeid=i","cat":312606},{"id":6461,"n":"Crème dessert Mont Blanc Riz au lait Vanille - 4x125g","p":3.29,"u":"6,58 €/KG","img":"https://fd13-photos.leclercdrive.fr/image.ashx?id=2979614&use=l&cat=p&typeid=i","cat":284506},{"id":6467,"n":"Pâtes Macaroni Turini 1kg","p":1.35,"u":"1,35 €/KG","img":"https://fd13-photos.leclercdrive.fr/image.ashx?id=2980432&use=l&cat=p&typeid=i","cat":284427},{"id":6471,"n":"Lingettes Individuelles Hygiène Intime Hamamélis Intima x16","p":2.37,"u":"0,15 €/P","img":"https://fd13-photos.leclercdrive.fr/image.ashx?id=2959859&use=l&cat=p&typeid=i","cat":284627},{"id":6472,"n":"Miel L'Apiculteur crémeux  et onctueux- 500g","p":6.25,"u":"12,50 €/KG","img":"https://fd13-photos.leclercdrive.fr/image.ashx?id=2854387&use=l&cat=p&typeid=i","cat":287643},{"id":6486,"n":"Biscuits apéritif Lay's 3D's Goût Bacon - 85g","p":0.8,"u":"9,41 €/KG","img":"https://fd13-photos.leclercdrive.fr/image.ashx?id=2917414&use=l&cat=p&typeid=i","cat":284449},{"id":6496,"n":"Sauce au Beurre Blan KNORR Échalote - Brique 30cl","p":1.3,"u":"4,33 €/L","img":"https://fd13-photos.leclercdrive.fr/image.ashx?id=2915991&use=l&cat=p&typeid=i","cat":288381},{"id":6512,"n":"Riz long Comptoir du Grain Sachet cuisson rapide x4 - 500g","p":1.25,"u":"2,50 €/KG","img":"https://fd13-photos.leclercdrive.fr/image.ashx?id=2118454&use=l&cat=p&typeid=i","cat":284428},{"id":6513,"n":"Vinaigre de vin Rustica Aromatisé à l'échalote - 75cl","p":1.35,"u":"1,80 €/L","img":"https://fd13-photos.leclercdrive.fr/image.ashx?id=1659936&use=l&cat=p&typeid=i","cat":298543},{"id":6514,"n":"Margarine Nat & vie Idéal cuisson - 500g","p":1.29,"u":"2,58 €/KG","img":"https://fd13-photos.leclercdrive.fr/image.ashx?id=2903932&use=l&cat=p&typeid=i","cat":315229},{"id":6516,"n":"Gâteaux P'tit Déli Pépites au chocolat 5x30g","p":1.02,"u":"6,80 €/KG","img":"https://fd13-photos.leclercdrive.fr/image.ashx?id=1986647&use=l&cat=p&typeid=i","cat":284495},{"id":6519,"n":"Soufflés Frites Tokapi Salé - 80g","p":0.65,"u":"8,13 €/KG","img":"https://fd13-photos.leclercdrive.fr/image.ashx?id=2486074&use=l&cat=p&typeid=i","cat":284449},{"id":6521,"n":"Pâtes chinoises Tables du Monde 250g","p":1.19,"u":"4,76 €/KG","img":"https://fd13-photos.leclercdrive.fr/image.ashx?id=2572058&use=l&cat=p&typeid=i","cat":288992},{"id":6523,"n":"Champignons Paris Notre Jardin Emincés - 2x115g","p":1.71,"u":"7,43 €/KG","img":"https://fd13-photos.leclercdrive.fr/image.ashx?id=2991124&use=l&cat=p&typeid=i","cat":312610},{"id":6526,"n":"Serviette hygiénique Doulys Ultra - Spécial nuit - x10","p":1.29,"u":"0,13 €/P","img":"https://fd13-photos.leclercdrive.fr/image.ashx?id=2838921&use=l&cat=p&typeid=i","cat":284624},{"id":6579,"n":"Vinaigre d'alcool coloré Eco+ 1L","p":0.35,"u":"0,35 €/L","img":"https://fd13-photos.leclercdrive.fr/image.ashx?id=2991410&use=l&cat=p&typeid=i","cat":298543},{"id":6580,"n":"Fromage de chévre Les Croisés 150g","p":1.42,"u":"9,47 €/KG","img":"https://fd13-photos.leclercdrive.fr/image.ashx?id=2978510&use=l&cat=p&typeid=i","cat":314031},{"id":6589,"n":"Fromage Chaource NRT AOP  250g","p":3.55,"u":"14,20 €/KG","img":"https://fd13-photos.leclercdrive.fr/image.ashx?id=2874768&use=l&cat=p&typeid=i","cat":329558},{"id":6630,"n":"Pâtes torsettes Turini Les 3 min - 500g","p":0.82,"u":"1,64 €/KG","img":"https://fd13-photos.leclercdrive.fr/image.ashx?id=2607467&use=l&cat=p&typeid=i","cat":284427},{"id":6633,"n":"Eau déminéralisée 5L","p":1.45,"u":"0,29 €/L","img":"https://fd13-photos.leclercdrive.fr/image.ashx?id=2277020&use=l&cat=p&typeid=i","cat":284653},{"id":6714,"n":"Fromage raclette Entremont Saveur d'Antan 350g","p":4.63,"u":"13,23 €/KG","img":"https://fd13-photos.leclercdrive.fr/image.ashx?id=2984985&use=l&cat=p&typeid=i","cat":314037},{"id":6780,"n":"Ail semoule Ducros 60g","p":1.61,"u":"26,83 €/KG","img":"https://fd13-photos.leclercdrive.fr/image.ashx?id=2498672&use=l&cat=p&typeid=i","cat":298297},{"id":6803,"n":"Pralin Vahiné 100g","p":2.16,"u":"21,60 €/KG","img":"https://fd13-photos.leclercdrive.fr/image.ashx?id=2559775&use=l&cat=p&typeid=i","cat":284504},{"id":6809,"n":"Arôme naturel de vanille Vahiné Liquide 50ml","p":3.83,"u":"76,60 €/L","img":"https://fd13-photos.leclercdrive.fr/image.ashx?id=2541193&use=l&cat=p&typeid=i","cat":284504},{"id":6831,"n":"Sucre en poudre Daddy 1kg","p":1.61,"u":"1,61 €/KG","img":"https://fd13-photos.leclercdrive.fr/image.ashx?id=2936062&use=l&cat=p&typeid=i","cat":284502},{"id":6838,"n":"Joker Pur Jus Engagé Orange  avec pulpe - 1L","p":3.23,"u":"3,23 €/L","img":"https://fd13-photos.leclercdrive.fr/image.ashx?id=3001284&use=l&cat=p&typeid=i","cat":284521},{"id":6843,"n":"AOP Champagne Alfred Rothschild Brut 12.5%vol - 75cl","p":22.19,"u":"29,59 €/L","img":"https://fd13-photos.leclercdrive.fr/image.ashx?id=2979683&use=l&cat=p&typeid=i","cat":284542},{"id":6847,"n":"Canapés toasts Epi d'Or Briochés - 250g","p":1.12,"u":"4,48 €/KG","img":"https://fd13-photos.leclercdrive.fr/image.ashx?id=2564488&use=l&cat=p&typeid=i","cat":285454},{"id":6879,"n":"Fromage Gouda Les Croisés En tranche - 200g","p":1.97,"u":"9,85 €/KG","img":"https://fd13-photos.leclercdrive.fr/image.ashx?id=2028173&use=l&cat=p&typeid=i","cat":314028},{"id":6880,"n":"Fromage Mimolette Les Croisés En tranche x8 - 200g","p":1.85,"u":"9,25 €/KG","img":"https://fd13-photos.leclercdrive.fr/image.ashx?id=2028176&use=l&cat=p&typeid=i","cat":314028},{"id":6881,"n":"Fromage Maasdam Les Croisés En tranche x8 - 200g","p":1.91,"u":"9,55 €/KG","img":"https://fd13-photos.leclercdrive.fr/image.ashx?id=1990673&use=l&cat=p&typeid=i","cat":314028},{"id":6928,"n":"Préparation pour fondue Les Croisés 18%mg 400g","p":3.42,"u":"8,55 €/KG","img":"https://fd13-photos.leclercdrive.fr/image.ashx?id=2791761&use=l&cat=p&typeid=i","cat":314037},{"id":7000,"n":"Céréales Babybio Bio 6 mois Vanille - 220g","p":4.24,"u":"19,27 €/KG","img":"https://fd13-photos.leclercdrive.fr/image.ashx?id=2733250&use=l&cat=p&typeid=i","cat":312225},{"id":7001,"n":"Céréales Babybio - Dès 8 mois Bio Cacao  - 220g","p":4.15,"u":"18,86 €/KG","img":"https://fd13-photos.leclercdrive.fr/image.ashx?id=2837751&use=l&cat=p&typeid=i","cat":312225},{"id":7013,"n":"Compote bébé Babybio Bio 4 mois Pomme / Pêche - 2x130g","p":2.32,"u":"8,92 €/KG","img":"https://fd13-photos.leclercdrive.fr/image.ashx?id=2859362&use=l&cat=p&typeid=i","cat":312387},{"id":7014,"n":"Compote bébé bio Babybio Pomme abricot - 4 mois - 2x130g","p":2.32,"u":"8,92 €/KG","img":"https://fd13-photos.leclercdrive.fr/image.ashx?id=2838320&use=l&cat=p&typeid=i","cat":312387},{"id":7016,"n":"Compote bébé Babybio Bio 4 mois Pomme / Pruneau - 2x130g","p":2.1,"u":"8,08 €/KG","img":"https://fd13-photos.leclercdrive.fr/image.ashx?id=2838326&use=l&cat=p&typeid=i","cat":312387},{"id":7017,"n":"Compote bébé Babybio Bio 4 mois Pomme / Banane - 2x130g","p":1.93,"u":"7,42 €/KG","img":"https://fd13-photos.leclercdrive.fr/image.ashx?id=2832011&use=l&cat=p&typeid=i","cat":312387},{"id":7025,"n":"Pizza Cuite sur pierre Turini Jambon fromage - 400g","p":2.85,"u":"7,13 €/KG","img":"https://fd13-photos.leclercdrive.fr/image.ashx?id=2815223&use=l&cat=p&typeid=i","cat":284256},{"id":7029,"n":"Velouté de carotte Régal A la Crème fraîche - 1L","p":1.41,"u":"1,41 €/L","img":"https://fd13-photos.leclercdrive.fr/image.ashx?id=2905889&use=l&cat=p&typeid=i","cat":284462},{"id":7030,"n":"Sauce Tomate cuisinée Turini Aux petits légumes - 180g","p":0.84,"u":"4,67 €/KG","img":"https://fd13-photos.leclercdrive.fr/image.ashx?id=2490034&use=l&cat=p&typeid=i","cat":288384},{"id":7056,"n":"Soupe de poissons MSC Pêche Océan - 1kg","p":2.99,"u":"2,99 €/KG","img":"https://fd13-photos.leclercdrive.fr/image.ashx?id=2480060&use=l&cat=p&typeid=i","cat":287366},{"id":7071,"n":"Petits Boudoirs Babybio Bio - Orange Douce - 120g","p":2.65,"u":"22,08 €/KG","img":"https://fd13-photos.leclercdrive.fr/image.ashx?id=2733262&use=l&cat=p&typeid=i","cat":312227},{"id":7085,"n":"Vin mousseux d'Union Européenne  Demi-sec -75cl","p":2.89,"u":"3,85 €/L","img":"https://fd13-photos.leclercdrive.fr/image.ashx?id=1951019&use=l&cat=p&typeid=i","cat":284544},{"id":7127,"n":"Sauce soja Jardin Bio' Bio - 125ml","p":2.44,"u":"19,52 €/L","img":"https://fd13-photos.leclercdrive.fr/image.ashx?id=2740118&use=l&cat=p&typeid=i","cat":288992},{"id":7132,"n":"Samoussa Tables du Monde Crevette curry - x6 - 200g","p":3.19,"u":"13,87 €/KG","img":"https://fd13-photos.leclercdrive.fr/image.ashx?id=2591712&use=l&cat=p&typeid=i","cat":333673},{"id":7199,"n":"Crème noix coco Kara - brique de 200ml","p":1.66,"u":"8,30 €/KG","img":"https://fd13-photos.leclercdrive.fr/image.ashx?id=2906892&use=l&cat=p&typeid=i","cat":288992},{"id":7216,"n":"Talc bébé Mots d'Enfants 250g","p":1.89,"u":"7,56 €/KG","img":"https://fd13-photos.leclercdrive.fr/image.ashx?id=3015033&use=l&cat=p&typeid=i","cat":284741},{"id":7264,"n":"Secret de mousse La laitière Café - 4x59g","p":1.71,"u":"7,25 €/KG","img":"https://fd13-photos.leclercdrive.fr/image.ashx?id=2651378&use=l&cat=p&typeid=i","cat":284417},{"id":7283,"n":"Compote Douceur du Verger Pomme banane - 4x100g","p":1.25,"u":"3,13 €/KG","img":"https://fd13-photos.leclercdrive.fr/image.ashx?id=1944099&use=l&cat=p&typeid=i","cat":284416},{"id":7284,"n":"Compote Douceur du Verger Pomme Fraise - 4x100g","p":1.09,"u":"2,73 €/KG","img":"https://fd13-photos.leclercdrive.fr/image.ashx?id=2607873&use=l&cat=p&typeid=i","cat":284416},{"id":7289,"n":"Crème Dépilatoire Siliss Peaux sensibles - 200ml","p":1.79,"u":"8,95 €/L","img":"https://fd13-photos.leclercdrive.fr/image.ashx?id=2699675&use=l&cat=p&typeid=i","cat":325351},{"id":7293,"n":"Râpé 3 fromages Les Croisés 200g","p":1.79,"u":"8,95 €/KG","img":"https://fd13-photos.leclercdrive.fr/image.ashx?id=2860067&use=l&cat=p&typeid=i","cat":314035},{"id":7294,"n":"Huile de tournesol Bio Village Bio - 75cl","p":3.59,"u":"4,79 €/L","img":"https://fd13-photos.leclercdrive.fr/image.ashx?id=2894746&use=l&cat=p&typeid=i","cat":284453},{"id":7315,"n":"Concentré de tomates Eco+ 2x140g","p":1.28,"u":"4,57 €/KG","img":"https://fd13-photos.leclercdrive.fr/image.ashx?id=2683511&use=l&cat=p&typeid=i","cat":288384},{"id":7316,"n":"Concentré de tomates Eco+ 3x70g","p":1.75,"u":"8,33 €/KG","img":"https://fd13-photos.leclercdrive.fr/image.ashx?id=2681571&use=l&cat=p&typeid=i","cat":288384},{"id":7344,"n":"Pâtes petits paniers Panzani 500g","p":1.17,"u":"2,34 €/KG","img":"https://fd13-photos.leclercdrive.fr/image.ashx?id=2876014&use=l&cat=p&typeid=i","cat":284427},{"id":7345,"n":"Pâtes serpentini Panzani 500g","p":0.99,"u":"1,98 €/KG","img":"https://fd13-photos.leclercdrive.fr/image.ashx?id=2876044&use=l&cat=p&typeid=i","cat":284427},{"id":7349,"n":"Croquettes chat One Purina Stérilisé - Boeuf/Blé - 450g","p":2.5,"u":"5,56 €/KG","img":"https://fd13-photos.leclercdrive.fr/image.ashx?id=2681044&use=l&cat=p&typeid=i","cat":284680},{"id":7360,"n":"Mortadelle Italienne Saint Azay 12 tranches 150g","p":2.14,"u":"14,27 €/KG","img":"https://fd13-photos.leclercdrive.fr/image.ashx?id=2704481&use=l&cat=p&typeid=i","cat":316009},{"id":7361,"n":"Fromage Edam Les Croisés En tranche x8 - 200g","p":1.97,"u":"9,85 €/KG","img":"https://fd13-photos.leclercdrive.fr/image.ashx?id=2041351&use=l&cat=p&typeid=i","cat":314028},{"id":7362,"n":"Riz Basmati Comptoir du Grain Express 2 min - 250g","p":0.99,"u":"3,96 €/KG","img":"https://fd13-photos.leclercdrive.fr/image.ashx?id=2441192&use=l&cat=p&typeid=i","cat":287600},{"id":7363,"n":"Riz Express Comptoir du Grain A la méditerranéenne - 250g","p":1.2,"u":"4,80 €/KG","img":"https://fd13-photos.leclercdrive.fr/image.ashx?id=2856474&use=l&cat=p&typeid=i","cat":287600},{"id":7364,"n":"Sauce au poivre vert Rustica 30g","p":0.6,"u":"20,00 €/KG","img":"https://fd13-photos.leclercdrive.fr/image.ashx?id=2965422&use=l&cat=p&typeid=i","cat":288381},{"id":7375,"n":"Lunettes de Romans NRT Fraise - 350g","p":2.75,"u":"7,86 €/KG","img":"https://fd13-photos.leclercdrive.fr/image.ashx?id=2791920&use=l&cat=p&typeid=i","cat":284489},{"id":7376,"n":"Lunettes de Romans NRT Myrtille - 350g","p":2.89,"u":"8,26 €/KG","img":"https://fd13-photos.leclercdrive.fr/image.ashx?id=2791923&use=l&cat=p&typeid=i","cat":284487},{"id":7378,"n":"Jambon d'Auvergne IGP NRT x4 - 100g","p":3.4,"u":"34,00 €/KG","img":"https://fd13-photos.leclercdrive.fr/image.ashx?id=2670419&use=l&cat=p&typeid=i","cat":316007},{"id":7381,"n":"Sachet repas chats Gourmet 4 variétés poissons - 4x85g","p":1.83,"u":"5,38 €/KG","img":"https://fd13-photos.leclercdrive.fr/image.ashx?id=2867788&use=l&cat=p&typeid=i","cat":285286},{"id":7424,"n":"Bouillon Cubes bouquet garni Knorr - thym persil laurier -x9","p":1.3,"u":"13,13 €/KG","img":"https://fd13-photos.leclercdrive.fr/image.ashx?id=2915667&use=l&cat=p&typeid=i","cat":288379},{"id":7432,"n":"Huile de friture Frial Lesieur 2L","p":6.16,"u":"3,08 €/L","img":"https://fd13-photos.leclercdrive.fr/image.ashx?id=2916857&use=l&cat=p&typeid=i","cat":284453},{"id":7433,"n":"Vinaigrette Rustica Fines herbes - 50cl","p":1.19,"u":"2,38 €/L","img":"https://fd13-photos.leclercdrive.fr/image.ashx?id=1964912&use=l&cat=p&typeid=i","cat":284456},{"id":7436,"n":"Assortiment biscuits P'tit Déli Biscuits fins - 750g","p":7.8,"u":"10,40 €/KG","img":"https://fd13-photos.leclercdrive.fr/image.ashx?id=2535643&use=l&cat=p&typeid=i","cat":284490},{"id":7437,"n":"Pâte brisée Tablier Blanc Au beurre - 230g","p":1.19,"u":"5,17 €/KG","img":"https://fd13-photos.leclercdrive.fr/image.ashx?id=2635892&use=l&cat=p&typeid=i","cat":333681},{"id":7441,"n":"Huile de friture Rustica 1L","p":2.75,"u":"2,75 €/L","img":"https://fd13-photos.leclercdrive.fr/image.ashx?id=2900331&use=l&cat=p&typeid=i","cat":284453},{"id":7444,"n":"Dessert fruitier pomme Douceur du Verger s/sucre 4x97g","p":1.05,"u":"2,71 €/KG","img":"https://fd13-photos.leclercdrive.fr/image.ashx?id=2425440&use=l&cat=p&typeid=i","cat":284416},{"id":7450,"n":"Gâteaux fourrés P'tit Déli Fraise x7 - 196g","p":2.8,"u":"14,29 €/KG","img":"https://fd13-photos.leclercdrive.fr/image.ashx?id=2659777&use=l&cat=p&typeid=i","cat":284495},{"id":7452,"n":"Tubes Fromage blanc Délisse 3 parfums - 12 x40g","p":2.38,"u":"4,96 €/KG","img":"https://fd13-photos.leclercdrive.fr/image.ashx?id=2884231&use=l&cat=p&typeid=i","cat":284415},{"id":7455,"n":"Fromage Bleu des Causses NRT  AOP - 125g","p":1.99,"u":"15,92 €/KG","img":"https://fd13-photos.leclercdrive.fr/image.ashx?id=2771043&use=l&cat=p&typeid=i","cat":314032},{"id":7457,"n":"Yaourts de Savoie NRT  Fraise Cerise - 4x150g","p":2.35,"u":"3,92 €/KG","img":"https://fd13-photos.leclercdrive.fr/image.ashx?id=2920803&use=l&cat=p&typeid=i","cat":284410},{"id":7459,"n":"Pâtes Barilla Spaghetti n°5 - 500g","p":0.93,"u":"1,86 €/KG","img":"https://fd13-photos.leclercdrive.fr/image.ashx?id=2392200&use=l&cat=p&typeid=i","cat":284427},{"id":7465,"n":"Actifidus Délisse Citron - 4x125g","p":1.36,"u":"2,72 €/KG","img":"https://fd13-photos.leclercdrive.fr/image.ashx?id=2501673&use=l&cat=p&typeid=i","cat":315000},{"id":7466,"n":"Pain grillé Epi d'or Brioché x26 - 300g","p":2.15,"u":"7,17 €/KG","img":"https://fd13-photos.leclercdrive.fr/image.ashx?id=2532835&use=l&cat=p&typeid=i","cat":284479},{"id":7529,"n":"Fromage Comté Entremont 200g","p":3.11,"u":"15,55 €/KG","img":"https://fd13-photos.leclercdrive.fr/image.ashx?id=2983144&use=l&cat=p&typeid=i","cat":314034},{"id":7531,"n":"Faisselle Rians 6%mg - 500g","p":1.99,"u":"3,98 €/KG","img":"https://fd13-photos.leclercdrive.fr/image.ashx?id=2542324&use=l&cat=p&typeid=i","cat":284409},{"id":7536,"n":"Cervelas rémoulade P. Martinet Moutarde de dijon - 300g","p":2.8,"u":"9,33 €/KG","img":"https://fd13-photos.leclercdrive.fr/image.ashx?id=2733079&use=l&cat=p&typeid=i","cat":333657},{"id":7540,"n":"Barquette chiens Lydog Au Poulet et Rognons - 300g","p":1.35,"u":"4,50 €/KG","img":"https://fd13-photos.leclercdrive.fr/image.ashx?id=2042427&use=l&cat=p&typeid=i","cat":284673},{"id":7541,"n":"Barquette chiens Lydog Au Boeuf et Coeur - 300g","p":1.63,"u":"5,43 €/KG","img":"https://fd13-photos.leclercdrive.fr/image.ashx?id=2042430&use=l&cat=p&typeid=i","cat":284673},{"id":7542,"n":"Barquette chien Lydog au Foie et Volailles - 300g","p":1.45,"u":"4,83 €/KG","img":"https://fd13-photos.leclercdrive.fr/image.ashx?id=2042436&use=l&cat=p&typeid=i","cat":284673},{"id":7548,"n":"Ail Rustica 100g","p":1.69,"u":"16,90 €/KG","img":"https://fd13-photos.leclercdrive.fr/image.ashx?id=2365451&use=l&cat=p&typeid=i","cat":319804},{"id":7549,"n":"Persil Rustica 50g","p":0.99,"u":"19,80 €/KG","img":"https://fd13-photos.leclercdrive.fr/image.ashx?id=2365454&use=l&cat=p&typeid=i","cat":319804},{"id":7560,"n":"Barquettes chats Tous mes amis Mousselines 4 variétés - 4x85g","p":1.75,"u":"5,15 €/KG","img":"https://fd13-photos.leclercdrive.fr/image.ashx?id=2815749&use=l&cat=p&typeid=i","cat":285286},{"id":7563,"n":"Coulis de tomate bio Jardin Bio 500g","p":1.68,"u":"3,36 €/KG","img":"https://fd13-photos.leclercdrive.fr/image.ashx?id=2918841&use=l&cat=p&typeid=i","cat":288384},{"id":7578,"n":"Thé vert bio orange Jardin Bio' Bergamote Max Havelaar x20 30g","p":2.67,"u":"89,00 €/KG","img":"https://fd13-photos.leclercdrive.fr/image.ashx?id=2792666&use=l&cat=p&typeid=i","cat":293233},{"id":7585,"n":"Echalote Rustica 100g","p":1.69,"u":"16,90 €/KG","img":"https://fd13-photos.leclercdrive.fr/image.ashx?id=2365457&use=l&cat=p&typeid=i","cat":319804},{"id":7589,"n":"Biscuits Mikado LU Chocolat au lait - 3x39g","p":2.15,"u":"18,38 €/KG","img":"https://fd13-photos.leclercdrive.fr/image.ashx?id=3001970&use=l&cat=p&typeid=i","cat":284488},{"id":7598,"n":"Ravioli de volaille Jardin Bio' Bio - 700g","p":4.24,"u":"6,06 €/KG","img":"https://fd13-photos.leclercdrive.fr/image.ashx?id=2950183&use=l&cat=p&typeid=i","cat":284442},{"id":7599,"n":"Haricots verts Jardin Bio' Bio extra fin coupés - 360g","p":2.52,"u":"7,00 €/KG","img":"https://fd13-photos.leclercdrive.fr/image.ashx?id=2967151&use=l&cat=p&typeid=i","cat":312606},{"id":7600,"n":"Petits pois carottes JardinBio' Bio - 420g","p":2.49,"u":"5,93 €/KG","img":"https://fd13-photos.leclercdrive.fr/image.ashx?id=2947958&use=l&cat=p&typeid=i","cat":312607},{"id":7601,"n":"Dessert fruitier Jardin Bio' bio Pomme vanille bourbon 680g","p":2.7,"u":"3,97 €/KG","img":"https://fd13-photos.leclercdrive.fr/image.ashx?id=2967786&use=l&cat=p&typeid=i","cat":284508},{"id":7646,"n":"Spaghetti Jardin Bio Bio quinoa persil ail - 500g","p":2.03,"u":"4,06 €/KG","img":"https://fd13-photos.leclercdrive.fr/image.ashx?id=3014542&use=l&cat=p&typeid=i","cat":284427},{"id":7655,"n":"Compote Andros Pomme framboise - 4x100g","p":1.72,"u":"4,30 €/KG","img":"https://fd13-photos.leclercdrive.fr/image.ashx?id=2907875&use=l&cat=p&typeid=i","cat":284416},{"id":7713,"n":"Dessert fruitier pomme pruneaux Douceur du Verger s/sucre4x100g","p":1.54,"u":"3,85 €/KG","img":"https://fd13-photos.leclercdrive.fr/image.ashx?id=1962960&use=l&cat=p&typeid=i","cat":284416},{"id":7744,"n":"Galette Céréal Bio   Bio quinoa Tomate x2 200G","p":2.14,"u":"10,70 €/KG","img":"https://fd13-photos.leclercdrive.fr/image.ashx?id=2968181&use=l&cat=p&typeid=i","cat":284953},{"id":7761,"n":"Galette Croq'Soja Céréal Bio  Bio provençale x2 200g","p":2.21,"u":"11,05 €/KG","img":"https://fd13-photos.leclercdrive.fr/image.ashx?id=2574296&use=l&cat=p&typeid=i","cat":284953},{"id":7769,"n":"Galette Croq'Soja Céréal Bio  Bio curry pavot x2 200g","p":2.29,"u":"11,45 €/KG","img":"https://fd13-photos.leclercdrive.fr/image.ashx?id=2969106&use=l&cat=p&typeid=i","cat":284953},{"id":7772,"n":"Galette bio Céréal Bio  Millet champignons x2 - 200g","p":2.21,"u":"11,05 €/KG","img":"https://fd13-photos.leclercdrive.fr/image.ashx?id=2573543&use=l&cat=p&typeid=i","cat":284953},{"id":7816,"n":"Petit pois carottes D'aucy Extra-fins 3x530g","p":4.57,"u":"2,87 €/KG","img":"https://fd13-photos.leclercdrive.fr/image.ashx?id=2916767&use=l&cat=p&typeid=i","cat":312607},{"id":7857,"n":"Croquettes chiens Fido Au boeuf 1kg","p":2.85,"u":"2,85 €/KG","img":"https://fd13-photos.leclercdrive.fr/image.ashx?id=2972964&use=l&cat=p&typeid=i","cat":294526},{"id":7862,"n":"Petit pot de crème Délisse Café - 4x100g","p":1.8,"u":"4,50 €/KG","img":"https://fd13-photos.leclercdrive.fr/image.ashx?id=2550372&use=l&cat=p&typeid=i","cat":285041},{"id":7864,"n":"Yaourts sucrés Délisse Nature  - 4x125g","p":0.99,"u":"1,98 €/KG","img":"https://fd13-photos.leclercdrive.fr/image.ashx?id=2590415&use=l&cat=p&typeid=i","cat":284409},{"id":7869,"n":"Yaourts aromatisés Délisse Citron - 4x125g","p":1.45,"u":"2,90 €/KG","img":"https://fd13-photos.leclercdrive.fr/image.ashx?id=2771121&use=l&cat=p&typeid=i","cat":286006},{"id":7886,"n":"Diots fumés de Savoie NRT 4x90g","p":4.22,"u":"11,72 €/KG","img":"https://fd13-photos.leclercdrive.fr/image.ashx?id=2991467&use=l&cat=p&typeid=i","cat":316012},{"id":7972,"n":"Beurre Moulé Paysan Breton Doux - 82%MG - 250g","p":3.24,"u":"12,96 €/KG","img":"https://fd13-photos.leclercdrive.fr/image.ashx?id=2946943&use=l&cat=p&typeid=i","cat":284379},{"id":7973,"n":"Faisselle Rians 6%mg - 4x100g","p":2.3,"u":"5,75 €/KG","img":"https://fd13-photos.leclercdrive.fr/image.ashx?id=2762088&use=l&cat=p&typeid=i","cat":284409},{"id":8003,"n":"Fromage Enfant Kiri Goûter 5 portions barquettes - 175g","p":2.27,"u":"12,97 €/KG","img":"https://fd13-photos.leclercdrive.fr/image.ashx?id=2972883&use=l&cat=p&typeid=i","cat":314030},{"id":8011,"n":"Crème glacée Menthe Eskiss Copeaux de Chocolat - 494g","p":2.79,"u":"5,65 €/KG","img":"https://fd13-photos.leclercdrive.fr/image.ashx?id=2982583&use=l&cat=p&typeid=i","cat":284263},{"id":8012,"n":"Friandises pour chien Lydog Biscuits fourrés Viande - 500g","p":1.29,"u":"2,58 €/KG","img":"https://fd13-photos.leclercdrive.fr/image.ashx?id=2191114&use=l&cat=p&typeid=i","cat":294527},{"id":8013,"n":"Friandises pour chien Lydog Biscuits croquants - 500g","p":1.29,"u":"2,58 €/KG","img":"https://fd13-photos.leclercdrive.fr/image.ashx?id=1954353&use=l&cat=p&typeid=i","cat":294527},{"id":8017,"n":"Pâtes Penne Regate Turini 500g","p":0.6,"u":"1,20 €/KG","img":"https://fd13-photos.leclercdrive.fr/image.ashx?id=2980773&use=l&cat=p&typeid=i","cat":284427},{"id":8024,"n":"Barquette chiens Lydog 3 saveurs - 3x300g","p":3.78,"u":"4,20 €/KG","img":"https://fd13-photos.leclercdrive.fr/image.ashx?id=2050639&use=l&cat=p&typeid=i","cat":284673},{"id":8025,"n":"Barquette chiens Lydog 3 saveurs - 3x300g","p":3.79,"u":"4,21 €/KG","img":"https://fd13-photos.leclercdrive.fr/image.ashx?id=2050642&use=l&cat=p&typeid=i","cat":284673},{"id":8120,"n":"Cassoulet Saucisse de Toulouse Côté Table - 840g","p":3.63,"u":"4,32 €/KG","img":"https://fd13-photos.leclercdrive.fr/image.ashx?id=2977129&use=l&cat=p&typeid=i","cat":284440},{"id":8121,"n":"Glace Cône Mini Smicy Vanille Chocolat x10 - 175g","p":2.49,"u":"14,23 €/KG","img":"https://fd13-photos.leclercdrive.fr/image.ashx?id=2698168&use=l&cat=p&typeid=i","cat":285250},{"id":8125,"n":"Spaghetti Frais Turini 350g","p":1.49,"u":"4,26 €/KG","img":"https://fd13-photos.leclercdrive.fr/image.ashx?id=2840470&use=l&cat=p&typeid=i","cat":333682},{"id":8129,"n":"Soupe Mouliné Régal Soupe 10 légumes variés - 2x30cl","p":1.45,"u":"2,42 €/L","img":"https://fd13-photos.leclercdrive.fr/image.ashx?id=2607476&use=l&cat=p&typeid=i","cat":284462},{"id":8136,"n":"Biscuits raisin GERBLE  - 4x5, 360g","p":1.57,"u":"4,36 €/KG","img":"https://fd13-photos.leclercdrive.fr/image.ashx?id=2578726&use=l&cat=p&typeid=i","cat":318651},{"id":8178,"n":"Infusion Tisea Douce soirée 25 sachets","p":0.99,"u":"28,29 €/KG","img":"https://fd13-photos.leclercdrive.fr/image.ashx?id=2553902&use=l&cat=p&typeid=i","cat":293234},{"id":8191,"n":"Colin d'Alaska Pêche Océan À la Florentine - MSC - 400g","p":3.49,"u":"8,73 €/KG","img":"https://fd13-photos.leclercdrive.fr/image.ashx?id=2930108&use=l&cat=p&typeid=i","cat":319786},{"id":8217,"n":"Filet de Merlu Pêche Océan 4 à 5 pièces 450g","p":6.52,"u":"14,49 €/KG","img":"https://fd13-photos.leclercdrive.fr/image.ashx?id=2553905&use=l&cat=p&typeid=i","cat":319788},{"id":8322,"n":"Coeurs artichauts Florelli Grillés - 170g","p":3.2,"u":"18,82 €/KG","img":"https://fd13-photos.leclercdrive.fr/image.ashx?id=2690003&use=l&cat=p&typeid=i","cat":289010},{"id":8324,"n":"Tomates séchées Florelli 270g","p":3.28,"u":"12,15 €/KG","img":"https://fd13-photos.leclercdrive.fr/image.ashx?id=2633094&use=l&cat=p&typeid=i","cat":289010},{"id":8337,"n":"Tapenade d'Olives noires  Les Tartinables Florelli 190g","p":2.36,"u":"12,42 €/KG","img":"https://fd13-photos.leclercdrive.fr/image.ashx?id=2884690&use=l&cat=p&typeid=i","cat":289010},{"id":8375,"n":"Sauce Déshydratée KNORR Aux Trois Poivres - 32g","p":0.71,"u":"25,36 €/KG","img":"https://fd13-photos.leclercdrive.fr/image.ashx?id=2875933&use=l&cat=p&typeid=i","cat":288381},{"id":8382,"n":"Pâtes spaghetti plat Panzani 500g","p":1.02,"u":"2,04 €/KG","img":"https://fd13-photos.leclercdrive.fr/image.ashx?id=2876041&use=l&cat=p&typeid=i","cat":284427},{"id":8383,"n":"Pâtes Coquillettes Panzani 3 Minutes - 500G","p":1.18,"u":"2,36 €/KG","img":"https://fd13-photos.leclercdrive.fr/image.ashx?id=2867945&use=l&cat=p&typeid=i","cat":284427},{"id":8388,"n":"Pâtes Lustucru macaroni Aux oeufs - 250g","p":0.97,"u":"3,88 €/KG","img":"https://fd13-photos.leclercdrive.fr/image.ashx?id=2519471&use=l&cat=p&typeid=i","cat":284427},{"id":8397,"n":"Madeleine Bonne Maman Pur beurre tradition 300g","p":2.71,"u":"9,03 €/KG","img":"https://fd13-photos.leclercdrive.fr/image.ashx?id=2936137&use=l&cat=p&typeid=i","cat":284492},{"id":8413,"n":"Biscuits Crackers Tokapi  Nature - 3x100g","p":1.38,"u":"4,60 €/KG","img":"https://fd13-photos.leclercdrive.fr/image.ashx?id=2660550&use=l&cat=p&typeid=i","cat":297000},{"id":8415,"n":"Pâtes coquillettes Turini Les 3 min - 500g","p":0.72,"u":"1,44 €/KG","img":"https://fd13-photos.leclercdrive.fr/image.ashx?id=2607461&use=l&cat=p&typeid=i","cat":284427},{"id":8419,"n":"Biscuits Crackers Tokapi Emmental - 100g","p":0.68,"u":"6,80 €/KG","img":"https://fd13-photos.leclercdrive.fr/image.ashx?id=2351226&use=l&cat=p&typeid=i","cat":297000},{"id":8424,"n":"Biscottes Heudebert  Fibres plus - 280g","p":2.02,"u":"7,21 €/KG","img":"https://fd13-photos.leclercdrive.fr/image.ashx?id=2679503&use=l&cat=p&typeid=i","cat":284479},{"id":8428,"n":"Biscuits sablés Granola Chocolat au lait - 225g","p":1.62,"u":"7,20 €/KG","img":"https://fd13-photos.leclercdrive.fr/image.ashx?id=2346675&use=l&cat=p&typeid=i","cat":284488},{"id":8432,"n":"Biscuit Roudor St Michel 2x150g","p":2.61,"u":"8,70 €/KG","img":"https://fd13-photos.leclercdrive.fr/image.ashx?id=2935690&use=l&cat=p&typeid=i","cat":284487},{"id":8433,"n":"Pâtes Coquillettes Panzani Prêt en 3 min - 1kg","p":2.21,"u":"2,21 €/KG","img":"https://fd13-photos.leclercdrive.fr/image.ashx?id=2896093&use=l&cat=p&typeid=i","cat":284427},{"id":8447,"n":"Pommes Pink Lady Barquette x6","p":2.99,"u":"0,50 €/P","img":"https://fd13-photos.leclercdrive.fr/image.ashx?id=2121671&use=l&cat=p&typeid=i","cat":284356},{"id":8474,"n":"Terrines Tous Mes Amis Les délices de la mer - 3x400g","p":3.69,"u":"3,08 €/KG","img":"https://fd13-photos.leclercdrive.fr/image.ashx?id=2832921&use=l&cat=p&typeid=i","cat":285601},{"id":8504,"n":"Biscottes bio Bio Village Complètes x36 - 300g","p":2.2,"u":"7,33 €/KG","img":"https://fd13-photos.leclercdrive.fr/image.ashx?id=2590460&use=l&cat=p&typeid=i","cat":284479},{"id":8515,"n":"Bâtonnets Dentastix Pedigree Moyen chien x28 - 720g","p":7.07,"u":"9,82 €/KG","img":"https://fd13-photos.leclercdrive.fr/image.ashx?id=2980094&use=l&cat=p&typeid=i","cat":294527},{"id":8521,"n":"Café Soluble Nescafé Spécial Filtre Original - 100g","p":5.1,"u":"51,00 €/KG","img":"https://fd13-photos.leclercdrive.fr/image.ashx?id=2866753&use=l&cat=p&typeid=i","cat":284843},{"id":8528,"n":"Sel fin La Baleine Iodé et fluoré - 750g","p":0.76,"u":"1,01 €/KG","img":"https://fd13-photos.leclercdrive.fr/image.ashx?id=2790612&use=l&cat=p&typeid=i","cat":284457},{"id":8535,"n":"Olives noires Rustica Entières - 225g","p":0.99,"u":"4,40 €/KG","img":"https://fd13-photos.leclercdrive.fr/image.ashx?id=2499076&use=l&cat=p&typeid=i","cat":284458},{"id":8536,"n":"Savon mains en crème Manava Perles d'oranger - 300ml","p":1.25,"u":"4,17 €/L","img":"https://fd13-photos.leclercdrive.fr/image.ashx?id=2935480&use=l&cat=p&typeid=i","cat":284597},{"id":8538,"n":"100% Pur jus d'orange Jafaden  Avec pulpe - 1L","p":1.99,"u":"1,99 €/L","img":"https://fd13-photos.leclercdrive.fr/image.ashx?id=2796043&use=l&cat=p&typeid=i","cat":284521},{"id":8539,"n":"Nectar Jafaden Pêche - 1L","p":1.99,"u":"1,99 €/L","img":"https://fd13-photos.leclercdrive.fr/image.ashx?id=2919607&use=l&cat=p&typeid=i","cat":284915},{"id":8540,"n":"Nectar Jafaden Fraise - 1L","p":2.63,"u":"2,63 €/L","img":"https://fd13-photos.leclercdrive.fr/image.ashx?id=2895768&use=l&cat=p&typeid=i","cat":284915},{"id":8541,"n":"Nectar Jafaden Mangue - 1L","p":2.15,"u":"2,15 €/L","img":"https://fd13-photos.leclercdrive.fr/image.ashx?id=2955710&use=l&cat=p&typeid=i","cat":284916},{"id":8559,"n":"Biscuits Bjorg Fourrés Chocolat noir bio 225g","p":2.91,"u":"12,93 €/KG","img":"https://fd13-photos.leclercdrive.fr/image.ashx?id=2970912&use=l&cat=p&typeid=i","cat":284488},{"id":8564,"n":"Pâtes Barilla  Linguine - 500g","p":1.08,"u":"2,16 €/KG","img":"https://fd13-photos.leclercdrive.fr/image.ashx?id=3004444&use=l&cat=p&typeid=i","cat":284427},{"id":8575,"n":"Tablette chocolat Milka Tendre au lait - 2x100g","p":3.19,"u":"15,95 €/KG","img":"https://fd13-photos.leclercdrive.fr/image.ashx?id=2382330&use=l&cat=p&typeid=i","cat":284497},{"id":8576,"n":"Pâtes Barilla Torsades - 500g","p":0.96,"u":"1,92 €/KG","img":"https://fd13-photos.leclercdrive.fr/image.ashx?id=2392224&use=l&cat=p&typeid=i","cat":284427},{"id":8605,"n":"Liqueur Cointreau 40%vol. - 70cl","p":19.04,"u":"27,20 €/L","img":"https://fd13-photos.leclercdrive.fr/image.ashx?id=2998904&use=l&cat=p&typeid=i","cat":286032},{"id":8634,"n":"Cognac Courcel 40%vol - 20cl","p":6.41,"u":"32,05 €/L","img":"https://fd13-photos.leclercdrive.fr/image.ashx?id=2484035&use=l&cat=p&typeid=i","cat":286032},{"id":8640,"n":"Croque Baby Fromage Cité Marine MSC - 200g","p":2.4,"u":"12,00 €/KG","img":"https://fd13-photos.leclercdrive.fr/image.ashx?id=2844145&use=l&cat=p&typeid=i","cat":284344},{"id":8643,"n":"Amandes en poudre Tablier Blanc 125g","p":1.6,"u":"12,80 €/KG","img":"https://fd13-photos.leclercdrive.fr/image.ashx?id=2460577&use=l&cat=p&typeid=i","cat":284504},{"id":8645,"n":"Pepites de chocolat Tablier Blanc - 100g","p":1.43,"u":"14,30 €/KG","img":"https://fd13-photos.leclercdrive.fr/image.ashx?id=2723138&use=l&cat=p&typeid=i","cat":284504},{"id":8646,"n":"Noix de Coco Râpée  Tablier Blanc - 125g","p":1.41,"u":"11,28 €/KG","img":"https://fd13-photos.leclercdrive.fr/image.ashx?id=2460583&use=l&cat=p&typeid=i","cat":284504},{"id":8647,"n":"Gélatine alimentaire Tablier 9 feuilles - 17g","p":1.07,"u":"62,94 €/KG","img":"https://fd13-photos.leclercdrive.fr/image.ashx?id=2487446&use=l&cat=p&typeid=i","cat":284504},{"id":8648,"n":"Amandes effilées Tablier Blanc 125g","p":1.9,"u":"15,20 €/KG","img":"https://fd13-photos.leclercdrive.fr/image.ashx?id=2460586&use=l&cat=p&typeid=i","cat":284504},{"id":8649,"n":"Raisins Secs Tablier Blanc 250g","p":1.98,"u":"7,92 €/KG","img":"https://fd13-photos.leclercdrive.fr/image.ashx?id=2460589&use=l&cat=p&typeid=i","cat":284504},{"id":8650,"n":"Arôme fleur d'Oranger Tablier Blanc - 200ml","p":1.24,"u":"6,20 €/L","img":"https://fd13-photos.leclercdrive.fr/image.ashx?id=2487449&use=l&cat=p&typeid=i","cat":284504},{"id":8651,"n":"Arôme naturel de vanille Tablier Blanc 20ml","p":1.15,"u":"57,50 €/L","img":"https://fd13-photos.leclercdrive.fr/image.ashx?id=2487452&use=l&cat=p&typeid=i","cat":284504},{"id":8672,"n":"Nappage Tablier Blanc Caramel - 210g","p":1.25,"u":"5,95 €/KG","img":"https://fd13-photos.leclercdrive.fr/image.ashx?id=2487455&use=l&cat=p&typeid=i","cat":284504},{"id":8673,"n":"Fromage Le Pavé Les Croisés Lait pasteurisé 22% MG - 220g","p":2.36,"u":"10,73 €/KG","img":"https://fd13-photos.leclercdrive.fr/image.ashx?id=2775887&use=l&cat=p&typeid=i","cat":314033},{"id":8674,"n":"Sucre Tablier Blanc Spécial confiture - 1kg","p":1.92,"u":"1,92 €/KG","img":"https://fd13-photos.leclercdrive.fr/image.ashx?id=3010416&use=l&cat=p&typeid=i","cat":284502},{"id":8675,"n":"Sucre Tablier Blanc 100 dosettes - 500g","p":2.31,"u":"4,62 €/KG","img":"https://fd13-photos.leclercdrive.fr/image.ashx?id=3010419&use=l&cat=p&typeid=i","cat":284502},{"id":8679,"n":"Truite fumée d'Aquitaine NRT x4 - 120g","p":5.26,"u":"43,83 €/KG","img":"https://fd13-photos.leclercdrive.fr/image.ashx?id=2663836&use=l&cat=p&typeid=i","cat":285188},{"id":8681,"n":"Quenelles au Brochet Nos Régions ont du Talent 4x80g","p":3.64,"u":"11,38 €/KG","img":"https://fd13-photos.leclercdrive.fr/image.ashx?id=2657280&use=l&cat=p&typeid=i","cat":333682},{"id":8682,"n":"Quenelles nature NRT - 4x80g","p":3.0,"u":"9,38 €/KG","img":"https://fd13-photos.leclercdrive.fr/image.ashx?id=2858051&use=l&cat=p&typeid=i","cat":333682},{"id":8683,"n":"Saucisson sec d'Ardèche IGP NRT - 280g","p":5.0,"u":"17,86 €/KG","img":"https://fd13-photos.leclercdrive.fr/image.ashx?id=2753502&use=l&cat=p&typeid=i","cat":316006},{"id":8698,"n":"Assiette soir bébé bio Babybio Légumes riz - 12 mois - 230g","p":2.23,"u":"9,70 €/KG","img":"https://fd13-photos.leclercdrive.fr/image.ashx?id=2859356&use=l&cat=p&typeid=i","cat":312239},{"id":8734,"n":"AOC Champagne brut blanc  Premier cru Pol Carson - 75cl","p":22.99,"u":"30,65 €/L","img":"https://fd13-photos.leclercdrive.fr/image.ashx?id=2984649&use=l&cat=p&typeid=i","cat":284542},{"id":8754,"n":"Sacs congélation Elembal Moyen Zip 20 Sacs","p":1.49,"u":"0,07 €/P","img":"https://fd13-photos.leclercdrive.fr/image.ashx?id=2751886&use=l&cat=p&typeid=i","cat":334134},{"id":8784,"n":"Plat bébé Blédina 8 mois  Riz carotte jambon - 2x200g","p":2.4,"u":"6,00 €/KG","img":"https://fd13-photos.leclercdrive.fr/image.ashx?id=2975065&use=l&cat=p&typeid=i","cat":312236},{"id":8795,"n":"Eau minérale Wattwiller 6x1.5L","p":3.67,"u":"0,41 €/L","img":"https://fd13-photos.leclercdrive.fr/image.ashx?id=2582846&use=l&cat=p&typeid=i","cat":284535},{"id":8796,"n":"Saucisse fine de Lyon NRT 120g","p":1.85,"u":"15,42 €/KG","img":"https://fd13-photos.leclercdrive.fr/image.ashx?id=2743870&use=l&cat=p&typeid=i","cat":316012},{"id":8804,"n":"Brownie P'tit Déli Chocolat pépites 285g","p":1.85,"u":"6,49 €/KG","img":"https://fd13-photos.leclercdrive.fr/image.ashx?id=2663365&use=l&cat=p&typeid=i","cat":294776},{"id":8809,"n":"Galettes Bretonnes P'tit Déli Pur beurre 2x125g","p":1.45,"u":"5,80 €/KG","img":"https://fd13-photos.leclercdrive.fr/image.ashx?id=2847961&use=l&cat=p&typeid=i","cat":284487},{"id":8825,"n":"Barres de céréales Coco Pops Kellogg's - 6x20g","p":1.89,"u":"15,75 €/KG","img":"https://fd13-photos.leclercdrive.fr/image.ashx?id=2677291&use=l&cat=p&typeid=i","cat":285869},{"id":8855,"n":"Sauce Champignons Turini 420g","p":1.15,"u":"2,74 €/KG","img":"https://fd13-photos.leclercdrive.fr/image.ashx?id=2494189&use=l&cat=p&typeid=i","cat":287599},{"id":8865,"n":"Toasts Brioches Epi D'Or x13 - 125g","p":0.94,"u":"7,52 €/KG","img":"https://fd13-photos.leclercdrive.fr/image.ashx?id=2896018&use=l&cat=p&typeid=i","cat":284479},{"id":8869,"n":"Riz complet Comptoir du Grain 10min - 500g","p":1.49,"u":"2,98 €/KG","img":"https://fd13-photos.leclercdrive.fr/image.ashx?id=2909386&use=l&cat=p&typeid=i","cat":284428},{"id":8870,"n":"Dés fromage Herbes de Provence Poivrons Les Croisés - 300g","p":2.11,"u":"7,03 €/KG","img":"https://fd13-photos.leclercdrive.fr/image.ashx?id=2758300&use=l&cat=p&typeid=i","cat":314027},{"id":8908,"n":"Crépes Fourrées P'tit Déli Céréales et chocolat x8 - 256g","p":1.81,"u":"7,07 €/KG","img":"https://fd13-photos.leclercdrive.fr/image.ashx?id=2656338&use=l&cat=p&typeid=i","cat":284494},{"id":8912,"n":"Préparation fraises NRT Sud-Ouest - 315g","p":2.64,"u":"8,38 €/KG","img":"https://fd13-photos.leclercdrive.fr/image.ashx?id=2590472&use=l&cat=p&typeid=i","cat":284480},{"id":8963,"n":"Fromage à tartiner Madame Loïk Fouetté Ech. Ciboulette - 150g","p":1.74,"u":"11,60 €/KG","img":"https://fd13-photos.leclercdrive.fr/image.ashx?id=2986356&use=l&cat=p&typeid=i","cat":314029},{"id":8968,"n":"Chocolat poudre Banania 400g","p":2.71,"u":"6,78 €/KG","img":"https://fd13-photos.leclercdrive.fr/image.ashx?id=2225276&use=l&cat=p&typeid=i","cat":293235},{"id":8970,"n":"Riz long blanc de Camargue NRT 500g","p":1.59,"u":"3,18 €/KG","img":"https://fd13-photos.leclercdrive.fr/image.ashx?id=2663803&use=l&cat=p&typeid=i","cat":284428},{"id":8987,"n":"Pâté Hénaff 156g","p":2.29,"u":"14,68 €/KG","img":"https://fd13-photos.leclercdrive.fr/image.ashx?id=2298361&use=l&cat=p&typeid=i","cat":305149},{"id":9035,"n":"Scotch Whisky Label 5 40%vol - 1L","p":17.93,"u":"17,93 €/L","img":"https://fd13-photos.leclercdrive.fr/image.ashx?id=2519714&use=l&cat=p&typeid=i","cat":284547},{"id":9080,"n":"Fromage à Tartiner St Môret  Nature 9 Portions - 180g","p":2.03,"u":"11,28 €/KG","img":"https://fd13-photos.leclercdrive.fr/image.ashx?id=2763319&use=l&cat=p&typeid=i","cat":314029},{"id":9105,"n":"Pate Brisée Eco+ A dérouler - 230g","p":0.53,"u":"2,30 €/KG","img":"https://fd13-photos.leclercdrive.fr/image.ashx?id=2831565&use=l&cat=p&typeid=i","cat":333681},{"id":9110,"n":"Bûche de chèvre allégée Soignon Lait pasteurisé 29%mg - 180g","p":2.26,"u":"12,56 €/KG","img":"https://fd13-photos.leclercdrive.fr/image.ashx?id=2886987&use=l&cat=p&typeid=i","cat":314031},{"id":9124,"n":"Croquettes chiens Lydog Senior - 3kg","p":5.18,"u":"1,73 €/KG","img":"https://fd13-photos.leclercdrive.fr/image.ashx?id=2047025&use=l&cat=p&typeid=i","cat":284672},{"id":9130,"n":"Mouchoirs blancs 2 plis Caresse Boîte mouchoirs en papier -x110","p":1.33,"u":"0,01 €/P","img":"https://fd13-photos.leclercdrive.fr/image.ashx?id=2390416&use=l&cat=p&typeid=i","cat":284638},{"id":9132,"n":"Soda Pulp'Orange Canette - 6x33cl","p":3.19,"u":"1,61 €/L","img":"https://fd13-photos.leclercdrive.fr/image.ashx?id=2922406&use=l&cat=p&typeid=i","cat":284532},{"id":9144,"n":"Vinaigre de Vin blanc Rustica Aromatisé à la noix - 50cl","p":1.64,"u":"3,28 €/L","img":"https://fd13-photos.leclercdrive.fr/image.ashx?id=1670491&use=l&cat=p&typeid=i","cat":298543},{"id":9155,"n":"Moussaka Boeuf Côté Table 300g","p":3.24,"u":"10,80 €/KG","img":"https://fd13-photos.leclercdrive.fr/image.ashx?id=2607906&use=l&cat=p&typeid=i","cat":333665},{"id":9161,"n":"Tarte aux poireaux Côté Table 2x130g","p":2.54,"u":"9,77 €/KG","img":"https://fd13-photos.leclercdrive.fr/image.ashx?id=2354707&use=l&cat=p&typeid=i","cat":333680},{"id":9164,"n":"Crevettes natures Pêche Océan 125g","p":3.99,"u":"31,92 €/KG","img":"https://fd13-photos.leclercdrive.fr/image.ashx?id=3015242&use=l&cat=p&typeid=i","cat":284343},{"id":9167,"n":"Fromage Edam Mimolette Les Croisés dés 150g","p":1.85,"u":"12,33 €/KG","img":"https://fd13-photos.leclercdrive.fr/image.ashx?id=2365472&use=l&cat=p&typeid=i","cat":314027},{"id":9170,"n":"Spaetzles d'Alsace NRT 250g","p":1.39,"u":"5,56 €/KG","img":"https://fd13-photos.leclercdrive.fr/image.ashx?id=2839962&use=l&cat=p&typeid=i","cat":284427},{"id":9171,"n":"Sablés aux Pommes NRT - 150g","p":1.99,"u":"13,27 €/KG","img":"https://fd13-photos.leclercdrive.fr/image.ashx?id=2622290&use=l&cat=p&typeid=i","cat":284487},{"id":9173,"n":"Ravioles Label Rouge NRT Dauphiné - 240g","p":2.99,"u":"12,46 €/KG","img":"https://fd13-photos.leclercdrive.fr/image.ashx?id=2704894&use=l&cat=p&typeid=i","cat":333682},{"id":9177,"n":"Flammekueche d'Alsace NRT 180g","p":2.09,"u":"11,61 €/KG","img":"https://fd13-photos.leclercdrive.fr/image.ashx?id=2743864&use=l&cat=p&typeid=i","cat":333680},{"id":9183,"n":"Boules soufflées Tokapi Tomate - 42g","p":0.57,"u":"13,57 €/KG","img":"https://fd13-photos.leclercdrive.fr/image.ashx?id=2898832&use=l&cat=p&typeid=i","cat":284449},{"id":9246,"n":"Avocat Bio Bio Village En barquette x2","p":3.49,"u":"1,75 €/P","img":"https://fd13-photos.leclercdrive.fr/image.ashx?id=2551984&use=l&cat=p&typeid=i","cat":284352},{"id":9262,"n":"Matière grasse Rustica Tournesol -60%MG -Doux -500G","p":1.53,"u":"3,06 €/KG","img":"https://fd13-photos.leclercdrive.fr/image.ashx?id=2904553&use=l&cat=p&typeid=i","cat":315229},{"id":9266,"n":"Ananas papaye mangue DDV Sirop léger - 4x70g","p":2.75,"u":"9,82 €/KG","img":"https://fd13-photos.leclercdrive.fr/image.ashx?id=2100775&use=l&cat=p&typeid=i","cat":284507},{"id":9276,"n":"Biscuits Sprits P'tit Déli Chocolat au lait - 150g","p":1.09,"u":"7,27 €/KG","img":"https://fd13-photos.leclercdrive.fr/image.ashx?id=2081053&use=l&cat=p&typeid=i","cat":284488},{"id":9435,"n":"AOP Champagne Mercier  Brut - 75cl","p":24.9,"u":"33,20 €/L","img":"https://fd13-photos.leclercdrive.fr/image.ashx?id=1867174&use=l&cat=p&typeid=i","cat":284542},{"id":9560,"n":"Feutres de coloriage Bic  KIds - x12","p":2.2,"u":"0,18 €/P","img":"https://fd13-photos.leclercdrive.fr/image.ashx?id=2859338&use=l&cat=p&typeid=i","cat":284696},{"id":9574,"n":"Feutres de coloriage Bic Kids x24","p":5.27,"img":"https://fd13-photos.leclercdrive.fr/image.ashx?id=2623196&use=l&cat=p&typeid=i","cat":284696},{"id":9593,"n":"AOP Côtes du Rhône vin rouge Combes Saint Sauveur 75cl","p":4.16,"u":"5,55 €/L","img":"https://fd13-photos.leclercdrive.fr/image.ashx?id=2755414&use=l&cat=p&typeid=i","cat":289556},{"id":9597,"n":"AOP Côtes de Provence rosé Jean Valestrel - 75cl","p":6.85,"u":"9,13 €/L","img":"https://fd13-photos.leclercdrive.fr/image.ashx?id=2236698&use=l&cat=p&typeid=i","cat":289558},{"id":9632,"n":"IGP Pays d'Oc rouge Les Ormes De Cambras 12.5% vol - 75cl","p":2.87,"u":"3,83 €/L","img":"https://fd13-photos.leclercdrive.fr/image.ashx?id=2445121&use=l&cat=p&typeid=i","cat":289556},{"id":9641,"n":"Whisky Ballantine's Finest Blended Scotch 40% vol - 1L","p":21.79,"u":"21,79 €/L","img":"https://fd13-photos.leclercdrive.fr/image.ashx?id=2816964&use=l&cat=p&typeid=i","cat":284547},{"id":9689,"n":"Muffin complet Epi d'Or x4 - 250g","p":1.7,"u":"6,80 €/KG","img":"https://fd13-photos.leclercdrive.fr/image.ashx?id=2939058&use=l&cat=p&typeid=i","cat":284985},{"id":9708,"n":"Crème aux oeufs Délisse Vanille - 4x100g","p":1.49,"u":"3,73 €/KG","img":"https://fd13-photos.leclercdrive.fr/image.ashx?id=1956631&use=l&cat=p&typeid=i","cat":284419},{"id":9709,"n":"Mini brownies P'tit Déli Chocolat pépites x8 - 240g","p":1.49,"u":"6,21 €/KG","img":"https://fd13-photos.leclercdrive.fr/image.ashx?id=2888938&use=l&cat=p&typeid=i","cat":294776},{"id":9898,"n":"Culotte absorbante Chorys Taille L - x10","p":6.99,"u":"0,70 €/P","img":"https://fd13-photos.leclercdrive.fr/image.ashx?id=2623004&use=l&cat=p&typeid=i","cat":284628},{"id":9899,"n":"Culotte absorbante Chorys Taille M - Plus - x12","p":7.99,"u":"0,67 €/P","img":"https://fd13-photos.leclercdrive.fr/image.ashx?id=2158197&use=l&cat=p&typeid=i","cat":284628},{"id":9916,"n":"Epinards Notre Jardin Feuilles à cuire - 600g","p":1.35,"u":"2,25 €/KG","img":"https://fd13-photos.leclercdrive.fr/image.ashx?id=2916677&use=l&cat=p&typeid=i","cat":319805},{"id":9933,"n":"Mouchoirs blancs 4 plis Caresse Mouchoirs papier - 24 étuis","p":2.51,"u":"0,10 €/P","img":"https://fd13-photos.leclercdrive.fr/image.ashx?id=2870017&use=l&cat=p&typeid=i","cat":284638},{"id":10063,"n":"Whisky Bourbon Four Roses 40%vol - 1L","p":28.93,"u":"28,93 €/L","img":"https://fd13-photos.leclercdrive.fr/image.ashx?id=2929476&use=l&cat=p&typeid=i","cat":284547},{"id":10069,"n":"Gâteaux moelleux Pépito  Pépites de chocolat - 150g","p":1.21,"u":"8,07 €/KG","img":"https://fd13-photos.leclercdrive.fr/image.ashx?id=2374396&use=l&cat=p&typeid=i","cat":284495},{"id":10086,"n":"Fondants Autour du Dessert Chocolat x2 - 180g","p":1.99,"u":"11,06 €/KG","img":"https://fd13-photos.leclercdrive.fr/image.ashx?id=1887223&use=l&cat=p&typeid=i","cat":284267},{"id":10091,"n":"Filets maquereaux Pêche Océan Tomate basilic - 169g","p":1.46,"u":"8,64 €/KG","img":"https://fd13-photos.leclercdrive.fr/image.ashx?id=2394657&use=l&cat=p&typeid=i","cat":303868},{"id":10092,"n":"Palets de légumes Notre Jardin Courgettes Carottes - x8 300g","p":1.74,"u":"5,80 €/KG","img":"https://fd13-photos.leclercdrive.fr/image.ashx?id=2878711&use=l&cat=p&typeid=i","cat":319802},{"id":10093,"n":"Palets légumes Notre Jardin Poireaux Carottes - x8 300g","p":1.99,"u":"6,63 €/KG","img":"https://fd13-photos.leclercdrive.fr/image.ashx?id=2878708&use=l&cat=p&typeid=i","cat":319802},{"id":10114,"n":"Essuie-tout Uni Vert Compact Ecologique - x2","p":2.7,"u":"1,35 €/P","img":"https://fd13-photos.leclercdrive.fr/image.ashx?id=2571929&use=l&cat=p&typeid=i","cat":284635},{"id":10122,"n":"Mini gratins Côté Table Aux 3 légumes - x4 480g","p":3.12,"u":"6,50 €/KG","img":"https://fd13-photos.leclercdrive.fr/image.ashx?id=2074419&use=l&cat=p&typeid=i","cat":319802},{"id":10125,"n":"Rösti Pom'Lisse 600g","p":1.39,"u":"2,32 €/KG","img":"https://fd13-photos.leclercdrive.fr/image.ashx?id=2704648&use=l&cat=p&typeid=i","cat":319792},{"id":10163,"n":"Palets légumes Notre Jardin Choux-fleurs Brocolis - x8 300g","p":2.2,"u":"7,33 €/KG","img":"https://fd13-photos.leclercdrive.fr/image.ashx?id=2878714&use=l&cat=p&typeid=i","cat":319802},{"id":10192,"n":"Olives Vertes Tramier  Dénoyautées 160g","p":1.9,"u":"11,88 €/KG","img":"https://fd13-photos.leclercdrive.fr/image.ashx?id=2363829&use=l&cat=p&typeid=i","cat":284458},{"id":10212,"n":"Rubans anti-mouches Insectivor x4","p":0.85,"u":"0,21 €/P","img":"https://fd13-photos.leclercdrive.fr/image.ashx?id=2555077&use=l&cat=p&typeid=i","cat":298368},{"id":10215,"n":"Sauce Basquaise Rustica Aux 2 poivrons - 400g","p":1.29,"u":"3,23 €/KG","img":"https://fd13-photos.leclercdrive.fr/image.ashx?id=2887398&use=l&cat=p&typeid=i","cat":287599},{"id":10216,"n":"Sauce Aigre Douce Rustica Légumes croquants - 400g","p":1.28,"u":"3,20 €/KG","img":"https://fd13-photos.leclercdrive.fr/image.ashx?id=2887401&use=l&cat=p&typeid=i","cat":287599},{"id":10217,"n":"Sauce Curry Rustica Légumes et lait de coco - 400g","p":1.31,"u":"3,28 €/KG","img":"https://fd13-photos.leclercdrive.fr/image.ashx?id=2887404&use=l&cat=p&typeid=i","cat":287599},{"id":10223,"n":"Framboises entières  Douceur du Verger 1kg","p":9.61,"u":"9,61 €/KG","img":"https://fd13-photos.leclercdrive.fr/image.ashx?id=2072614&use=l&cat=p&typeid=i","cat":284268},{"id":10232,"n":"Confiture Douceur du Verger Allégée Pêche 340g","p":1.32,"u":"3,88 €/KG","img":"https://fd13-photos.leclercdrive.fr/image.ashx?id=2965476&use=l&cat=p&typeid=i","cat":284480},{"id":10244,"n":"Thon entier Pêche Océan Naturel - 280g","p":3.72,"u":"13,29 €/KG","img":"https://fd13-photos.leclercdrive.fr/image.ashx?id=2941414&use=l&cat=p&typeid=i","cat":303867},{"id":10324,"n":"Pommes de terre Bio Bio Village Vapeur et sautées  - 1.5kg","p":2.99,"u":"1,99 €/KG","img":"https://fd13-photos.leclercdrive.fr/image.ashx?id=2960535&use=l&cat=p&typeid=i","cat":284352},{"id":10344,"n":"Petit Beurre Pocket P'ti Déli 3x12 sachets 300g","p":1.68,"u":"5,60 €/KG","img":"https://fd13-photos.leclercdrive.fr/image.ashx?id=1965518&use=l&cat=p&typeid=i","cat":284487},{"id":10346,"n":"Vinaigrette allégée Rustica Balsamique huile d'olive - 50cl","p":2.49,"u":"4,98 €/L","img":"https://fd13-photos.leclercdrive.fr/image.ashx?id=1972913&use=l&cat=p&typeid=i","cat":284456},{"id":10348,"n":"Huile de noix Rustica 50cl","p":4.68,"u":"9,36 €/L","img":"https://fd13-photos.leclercdrive.fr/image.ashx?id=2523703&use=l&cat=p&typeid=i","cat":284453},{"id":10351,"n":"Sacs à couche Mots d'Enfant Parfumés - x50","p":1.6,"u":"0,03 €/P","img":"https://fd13-photos.leclercdrive.fr/image.ashx?id=1886564&use=l&cat=p&typeid=i","cat":284737},{"id":10398,"n":"Biscuit apéritif ancel Bretzels Maxi - 200g","p":0.83,"u":"4,15 €/KG","img":"https://fd13-photos.leclercdrive.fr/image.ashx?id=2991813&use=l&cat=p&typeid=i","cat":297000},{"id":10406,"n":"Vinaigre d'alcool doux Melfor Miel et infusion plantes - 1L","p":1.45,"u":"1,45 €/L","img":"https://fd13-photos.leclercdrive.fr/image.ashx?id=2289909&use=l&cat=p&typeid=i","cat":298543},{"id":10408,"n":"Boisson végétale Riz nature Bjorg Bio - 1L","p":2.04,"u":"2,04 €/L","img":"https://fd13-photos.leclercdrive.fr/image.ashx?id=2970915&use=l&cat=p&typeid=i","cat":316067},{"id":10417,"n":"AOP Fitou rouge Réserve Saint Esteve - 75cl","p":3.95,"u":"5,27 €/L","img":"https://fd13-photos.leclercdrive.fr/image.ashx?id=2407295&use=l&cat=p&typeid=i","cat":289556},{"id":10522,"n":"Lait fermenté Elben Candia 1L","p":1.79,"u":"1,79 €/L","img":"https://fd13-photos.leclercdrive.fr/image.ashx?id=2511393&use=l&cat=p&typeid=i","cat":285609},{"id":10526,"n":"Pommes Noisettes McCain 1kg","p":2.69,"u":"2,69 €/KG","img":"https://fd13-photos.leclercdrive.fr/image.ashx?id=2911312&use=l&cat=p&typeid=i","cat":319792},{"id":10591,"n":"Spray vitrocéramique Clair 500ml","p":3.42,"u":"6,84 €/L","img":"https://fd13-photos.leclercdrive.fr/image.ashx?id=2860073&use=l&cat=p&typeid=i","cat":325363},{"id":10637,"n":"Crème entière Délisse Fluide - 30% MG - 2x25cl","p":2.72,"u":"5,44 €/L","img":"https://fd13-photos.leclercdrive.fr/image.ashx?id=3002560&use=l&cat=p&typeid=i","cat":284381},{"id":10638,"n":"Crème légère fluide UHT Délisse 12%mg - 2x25cl","p":2.36,"u":"4,72 €/L","img":"https://fd13-photos.leclercdrive.fr/image.ashx?id=3002563&use=l&cat=p&typeid=i","cat":284381},{"id":10655,"n":"IGP Pays d'Oc rouge Cabernet Sauvignon 12.5% vol - 75cl","p":2.87,"u":"3,83 €/L","img":"https://fd13-photos.leclercdrive.fr/image.ashx?id=2189904&use=l&cat=p&typeid=i","cat":289556},{"id":10674,"n":"Soda Coca-Cola Bouteille - 6x50cl","p":6.4,"u":"2,13 €/L","img":"https://fd13-photos.leclercdrive.fr/image.ashx?id=2885414&use=l&cat=p&typeid=i","cat":284530},{"id":10690,"n":"Poêlée côté sud Paysan Breton 750g","p":3.66,"u":"4,88 €/KG","img":"https://fd13-photos.leclercdrive.fr/image.ashx?id=2882397&use=l&cat=p&typeid=i","cat":319823},{"id":10703,"n":"Thon blanc entier Connétable Huile d'olive - 160g","p":3.2,"u":"20,00 €/KG","img":"https://fd13-photos.leclercdrive.fr/image.ashx?id=2910127&use=l&cat=p&typeid=i","cat":303867},{"id":10712,"n":"Rillette de sardine à la tomate Les Mouettes d'Arvor - 125g","p":3.0,"u":"24,00 €/KG","img":"https://fd13-photos.leclercdrive.fr/image.ashx?id=1891144&use=l&cat=p&typeid=i","cat":305149},{"id":10713,"n":"Rillettes maquereaux moutarde Les Mouettes d'Arvor - 125g","p":2.98,"u":"23,84 €/KG","img":"https://fd13-photos.leclercdrive.fr/image.ashx?id=1891147&use=l&cat=p&typeid=i","cat":303868},{"id":10718,"n":"AOC Côtes du Marmandais rouge La Vieille Eglise - 75cl","p":3.55,"u":"4,73 €/L","img":"https://fd13-photos.leclercdrive.fr/image.ashx?id=2734801&use=l&cat=p&typeid=i","cat":289556},{"id":10720,"n":"Vin mousseux Charles Volner Demi-sec - 11%vol. - 75cl","p":4.38,"u":"5,84 €/L","img":"https://fd13-photos.leclercdrive.fr/image.ashx?id=1592055&use=l&cat=p&typeid=i","cat":284544},{"id":10727,"n":"IGP Pays d'oc blanc Roche Mazet Sauvignon 12% vol - 75 cl","p":3.11,"u":"4,15 €/L","img":"https://fd13-photos.leclercdrive.fr/image.ashx?id=2342024&use=l&cat=p&typeid=i","cat":289557},{"id":10767,"n":"Riz cantonais Comptoir du Grain Express 2 min - 250g","p":1.19,"u":"4,76 €/KG","img":"https://fd13-photos.leclercdrive.fr/image.ashx?id=2441198&use=l&cat=p&typeid=i","cat":287600},{"id":10781,"n":"Chair de tomate Notre Jardin Nature - 400g","p":1.99,"u":"4,98 €/KG","img":"https://fd13-photos.leclercdrive.fr/image.ashx?id=2590436&use=l&cat=p&typeid=i","cat":312608},{"id":10785,"n":"Mogette cuisinée NRT De Vendée - 820g","p":3.01,"u":"3,67 €/KG","img":"https://fd13-photos.leclercdrive.fr/image.ashx?id=2771384&use=l&cat=p&typeid=i","cat":312606},{"id":10787,"n":"Huile de colza Bio Village Bio - 75cl","p":3.79,"u":"5,05 €/L","img":"https://fd13-photos.leclercdrive.fr/image.ashx?id=2989715&use=l&cat=p&typeid=i","cat":284453},{"id":10788,"n":"Moutarde de Dijon Bio Village Bio - 200g","p":1.54,"u":"7,70 €/KG","img":"https://fd13-photos.leclercdrive.fr/image.ashx?id=2607954&use=l&cat=p&typeid=i","cat":288850},{"id":10927,"n":"Noix de cajou grilées Eco+ Salées - 125g","p":1.34,"u":"10,72 €/KG","img":"https://fd13-photos.leclercdrive.fr/image.ashx?id=2839815&use=l&cat=p&typeid=i","cat":284448},{"id":10928,"n":"Mélange Eco+ Graines et raisin - 200g","p":1.45,"u":"7,25 €/KG","img":"https://fd13-photos.leclercdrive.fr/image.ashx?id=2608448&use=l&cat=p&typeid=i","cat":284448},{"id":10929,"n":"Madeleines longues Eco+ 250g","p":0.89,"u":"3,56 €/KG","img":"https://fd13-photos.leclercdrive.fr/image.ashx?id=2793146&use=l&cat=p&typeid=i","cat":284492},{"id":10930,"n":"Chocolat pâtissier Eco+ Spécial dessert 200g","p":1.59,"u":"7,95 €/KG","img":"https://fd13-photos.leclercdrive.fr/image.ashx?id=2793140&use=l&cat=p&typeid=i","cat":285562},{"id":10933,"n":"Huile olive Eco+ Extra vierge - 1L","p":6.67,"u":"6,67 €/L","img":"https://fd13-photos.leclercdrive.fr/image.ashx?id=2699547&use=l&cat=p&typeid=i","cat":284453},{"id":10938,"n":"Barquette chien Eco+ Au boeuf - 300g","p":0.52,"u":"1,73 €/KG","img":"https://fd13-photos.leclercdrive.fr/image.ashx?id=2052829&use=l&cat=p&typeid=i","cat":284673},{"id":10945,"n":"Boules de graisse Eco+ x6 - 540g","p":0.79,"u":"1,46 €/KG","img":"https://fd13-photos.leclercdrive.fr/image.ashx?id=2220275&use=l&cat=p&typeid=i","cat":284678},{"id":10968,"n":"Jus d'ananas Andros Ananas pressés - 1L","p":3.28,"u":"3,28 €/L","img":"https://fd13-photos.leclercdrive.fr/image.ashx?id=2292203&use=l&cat=p&typeid=i","cat":285435},{"id":10979,"n":"Haricots Verts Bonduelle Extra-fins 1kg","p":2.75,"u":"2,75 €/KG","img":"https://fd13-photos.leclercdrive.fr/image.ashx?id=2876152&use=l&cat=p&typeid=i","cat":319805},{"id":10994,"n":"Gâteaux P'tit Déli Pépites de chocolat 10x30g","p":1.89,"u":"6,30 €/KG","img":"https://fd13-photos.leclercdrive.fr/image.ashx?id=1947354&use=l&cat=p&typeid=i","cat":284495},{"id":11003,"n":"Compote Douceur du Verger Coupelle pomme poire - 4x100g","p":1.34,"u":"3,35 €/KG","img":"https://fd13-photos.leclercdrive.fr/image.ashx?id=2663488&use=l&cat=p&typeid=i","cat":284508},{"id":11007,"n":"Barquettes chats Tous mes amis Les Menus 4 variétés - 8x100g","p":4.49,"u":"5,61 €/KG","img":"https://fd13-photos.leclercdrive.fr/image.ashx?id=2050645&use=l&cat=p&typeid=i","cat":285286},{"id":11037,"n":"Sauce tomate Italienne Zapetti - 3x190g","p":3.23,"u":"5,67 €/KG","img":"https://fd13-photos.leclercdrive.fr/image.ashx?id=2579975&use=l&cat=p&typeid=i","cat":288384},{"id":11042,"n":"Crêpes Côté Table Fromage fondu x20 1kg","p":3.29,"u":"3,29 €/KG","img":"https://fd13-photos.leclercdrive.fr/image.ashx?id=2756849&use=l&cat=p&typeid=i","cat":319776},{"id":11046,"n":"Duo de riz Camargue Bio village Bio  - 500g","p":3.9,"u":"7,80 €/KG","img":"https://fd13-photos.leclercdrive.fr/image.ashx?id=2477008&use=l&cat=p&typeid=i","cat":284428},{"id":11079,"n":"Brioches fourrées Epi d'Or Chocolat x8 - 310g","p":1.64,"u":"5,29 €/KG","img":"https://fd13-photos.leclercdrive.fr/image.ashx?id=2860730&use=l&cat=p&typeid=i","cat":293505},{"id":11093,"n":"Céréales Spécial K Kellogg's Chocolat noir - 300g","p":2.72,"u":"9,07 €/KG","img":"https://fd13-photos.leclercdrive.fr/image.ashx?id=2583912&use=l&cat=p&typeid=i","cat":309512},{"id":11153,"n":"Truite fumée Ovive Pyrénées 4 tranches - 120g","p":5.89,"u":"49,08 €/KG","img":"https://fd13-photos.leclercdrive.fr/image.ashx?id=2887848&use=l&cat=p&typeid=i","cat":285188},{"id":11175,"n":"Plat bébé soir Blédiner 8 mois Risotto courgette - 2x200g","p":2.37,"u":"5,93 €/KG","img":"https://fd13-photos.leclercdrive.fr/image.ashx?id=2921043&use=l&cat=p&typeid=i","cat":312239},{"id":11176,"n":"Lait céréales bébé Blédiner 6m Courgette soir - 2x250ml","p":1.84,"u":"3,68 €/L","img":"https://fd13-photos.leclercdrive.fr/image.ashx?id=2960147&use=l&cat=p&typeid=i","cat":312239},{"id":11178,"n":"Plat bébé soir Blédiner 12 mois Pâtes tomate courgette - 2x200g","p":2.36,"u":"5,90 €/KG","img":"https://fd13-photos.leclercdrive.fr/image.ashx?id=2902966&use=l&cat=p&typeid=i","cat":312239},{"id":11292,"n":"AOC Clairette de Die Jaillance Esprit de terroirTradition 75cl","p":5.95,"u":"7,93 €/L","img":"https://fd13-photos.leclercdrive.fr/image.ashx?id=2453499&use=l&cat=p&typeid=i","cat":284545},{"id":11308,"n":"Couscous Tipiak - Grain moyen Prêt en 4 min - 1kg","p":1.82,"u":"1,82 €/KG","img":"https://fd13-photos.leclercdrive.fr/image.ashx?id=2947826&use=l&cat=p&typeid=i","cat":284429},{"id":11309,"n":"Fromage de Brebis Le Brebiou  Des Pyrénées - 180g","p":3.17,"u":"17,61 €/KG","img":"https://fd13-photos.leclercdrive.fr/image.ashx?id=2472855&use=l&cat=p&typeid=i","cat":314031},{"id":11365,"n":"Crème aux oeufs La Laitière Vanille - 4x100g","p":1.77,"u":"4,43 €/KG","img":"https://fd13-photos.leclercdrive.fr/image.ashx?id=3007987&use=l&cat=p&typeid=i","cat":284419},{"id":11367,"n":"Yaourt à la grecque YAOS Nature - 4x150g","p":2.1,"u":"3,50 €/KG","img":"https://fd13-photos.leclercdrive.fr/image.ashx?id=2365006&use=l&cat=p&typeid=i","cat":314999},{"id":11455,"n":"Pasta Box Sodebo Tortellini Ricotta Épinards - 280g","p":2.77,"u":"9,89 €/KG","img":"https://fd13-photos.leclercdrive.fr/image.ashx?id=2919778&use=l&cat=p&typeid=i","cat":334983},{"id":11464,"n":"Pointe de brie Président Crémeux - 200g","p":1.99,"u":"9,95 €/KG","img":"https://fd13-photos.leclercdrive.fr/image.ashx?id=2029841&use=l&cat=p&typeid=i","cat":314033},{"id":11481,"n":"Salade Coleslaw Pierre Martinet Chou et carottes rapées - 500g","p":2.28,"u":"4,56 €/KG","img":"https://fd13-photos.leclercdrive.fr/image.ashx?id=2733076&use=l&cat=p&typeid=i","cat":333657},{"id":11499,"n":"Lait Bio entier Lactel UHT Bouteille - 6x1l","p":12.0,"u":"2,00 €/L","img":"https://fd13-photos.leclercdrive.fr/image.ashx?id=2892775&use=l&cat=p&typeid=i","cat":285610},{"id":11509,"n":"Feuille de brick Tablier Blanc 8 feuilles - 136g","p":0.77,"u":"5,66 €/KG","img":"https://fd13-photos.leclercdrive.fr/image.ashx?id=1938558&use=l&cat=p&typeid=i","cat":333681},{"id":11527,"n":"Essuie-tout blanc Mimosa Super absorbant - x6","p":3.74,"u":"0,62 €/P","img":"https://fd13-photos.leclercdrive.fr/image.ashx?id=2713262&use=l&cat=p&typeid=i","cat":284635},{"id":11558,"n":"Vin du Maroc Boulaouane rosé  Cinsault grenache gris 12% 75cl","p":3.5,"u":"4,67 €/L","img":"https://fd13-photos.leclercdrive.fr/image.ashx?id=2179362&use=l&cat=p&typeid=i","cat":289558},{"id":11561,"n":"Boisson sans alcool D'Artigny Classic - 75cl","p":3.29,"u":"4,39 €/L","img":"https://fd13-photos.leclercdrive.fr/image.ashx?id=2804430&use=l&cat=p&typeid=i","cat":289460},{"id":11795,"n":"Confiture Andros Fraises - 1kg","p":3.26,"u":"3,26 €/KG","img":"https://fd13-photos.leclercdrive.fr/image.ashx?id=2946892&use=l&cat=p&typeid=i","cat":284480},{"id":11879,"n":"AOC Côtes du Rhône vin rouge Grégoire XI - BIB 3L","p":9.99,"u":"3,33 €/L","img":"https://fd13-photos.leclercdrive.fr/image.ashx?id=2714980&use=l&cat=p&typeid=i","cat":289560},{"id":11880,"n":"AOC Vouvray brut Les Caractères - 75cl","p":5.99,"u":"7,99 €/L","img":"https://fd13-photos.leclercdrive.fr/image.ashx?id=2677035&use=l&cat=p&typeid=i","cat":284544},{"id":11881,"n":"AOP Vouvray demi-sec Les Caractères - 75cl","p":5.99,"u":"7,99 €/L","img":"https://fd13-photos.leclercdrive.fr/image.ashx?id=2800264&use=l&cat=p&typeid=i","cat":284544},{"id":11886,"n":"IGP Pays d'Oc Gris vin rosé Rives & Terrasses 12.5% BIB 3L","p":8.49,"u":"2,83 €/L","img":"https://fd13-photos.leclercdrive.fr/image.ashx?id=2909383&use=l&cat=p&typeid=i","cat":289560},{"id":11895,"n":"AOC Côtes du Rhône vin rouge Grégoire XI - BIB 5L","p":16.49,"u":"3,30 €/L","img":"https://fd13-photos.leclercdrive.fr/image.ashx?id=2710774&use=l&cat=p&typeid=i","cat":289560},{"id":11902,"n":"Arôme amande amère Vahiné 20ml","p":1.25,"u":"62,50 €/L","img":"https://fd13-photos.leclercdrive.fr/image.ashx?id=2559769&use=l&cat=p&typeid=i","cat":284504},{"id":11906,"n":"Nappage caramel Vahiné 700g","p":3.47,"u":"4,96 €/KG","img":"https://fd13-photos.leclercdrive.fr/image.ashx?id=2983234&use=l&cat=p&typeid=i","cat":284504},{"id":12000,"n":"Couscous Comptoir du Grain Grain moyen - 5x100g","p":0.84,"u":"1,68 €/KG","img":"https://fd13-photos.leclercdrive.fr/image.ashx?id=3012815&use=l&cat=p&typeid=i","cat":284429},{"id":12014,"n":"Riz Basmati Vivien Paille 1kg","p":3.74,"u":"3,74 €/KG","img":"https://fd13-photos.leclercdrive.fr/image.ashx?id=2326361&use=l&cat=p&typeid=i","cat":284428},{"id":12078,"n":"Pâte à tartiner Nustikao 400g","p":1.83,"u":"4,58 €/KG","img":"https://fd13-photos.leclercdrive.fr/image.ashx?id=2856411&use=l&cat=p&typeid=i","cat":284481},{"id":12080,"n":"Boisson énergisante X-tense Canette - 25cl","p":0.39,"u":"1,56 €/L","img":"https://fd13-photos.leclercdrive.fr/image.ashx?id=2956041&use=l&cat=p&typeid=i","cat":284533},{"id":12102,"n":"Roquette Notre Jardin  - 125g","p":1.39,"u":"11,12 €/KG","img":"https://fd13-photos.leclercdrive.fr/image.ashx?id=2654465&use=l&cat=p&typeid=i","cat":284353},{"id":12122,"n":"Vermicelles de riz Suzi Wan 250g","p":2.07,"u":"8,28 €/KG","img":"https://fd13-photos.leclercdrive.fr/image.ashx?id=3002183&use=l&cat=p&typeid=i","cat":288992},{"id":12233,"n":"Jus ananas Pago 75cl","p":1.9,"u":"2,53 €/L","img":"https://fd13-photos.leclercdrive.fr/image.ashx?id=2985702&use=l&cat=p&typeid=i","cat":284916},{"id":12236,"n":"Spaghetti d'Alsace NRT 250g","p":1.39,"u":"5,56 €/KG","img":"https://fd13-photos.leclercdrive.fr/image.ashx?id=2839983&use=l&cat=p&typeid=i","cat":284427},{"id":12242,"n":"Rillettes de saumon MSC Ronde des mers - 150g","p":1.99,"u":"13,27 €/KG","img":"https://fd13-photos.leclercdrive.fr/image.ashx?id=2822729&use=l&cat=p&typeid=i","cat":285191},{"id":12243,"n":"Rillettes de thon MSC Ronde des mers - 150g","p":1.99,"u":"13,27 €/KG","img":"https://fd13-photos.leclercdrive.fr/image.ashx?id=2644873&use=l&cat=p&typeid=i","cat":285191},{"id":12249,"n":"Torsades d'Alsace NRT 250g","p":1.39,"u":"5,56 €/KG","img":"https://fd13-photos.leclercdrive.fr/image.ashx?id=2839980&use=l&cat=p&typeid=i","cat":284427},{"id":12258,"n":"Gros sel de l'Ile de Ré NRT Sachet -1kg","p":1.69,"u":"1,69 €/KG","img":"https://fd13-photos.leclercdrive.fr/image.ashx?id=2802879&use=l&cat=p&typeid=i","cat":284457},{"id":12259,"n":"Fromage Mimolette vieille NRT  Label Rouge  - 200g","p":3.65,"u":"18,25 €/KG","img":"https://fd13-photos.leclercdrive.fr/image.ashx?id=2934829&use=l&cat=p&typeid=i","cat":314034},{"id":12261,"n":"Double concentré tomates Turini 3X70g","p":2.15,"u":"10,24 €/KG","img":"https://fd13-photos.leclercdrive.fr/image.ashx?id=2623962&use=l&cat=p&typeid=i","cat":288384},{"id":12342,"n":"Sucettes Chupa Chups Fresh cola - 192g","p":2.28,"u":"11,88 €/KG","img":"https://fd13-photos.leclercdrive.fr/image.ashx?id=2149489&use=l&cat=p&typeid=i","cat":304252},{"id":12362,"n":"Thon entier Pêche Océan Naturel - 2x140g","p":3.75,"u":"13,39 €/KG","img":"https://fd13-photos.leclercdrive.fr/image.ashx?id=2941423&use=l&cat=p&typeid=i","cat":303867},{"id":12363,"n":"Thon entier Pêche Océan Naturel - 3x93g","p":3.99,"u":"14,30 €/KG","img":"https://fd13-photos.leclercdrive.fr/image.ashx?id=2941411&use=l&cat=p&typeid=i","cat":303867},{"id":12365,"n":"Couscous royal Côté Table Volaille et merguez 980g","p":3.69,"u":"3,77 €/KG","img":"https://fd13-photos.leclercdrive.fr/image.ashx?id=2977144&use=l&cat=p&typeid=i","cat":325094},{"id":12368,"n":"Saucisses et haricots blancs Côté Table - 840g","p":3.15,"u":"3,75 €/KG","img":"https://fd13-photos.leclercdrive.fr/image.ashx?id=2977141&use=l&cat=p&typeid=i","cat":284441},{"id":12373,"n":"Moutarde Rustica Mi-forte - 415g","p":1.31,"u":"3,16 €/KG","img":"https://fd13-photos.leclercdrive.fr/image.ashx?id=1961437&use=l&cat=p&typeid=i","cat":288850},{"id":12374,"n":"Purée de tomates Turini 3x200g","p":1.19,"u":"1,98 €/KG","img":"https://fd13-photos.leclercdrive.fr/image.ashx?id=2174684&use=l&cat=p&typeid=i","cat":288384},{"id":12380,"n":"Infusion Tiséa Digestion facilitée x25","p":0.99,"u":"24,75 €/KG","img":"https://fd13-photos.leclercdrive.fr/image.ashx?id=2696253&use=l&cat=p&typeid=i","cat":293234},{"id":12384,"n":"Thon entier Pêche Océan Huile de tournesol - 3x80g","p":2.49,"u":"10,38 €/KG","img":"https://fd13-photos.leclercdrive.fr/image.ashx?id=2941405&use=l&cat=p&typeid=i","cat":303867},{"id":12391,"n":"Sirop Frucci Fraise - 1L","p":3.5,"u":"3,50 €/L","img":"https://fd13-photos.leclercdrive.fr/image.ashx?id=2954076&use=l&cat=p&typeid=i","cat":295020},{"id":12394,"n":"Nectar Jafaden Abricot - 4x20cl","p":2.68,"u":"3,35 €/L","img":"https://fd13-photos.leclercdrive.fr/image.ashx?id=2955674&use=l&cat=p&typeid=i","cat":284524},{"id":12396,"n":"100% Pur jus de tomate Jafaden - 4x20cl","p":2.32,"u":"2,90 €/L","img":"https://fd13-photos.leclercdrive.fr/image.ashx?id=2562858&use=l&cat=p&typeid=i","cat":284523},{"id":12402,"n":"Crème de mûres Auguste Muniot 15%vol. - 50cl","p":4.58,"u":"9,16 €/L","img":"https://fd13-photos.leclercdrive.fr/image.ashx?id=2541525&use=l&cat=p&typeid=i","cat":286032},{"id":12438,"n":"Vinaigre Balsamique MAILLE Velours de Modène - 25cl","p":3.34,"u":"13,36 €/L","img":"https://fd13-photos.leclercdrive.fr/image.ashx?id=2889994&use=l&cat=p&typeid=i","cat":298543},{"id":12441,"n":"Moutarde Amora Fine et douce  - 435g","p":1.74,"u":"4,00 €/KG","img":"https://fd13-photos.leclercdrive.fr/image.ashx?id=2507608&use=l&cat=p&typeid=i","cat":288850},{"id":12464,"n":"Soda Jean's Cola Zéro Bouteille - 1,5L","p":0.45,"u":"0,30 €/L","img":"https://fd13-photos.leclercdrive.fr/image.ashx?id=2637883&use=l&cat=p&typeid=i","cat":284530},{"id":12467,"n":"Jus multifruits Jafaden Pur jus - 1L","p":1.99,"u":"1,99 €/L","img":"https://fd13-photos.leclercdrive.fr/image.ashx?id=2958705&use=l&cat=p&typeid=i","cat":284917},{"id":12469,"n":"100% Pur jus d'orange Jafaden  Sans pulpe - 1L","p":1.99,"u":"1,99 €/L","img":"https://fd13-photos.leclercdrive.fr/image.ashx?id=2842477&use=l&cat=p&typeid=i","cat":284521},{"id":12470,"n":"Pur Jus de raisin Bio Village Bio - 1L","p":2.29,"u":"2,29 €/L","img":"https://fd13-photos.leclercdrive.fr/image.ashx?id=2901518&use=l&cat=p&typeid=i","cat":284915},{"id":12471,"n":"Thon entier Pêche Océan Huile de tournesol - 160g","p":1.63,"u":"10,19 €/KG","img":"https://fd13-photos.leclercdrive.fr/image.ashx?id=2941399&use=l&cat=p&typeid=i","cat":303867},{"id":12477,"n":"Cassoulet Saucisse de Toulouse Côté Table - 420g","p":2.11,"u":"5,02 €/KG","img":"https://fd13-photos.leclercdrive.fr/image.ashx?id=2977861&use=l&cat=p&typeid=i","cat":284440},{"id":12501,"n":"Café soluble Plantation Sélection - 200g","p":4.53,"u":"22,65 €/KG","img":"https://fd13-photos.leclercdrive.fr/image.ashx?id=2834266&use=l&cat=p&typeid=i","cat":284843},{"id":12506,"n":"Marshmallows Copains Copines Vanille 300g","p":1.25,"u":"4,17 €/KG","img":"https://fd13-photos.leclercdrive.fr/image.ashx?id=2934646&use=l&cat=p&typeid=i","cat":304250},{"id":12521,"n":"Miettes de thon Pêche Océan Huile de tournesol - 3x80g","p":2.35,"u":"9,79 €/KG","img":"https://fd13-photos.leclercdrive.fr/image.ashx?id=2943608&use=l&cat=p&typeid=i","cat":303867},{"id":12529,"n":"Moutarde de Dijon Rustica  195g","p":1.25,"u":"6,41 €/KG","img":"https://fd13-photos.leclercdrive.fr/image.ashx?id=1921604&use=l&cat=p&typeid=i","cat":288850},{"id":12532,"n":"Café en grains Plantation Tradition - 1kg","p":10.15,"u":"10,15 €/KG","img":"https://fd13-photos.leclercdrive.fr/image.ashx?id=2856405&use=l&cat=p&typeid=i","cat":293237},{"id":12534,"n":"Café moulu Plantation  Fruité & délicat déca - 250g","p":3.69,"u":"14,76 €/KG","img":"https://fd13-photos.leclercdrive.fr/image.ashx?id=2856402&use=l&cat=p&typeid=i","cat":284750},{"id":12549,"n":"Rasoirs jetables Venus Gillette Simply Venus 2 - x10","p":2.87,"u":"0,29 €/P","img":"https://fd13-photos.leclercdrive.fr/image.ashx?id=2881789&use=l&cat=p&typeid=i","cat":325352},{"id":12551,"n":"Raviolis légumes Bio Village Bio - 700g","p":2.53,"u":"3,61 €/KG","img":"https://fd13-photos.leclercdrive.fr/image.ashx?id=2717252&use=l&cat=p&typeid=i","cat":284442},{"id":12557,"n":"Vinaigrette Rustica Echalote - 50cl","p":1.27,"u":"2,54 €/L","img":"https://fd13-photos.leclercdrive.fr/image.ashx?id=1972901&use=l&cat=p&typeid=i","cat":284456},{"id":12564,"n":"Châtaignes Notre Jardin Entières - 420g","p":5.09,"u":"12,12 €/KG","img":"https://fd13-photos.leclercdrive.fr/image.ashx?id=1965527&use=l&cat=p&typeid=i","cat":312612},{"id":12565,"n":"Haricots beurre Notre Jardin Extra fins - 220g","p":1.88,"u":"8,55 €/KG","img":"https://fd13-photos.leclercdrive.fr/image.ashx?id=2988039&use=l&cat=p&typeid=i","cat":312606},{"id":12573,"n":"Eponges Mamison salle de bain Décorées x2","p":0.99,"u":"0,50 €/P","img":"https://fd13-photos.leclercdrive.fr/image.ashx?id=2199055&use=l&cat=p&typeid=i","cat":284667},{"id":12581,"n":"Soupe Déshydratée Thaï KNORR Nouilles & Champignons - 70cl","p":1.35,"u":"1,93 €/L","img":"https://fd13-photos.leclercdrive.fr/image.ashx?id=2772554&use=l&cat=p&typeid=i","cat":284463},{"id":12584,"n":"Pain grillé bio Bio Village Blé complet x12 - 250g","p":1.77,"u":"7,08 €/KG","img":"https://fd13-photos.leclercdrive.fr/image.ashx?id=2619749&use=l&cat=p&typeid=i","cat":284479},{"id":12587,"n":"Compote Douceur du Verger Gourdes multivariétés - 12x90g","p":3.93,"u":"3,64 €/KG","img":"https://fd13-photos.leclercdrive.fr/image.ashx?id=2837039&use=l&cat=p&typeid=i","cat":284508},{"id":12588,"n":"Sel régénérant Visior Lave-vaisselle - 4x1kg","p":2.69,"u":"0,67 €/KG","img":"https://fd13-photos.leclercdrive.fr/image.ashx?id=2463401&use=l&cat=p&typeid=i","cat":284657},{"id":12601,"n":"Oignon Rustica Coupés - 100g","p":2.14,"u":"21,40 €/KG","img":"https://fd13-photos.leclercdrive.fr/image.ashx?id=2365466&use=l&cat=p&typeid=i","cat":319804},{"id":12602,"n":"Ciboulette Rustica Coupé - 50g","p":1.65,"u":"33,00 €/KG","img":"https://fd13-photos.leclercdrive.fr/image.ashx?id=2365460&use=l&cat=p&typeid=i","cat":319804},{"id":12605,"n":"Cornichons Maille Le Mini 210g","p":2.98,"u":"14,19 €/KG","img":"https://fd13-photos.leclercdrive.fr/image.ashx?id=2877310&use=l&cat=p&typeid=i","cat":284458},{"id":12606,"n":"Marmite bouillon Knorr Poule - 224g","p":2.0,"u":"8,93 €/KG","img":"https://fd13-photos.leclercdrive.fr/image.ashx?id=2960288&use=l&cat=p&typeid=i","cat":288379},{"id":12608,"n":"Marmitte Bouillon Légumes KNORR 8 Capsules - 224g","p":2.0,"u":"8,93 €/KG","img":"https://fd13-photos.leclercdrive.fr/image.ashx?id=2829132&use=l&cat=p&typeid=i","cat":288379},{"id":12611,"n":"Crozets au Sarrasin NRT 400g","p":2.3,"u":"5,75 €/KG","img":"https://fd13-photos.leclercdrive.fr/image.ashx?id=2856220&use=l&cat=p&typeid=i","cat":284427},{"id":12668,"n":"Pizza Cuite sur pierre Turini Jambon fromage - 3x350g","p":6.22,"u":"5,92 €/KG","img":"https://fd13-photos.leclercdrive.fr/image.ashx?id=2815232&use=l&cat=p&typeid=i","cat":284256},{"id":12669,"n":"Sauce Burger AMORA 260g","p":1.57,"u":"6,04 €/KG","img":"https://fd13-photos.leclercdrive.fr/image.ashx?id=2893853&use=l&cat=p&typeid=i","cat":318431},{"id":12670,"n":"Basilic Rustica Coupé - 50g","p":1.69,"u":"33,80 €/KG","img":"https://fd13-photos.leclercdrive.fr/image.ashx?id=2365463&use=l&cat=p&typeid=i","cat":319804},{"id":12674,"n":"Nids d'Alsace NRT 250g","p":1.39,"u":"5,56 €/KG","img":"https://fd13-photos.leclercdrive.fr/image.ashx?id=2839968&use=l&cat=p&typeid=i","cat":284427},{"id":12675,"n":"Pizza Cuite sur pierre Turini 4 fromages - 400g","p":2.71,"u":"6,78 €/KG","img":"https://fd13-photos.leclercdrive.fr/image.ashx?id=2815229&use=l&cat=p&typeid=i","cat":284256},{"id":12676,"n":"Pizza Cuite sur pierre Turini Chorizo - 400g","p":2.69,"u":"6,73 €/KG","img":"https://fd13-photos.leclercdrive.fr/image.ashx?id=2815226&use=l&cat=p&typeid=i","cat":284256},{"id":12685,"n":"Biscuit P'tit Beurres chocolait P'tit Déli 268g","p":2.69,"u":"10,04 €/KG","img":"https://fd13-photos.leclercdrive.fr/image.ashx?id=2473975&use=l&cat=p&typeid=i","cat":284488},{"id":12691,"n":"Pizza Familiale 4 from. Turini Cuite sur pierre - 570g","p":3.7,"u":"6,49 €/KG","img":"https://fd13-photos.leclercdrive.fr/image.ashx?id=2815220&use=l&cat=p&typeid=i","cat":284256},{"id":12706,"n":"Dentifrice Dentamyl Soin complet 75ml","p":0.76,"u":"10,13 €/L","img":"https://fd13-photos.leclercdrive.fr/image.ashx?id=2276480&use=l&cat=p&typeid=i","cat":284612},{"id":12709,"n":"Panés dinde Le Gaulois x10 - 1kg","p":8.16,"u":"8,16 €/KG","img":"https://fd13-photos.leclercdrive.fr/image.ashx?id=2484191&use=l&cat=p&typeid=i","cat":333683},{"id":12729,"n":"Pânés poulet Le Gaulois x2 -  200g","p":2.13,"u":"10,65 €/KG","img":"https://fd13-photos.leclercdrive.fr/image.ashx?id=2261660&use=l&cat=p&typeid=i","cat":333684},{"id":12733,"n":"Bacon Herta superposé x15 150g","p":2.09,"u":"13,93 €/KG","img":"https://fd13-photos.leclercdrive.fr/image.ashx?id=2889325&use=l&cat=p&typeid=i","cat":316007},{"id":12739,"n":"Friand viande Côté Table 2x110g","p":1.65,"u":"7,50 €/KG","img":"https://fd13-photos.leclercdrive.fr/image.ashx?id=920780&use=l&cat=p&typeid=i","cat":333671},{"id":12916,"n":"Infusion bio Bio Village Digestion x20 - 30g","p":1.55,"u":"51,67 €/KG","img":"https://fd13-photos.leclercdrive.fr/image.ashx?id=2696286&use=l&cat=p&typeid=i","cat":293234},{"id":12917,"n":"Infusion bio Bio Village Pour le soir x20 - 30g","p":1.75,"u":"58,33 €/KG","img":"https://fd13-photos.leclercdrive.fr/image.ashx?id=2854261&use=l&cat=p&typeid=i","cat":293234},{"id":12926,"n":"Caviar d'aubergines NRT à la provençale - 90g","p":2.09,"u":"23,22 €/KG","img":"https://fd13-photos.leclercdrive.fr/image.ashx?id=2991160&use=l&cat=p&typeid=i","cat":315999},{"id":12928,"n":"Tapenade noire NRT à la provençale - 90g","p":2.5,"u":"27,78 €/KG","img":"https://fd13-photos.leclercdrive.fr/image.ashx?id=2991085&use=l&cat=p&typeid=i","cat":315999},{"id":12930,"n":"Mélange forestier Notre Jardin 450g","p":2.56,"u":"5,69 €/KG","img":"https://fd13-photos.leclercdrive.fr/image.ashx?id=2873111&use=l&cat=p&typeid=i","cat":319823},{"id":12965,"n":"Crêpes dentelles chocolat NRT 100g","p":1.82,"u":"18,20 €/KG","img":"https://fd13-photos.leclercdrive.fr/image.ashx?id=2770265&use=l&cat=p&typeid=i","cat":284490},{"id":12966,"n":"Assortiment biscuits fins P'tit Déli 200g","p":2.39,"u":"11,95 €/KG","img":"https://fd13-photos.leclercdrive.fr/image.ashx?id=2554578&use=l&cat=p&typeid=i","cat":284490},{"id":13204,"n":"Cahier TP Esquisse Vert anis Vert - 24x32cm -120p","p":2.49,"img":"https://fd13-photos.leclercdrive.fr/image.ashx?id=1928809&use=l&cat=p&typeid=i","cat":284697},{"id":13205,"n":"Copies doubles Eco+ 17x22cm - x200","p":1.25,"img":"https://fd13-photos.leclercdrive.fr/image.ashx?id=981371&use=l&cat=p&typeid=i","cat":284697},{"id":13308,"n":"Chemises Esquisse 24x32cm x15","p":3.3,"img":"https://fd13-photos.leclercdrive.fr/image.ashx?id=1678706&use=l&cat=p&typeid=i","cat":284745},{"id":13342,"n":"Thon entier Le Savoureux Huile d'olive - 160g","p":3.24,"u":"20,25 €/KG","img":"https://fd13-photos.leclercdrive.fr/image.ashx?id=2960159&use=l&cat=p&typeid=i","cat":303867},{"id":13356,"n":"IGP Fleur de sel Le Guérandais Tradition -  125g","p":2.87,"u":"22,96 €/KG","img":"https://fd13-photos.leclercdrive.fr/image.ashx?id=2457881&use=l&cat=p&typeid=i","cat":284457},{"id":13440,"n":"Purée de fruit NATURNES Fruits du verger 6M+ - 4x130g","p":2.25,"u":"4,33 €/KG","img":"https://fd13-photos.leclercdrive.fr/image.ashx?id=2478387&use=l&cat=p&typeid=i","cat":312388},{"id":13446,"n":"La Poêlée Celtique  Paysan Breton - 1kg","p":3.39,"u":"3,39 €/KG","img":"https://fd13-photos.leclercdrive.fr/image.ashx?id=2882394&use=l&cat=p&typeid=i","cat":319823},{"id":13464,"n":"Tripoux aveyronnais NRT 400g","p":5.46,"u":"13,65 €/KG","img":"https://fd13-photos.leclercdrive.fr/image.ashx?id=1907519&use=l&cat=p&typeid=i","cat":284441},{"id":13503,"n":"Biscottes bio Bio Village Au germe de blé x36 - 300g","p":1.99,"u":"6,63 €/KG","img":"https://fd13-photos.leclercdrive.fr/image.ashx?id=2634881&use=l&cat=p&typeid=i","cat":284479},{"id":13506,"n":"Gâteau Creusois NRT Noisettes - 350g","p":4.49,"u":"12,83 €/KG","img":"https://fd13-photos.leclercdrive.fr/image.ashx?id=2622302&use=l&cat=p&typeid=i","cat":293600},{"id":13532,"n":"Purée pomme de terre Pom'lisse Saveur d'antan - 4x125g - 500g","p":2.49,"u":"4,98 €/KG","img":"https://fd13-photos.leclercdrive.fr/image.ashx?id=2929867&use=l&cat=p&typeid=i","cat":284431},{"id":13559,"n":"Thé breakfast Britley 50 sachets - 100g","p":1.22,"u":"12,20 €/KG","img":"https://fd13-photos.leclercdrive.fr/image.ashx?id=2854225&use=l&cat=p&typeid=i","cat":293233},{"id":13585,"n":"Fleur de sel de l'Ile de Ré NRT 125g","p":2.49,"u":"19,92 €/KG","img":"https://fd13-photos.leclercdrive.fr/image.ashx?id=2644915&use=l&cat=p&typeid=i","cat":284457},{"id":13589,"n":"Fromage Brillat Savarin NRT  IGP - 200g","p":3.39,"u":"16,95 €/KG","img":"https://fd13-photos.leclercdrive.fr/image.ashx?id=2771064&use=l&cat=p&typeid=i","cat":329558},{"id":13593,"n":"Kouign Amann breton NRT Pur beurre - 400g","p":4.99,"u":"12,48 €/KG","img":"https://fd13-photos.leclercdrive.fr/image.ashx?id=2622317&use=l&cat=p&typeid=i","cat":293600},{"id":13604,"n":"Poissons panés au fromage Pêche Océan MSC - 180g","p":1.89,"u":"10,50 €/KG","img":"https://fd13-photos.leclercdrive.fr/image.ashx?id=2953608&use=l&cat=p&typeid=i","cat":284344},{"id":13605,"n":"Panés de colin Pêche Océan Colin d'Alaska - 200g","p":1.99,"u":"9,95 €/KG","img":"https://fd13-photos.leclercdrive.fr/image.ashx?id=2953605&use=l&cat=p&typeid=i","cat":284344},{"id":13636,"n":"Cuisse Poulet Blanc LR x2  IGP Volailles du Maine  - 480g","p":7.15,"u":"14,90 €/KG","img":"https://fd13-photos.leclercdrive.fr/image.ashx?id=2250552&use=l&cat=p&typeid=i","cat":284336},{"id":13639,"n":"Nougat tendre de Montélimar NRT  sachet 200g","p":3.49,"u":"17,45 €/KG","img":"https://fd13-photos.leclercdrive.fr/image.ashx?id=2771028&use=l&cat=p&typeid=i","cat":304249},{"id":13643,"n":"Biscuits nappés Bio Village Bio Chocolat au lait 200g","p":2.43,"u":"12,15 €/KG","img":"https://fd13-photos.leclercdrive.fr/image.ashx?id=1937516&use=l&cat=p&typeid=i","cat":284488},{"id":13646,"n":"Rochers Equador Chocolat noir x7 245g","p":2.49,"u":"10,16 €/KG","img":"https://fd13-photos.leclercdrive.fr/image.ashx?id=2842483&use=l&cat=p&typeid=i","cat":327600},{"id":13648,"n":"Biscuit Croc Break P'tit Déli Lait et goût chocolat - 300g","p":1.24,"u":"4,13 €/KG","img":"https://fd13-photos.leclercdrive.fr/image.ashx?id=1993182&use=l&cat=p&typeid=i","cat":284488},{"id":13678,"n":"Croûtons salade Epi d'Or Ail et fines herbes - 60g","p":0.6,"u":"10,00 €/KG","img":"https://fd13-photos.leclercdrive.fr/image.ashx?id=2606040&use=l&cat=p&typeid=i","cat":284464},{"id":13679,"n":"Croûtons salade Epi d'Or Nature - 60g","p":0.6,"u":"10,00 €/KG","img":"https://fd13-photos.leclercdrive.fr/image.ashx?id=2607909&use=l&cat=p&typeid=i","cat":284464},{"id":13681,"n":"Pâté pur porc Côtés Table 2 Foie 1 campagne - 3x78g","p":1.9,"u":"8,12 €/KG","img":"https://fd13-photos.leclercdrive.fr/image.ashx?id=2518505&use=l&cat=p&typeid=i","cat":305149},{"id":13682,"n":"Pâté de campagne Côté Table Pur porc - 3x78g","p":1.85,"u":"7,91 €/KG","img":"https://fd13-photos.leclercdrive.fr/image.ashx?id=2478763&use=l&cat=p&typeid=i","cat":305149},{"id":13683,"n":"Pâté de foie Côté Table Pur porc - 3x78g","p":1.99,"u":"8,50 €/KG","img":"https://fd13-photos.leclercdrive.fr/image.ashx?id=2518502&use=l&cat=p&typeid=i","cat":305149},{"id":13684,"n":"Bouillon de légumes Rustica Cubes - 12x10g","p":0.67,"u":"5,58 €/KG","img":"https://fd13-photos.leclercdrive.fr/image.ashx?id=1753198&use=l&cat=p&typeid=i","cat":288379},{"id":13685,"n":"Bouillon de volaille Rustica Cubes - 12x10g","p":0.8,"u":"6,67 €/KG","img":"https://fd13-photos.leclercdrive.fr/image.ashx?id=1880027&use=l&cat=p&typeid=i","cat":288379},{"id":13686,"n":"Bouillon Pot au feu Rustica Cubes - 12x10g","p":1.39,"u":"11,58 €/KG","img":"https://fd13-photos.leclercdrive.fr/image.ashx?id=1880024&use=l&cat=p&typeid=i","cat":288379},{"id":13689,"n":"Pop corn caramélisé Tokapi 100g","p":0.71,"u":"7,10 €/KG","img":"https://fd13-photos.leclercdrive.fr/image.ashx?id=2920175&use=l&cat=p&typeid=i","cat":304249},{"id":13694,"n":"Riz long Comptoir du Grain 500g","p":1.47,"u":"2,94 €/KG","img":"https://fd13-photos.leclercdrive.fr/image.ashx?id=2886534&use=l&cat=p&typeid=i","cat":284428},{"id":13696,"n":"Soufflés Snack's Tokapi Cacahuète - 90g","p":0.47,"u":"5,22 €/KG","img":"https://fd13-photos.leclercdrive.fr/image.ashx?id=2677026&use=l&cat=p&typeid=i","cat":284449},{"id":13698,"n":"Légumes couscous Notre Jardin 400g","p":1.43,"u":"3,58 €/KG","img":"https://fd13-photos.leclercdrive.fr/image.ashx?id=2468831&use=l&cat=p&typeid=i","cat":312612},{"id":13703,"n":"Petits pois Notre Jardin A l'étuvée - Très fins - 560g","p":1.29,"u":"2,30 €/KG","img":"https://fd13-photos.leclercdrive.fr/image.ashx?id=2691018&use=l&cat=p&typeid=i","cat":312607},{"id":13715,"n":"Croquettes chat Purina One Stérilisé - Boeuf/Blé-1.5kg","p":7.04,"u":"4,69 €/KG","img":"https://fd13-photos.leclercdrive.fr/image.ashx?id=2488040&use=l&cat=p&typeid=i","cat":284680},{"id":13719,"n":"Croquettes chat Purina One Adulte - Poulet/Céréales -1.5kg","p":6.52,"u":"4,35 €/KG","img":"https://fd13-photos.leclercdrive.fr/image.ashx?id=2537682&use=l&cat=p&typeid=i","cat":284680},{"id":13731,"n":"Barquettes chats Gourmet Gold Les mousselines - 12x85g","p":5.49,"u":"5,38 €/KG","img":"https://fd13-photos.leclercdrive.fr/image.ashx?id=2967046&use=l&cat=p&typeid=i","cat":285286},{"id":13733,"n":"Barquettes chats Gourmet Gold Les terrines - 12x85g","p":5.63,"u":"5,52 €/KG","img":"https://fd13-photos.leclercdrive.fr/image.ashx?id=2979069&use=l&cat=p&typeid=i","cat":285286},{"id":13770,"n":"Croissants surgelés Epi d'Or Cuisson four - 6x60g","p":2.58,"u":"7,17 €/KG","img":"https://fd13-photos.leclercdrive.fr/image.ashx?id=2900088&use=l&cat=p&typeid=i","cat":284267},{"id":13776,"n":"Mouchoirs blancs 3 plis Caresse Boîte - x110","p":1.35,"u":"0,01 €/P","img":"https://fd13-photos.leclercdrive.fr/image.ashx?id=2858784&use=l&cat=p&typeid=i","cat":284638},{"id":13777,"n":"Lingettes bébé Eco+ Epaisses - x72","p":0.72,"u":"0,01 €/P","img":"https://fd13-photos.leclercdrive.fr/image.ashx?id=2874672&use=l&cat=p&typeid=i","cat":284738},{"id":13781,"n":"Salade Notre Jardin Laitue iceberg - 450g","p":1.57,"u":"3,49 €/KG","img":"https://fd13-photos.leclercdrive.fr/image.ashx?id=2930721&use=l&cat=p&typeid=i","cat":284353},{"id":13782,"n":"Déodorant Manava anti-traces 200ml","p":1.29,"u":"6,45 €/L","img":"https://fd13-photos.leclercdrive.fr/image.ashx?id=2692952&use=l&cat=p&typeid=i","cat":284595},{"id":13785,"n":"Shampooing Vitanove Réparateur - 250ml","p":1.45,"u":"5,80 €/L","img":"https://fd13-photos.leclercdrive.fr/image.ashx?id=1879257&use=l&cat=p&typeid=i","cat":284606},{"id":13786,"n":"Shampooing Vitanove Equilibrant - 250ml","p":1.79,"u":"7,16 €/L","img":"https://fd13-photos.leclercdrive.fr/image.ashx?id=1913165&use=l&cat=p&typeid=i","cat":284606},{"id":13787,"n":"Shampooing Vitanove Extra Color - 250ml","p":1.56,"u":"6,24 €/L","img":"https://fd13-photos.leclercdrive.fr/image.ashx?id=1889779&use=l&cat=p&typeid=i","cat":284606},{"id":13788,"n":"Après-shampooing Vitanove Extra color - 200ml","p":1.38,"u":"6,90 €/L","img":"https://fd13-photos.leclercdrive.fr/image.ashx?id=2618302&use=l&cat=p&typeid=i","cat":284607},{"id":13789,"n":"Shampooing Vitanove Lissant - 250ml","p":1.79,"u":"7,16 €/L","img":"https://fd13-photos.leclercdrive.fr/image.ashx?id=1907456&use=l&cat=p&typeid=i","cat":284606},{"id":13790,"n":"Après-shampooing Vitanove Lissant - 200ml","p":1.49,"u":"7,45 €/L","img":"https://fd13-photos.leclercdrive.fr/image.ashx?id=2618314&use=l&cat=p&typeid=i","cat":284607},{"id":13975,"n":"Salade Notre Jardin Mâche - 200g","p":1.52,"u":"7,60 €/KG","img":"https://fd13-photos.leclercdrive.fr/image.ashx?id=2662583&use=l&cat=p&typeid=i","cat":284353},{"id":13977,"n":"Salade Notre Jardin Coeurs de laitue - 320g","p":1.57,"u":"4,91 €/KG","img":"https://fd13-photos.leclercdrive.fr/image.ashx?id=2720142&use=l&cat=p&typeid=i","cat":284353},{"id":13978,"n":"Salade composée Notre Jardin 250g","p":1.2,"u":"4,80 €/KG","img":"https://fd13-photos.leclercdrive.fr/image.ashx?id=2663266&use=l&cat=p&typeid=i","cat":284353},{"id":13992,"n":"Recharge savon mains Manava Gel lavande - 250ml","p":0.69,"u":"2,76 €/L","img":"https://fd13-photos.leclercdrive.fr/image.ashx?id=2935477&use=l&cat=p&typeid=i","cat":284597},{"id":13995,"n":"Bandes extensibles Primoplast 4mx6cm - x2","p":1.29,"img":"https://fd13-photos.leclercdrive.fr/image.ashx?id=2856444&use=l&cat=p&typeid=i","cat":284630},{"id":13998,"n":"Pâte feuilletée Eco+ A dérouler - 230g","p":0.53,"u":"2,30 €/KG","img":"https://fd13-photos.leclercdrive.fr/image.ashx?id=2794178&use=l&cat=p&typeid=i","cat":333681},{"id":14007,"n":"Jambon de Bayonne IGP NRT 4 Grandes Tranches - 120g","p":3.63,"u":"30,25 €/KG","img":"https://fd13-photos.leclercdrive.fr/image.ashx?id=2670428&use=l&cat=p&typeid=i","cat":316007},{"id":14023,"n":"Rasoir Carré Homme 3 lames - x1","p":3.99,"img":"https://fd13-photos.leclercdrive.fr/image.ashx?id=1962765&use=l&cat=p&typeid=i","cat":284616},{"id":14027,"n":"Lingettes Hygiène intime Doulys x20","p":1.8,"img":"https://fd13-photos.leclercdrive.fr/image.ashx?id=2815632&use=l&cat=p&typeid=i","cat":284627},{"id":14029,"n":"Fromage Neufchâtel AOP  Nos Régions ont du Talent 200g","p":2.67,"u":"13,35 €/KG","img":"https://fd13-photos.leclercdrive.fr/image.ashx?id=2071227&use=l&cat=p&typeid=i","cat":329558},{"id":14031,"n":"Crème Décolorante Siliss Visage et Corps - 2x50ml","p":2.79,"u":"27,90 €/L","img":"https://fd13-photos.leclercdrive.fr/image.ashx?id=2743783&use=l&cat=p&typeid=i","cat":325351},{"id":14038,"n":"Cassoulet au confit canard NRT - 420g","p":2.75,"u":"6,55 €/KG","img":"https://fd13-photos.leclercdrive.fr/image.ashx?id=2723222&use=l&cat=p&typeid=i","cat":284440},{"id":14046,"n":"Calvados pays d'auge NRT  40%vol. - 70cl","p":22.99,"u":"32,84 €/L","img":"https://fd13-photos.leclercdrive.fr/image.ashx?id=1647892&use=l&cat=p&typeid=i","cat":286032},{"id":14051,"n":"Confiture extra bio Bio Village Myrtilles - 370g","p":2.29,"u":"6,19 €/KG","img":"https://fd13-photos.leclercdrive.fr/image.ashx?id=2965620&use=l&cat=p&typeid=i","cat":284480},{"id":14056,"n":"Confiture extra prunes NRT Du Lot-et-Garonne - 315g","p":2.67,"u":"8,48 €/KG","img":"https://fd13-photos.leclercdrive.fr/image.ashx?id=2699798&use=l&cat=p&typeid=i","cat":284480},{"id":14060,"n":"Confiture de coings NRT 315g","p":3.61,"u":"11,46 €/KG","img":"https://fd13-photos.leclercdrive.fr/image.ashx?id=2494154&use=l&cat=p&typeid=i","cat":284480},{"id":14061,"n":"Confiture poires williams NRT De la Valée du Rhône - 315g","p":2.83,"u":"8,98 €/KG","img":"https://fd13-photos.leclercdrive.fr/image.ashx?id=2699792&use=l&cat=p&typeid=i","cat":284480},{"id":14062,"n":"Préparation framboises NRT Du Massif Central - 315g","p":4.02,"u":"12,76 €/KG","img":"https://fd13-photos.leclercdrive.fr/image.ashx?id=2699813&use=l&cat=p&typeid=i","cat":284480},{"id":14063,"n":"Préparation NRT Agrumes de Corse - 315g","p":2.82,"u":"8,95 €/KG","img":"https://fd13-photos.leclercdrive.fr/image.ashx?id=2460646&use=l&cat=p&typeid=i","cat":284480},{"id":14064,"n":"Préparation NRT Abricots d'Occitanie - 315g","p":2.87,"u":"9,11 €/KG","img":"https://fd13-photos.leclercdrive.fr/image.ashx?id=2590466&use=l&cat=p&typeid=i","cat":284480},{"id":14075,"n":"Lait de coco Tables du monde 400ml","p":1.52,"u":"3,80 €/L","img":"https://fd13-photos.leclercdrive.fr/image.ashx?id=1960758&use=l&cat=p&typeid=i","cat":288992},{"id":14076,"n":"Fromage Mimolette Vieille NRT En dés - 150g","p":2.99,"u":"19,93 €/KG","img":"https://fd13-photos.leclercdrive.fr/image.ashx?id=2934826&use=l&cat=p&typeid=i","cat":314027},{"id":14080,"n":"Chair de tomate Notre Jardin Basilic - 400g","p":2.9,"u":"7,25 €/KG","img":"https://fd13-photos.leclercdrive.fr/image.ashx?id=2603692&use=l&cat=p&typeid=i","cat":312608},{"id":14081,"n":"Ratatouille Bio Village Bio A la provençale - 650g","p":2.35,"u":"3,62 €/KG","img":"https://fd13-photos.leclercdrive.fr/image.ashx?id=2762513&use=l&cat=p&typeid=i","cat":312612},{"id":14082,"n":"Miel de fleurs bio Bio Village 500g","p":4.99,"u":"9,98 €/KG","img":"https://fd13-photos.leclercdrive.fr/image.ashx?id=2348265&use=l&cat=p&typeid=i","cat":287643},{"id":14084,"n":"Confiture bio Bio Village Oranges - 370g","p":2.26,"u":"6,11 €/KG","img":"https://fd13-photos.leclercdrive.fr/image.ashx?id=2965623&use=l&cat=p&typeid=i","cat":284480},{"id":14087,"n":"Quenelles de veau Coté Table Sauce financière 400g","p":1.85,"u":"4,63 €/KG","img":"https://fd13-photos.leclercdrive.fr/image.ashx?id=2977864&use=l&cat=p&typeid=i","cat":284441},{"id":14088,"n":"Garnit bouchée reine Coté Table 400g","p":1.79,"u":"4,48 €/KG","img":"https://fd13-photos.leclercdrive.fr/image.ashx?id=2977150&use=l&cat=p&typeid=i","cat":284441},{"id":14093,"n":"Olives de Picholines NRT Vertes - 200g","p":3.52,"u":"17,60 €/KG","img":"https://fd13-photos.leclercdrive.fr/image.ashx?id=2704891&use=l&cat=p&typeid=i","cat":284458},{"id":14094,"n":"Confiture pêches de vigne NRT De la Valée du Rhône - 315g","p":3.03,"u":"9,62 €/KG","img":"https://fd13-photos.leclercdrive.fr/image.ashx?id=2657286&use=l&cat=p&typeid=i","cat":284480},{"id":14099,"n":"Spray nettoyant Eco+ avec Javel 750ml","p":0.87,"u":"1,16 €/L","img":"https://fd13-photos.leclercdrive.fr/image.ashx?id=2837003&use=l&cat=p&typeid=i","cat":325357},{"id":14100,"n":"Quatre-quarts breton NRT 400g","p":3.99,"u":"9,98 €/KG","img":"https://fd13-photos.leclercdrive.fr/image.ashx?id=2663827&use=l&cat=p&typeid=i","cat":294776},{"id":14104,"n":"Gâteau breton fourré NRT Pruneaux - 400g","p":4.49,"u":"11,23 €/KG","img":"https://fd13-photos.leclercdrive.fr/image.ashx?id=2622305&use=l&cat=p&typeid=i","cat":293600},{"id":14107,"n":"Tielles sétoises NRT x2 - 220g","p":2.93,"u":"13,32 €/KG","img":"https://fd13-photos.leclercdrive.fr/image.ashx?id=2663830&use=l&cat=p&typeid=i","cat":285340},{"id":14108,"n":"Fromage Epoisses NRT AOP  250g","p":5.77,"u":"23,08 €/KG","img":"https://fd13-photos.leclercdrive.fr/image.ashx?id=1714377&use=l&cat=p&typeid=i","cat":329558},{"id":14111,"n":"Houmous Tables du Monde 200g","p":1.43,"u":"7,15 €/KG","img":"https://fd13-photos.leclercdrive.fr/image.ashx?id=2872258&use=l&cat=p&typeid=i","cat":315999},{"id":14113,"n":"Rasoirs jetables Siliss 2 lames - x10","p":1.19,"u":"0,12 €/P","img":"https://fd13-photos.leclercdrive.fr/image.ashx?id=2602763&use=l&cat=p&typeid=i","cat":325352},{"id":14122,"n":"Bâtonnets crâbe Eco+ x24 - 400g","p":1.25,"u":"3,13 €/KG","img":"https://fd13-photos.leclercdrive.fr/image.ashx?id=2095209&use=l&cat=p&typeid=i","cat":285189},{"id":14124,"n":"Rosette pur porc Eco+ 12 tranches - 150g","p":1.24,"u":"8,27 €/KG","img":"https://fd13-photos.leclercdrive.fr/image.ashx?id=2728222&use=l&cat=p&typeid=i","cat":316007},{"id":14131,"n":"Désodorisant Visior Lave-vaisselle Citron - x2","p":1.29,"u":"0,65 €/P","img":"https://fd13-photos.leclercdrive.fr/image.ashx?id=2951119&use=l&cat=p&typeid=i","cat":284657},{"id":14135,"n":"Brosse à dents Eco+ Médium x2","p":0.23,"u":"0,12 €/P","img":"https://fd13-photos.leclercdrive.fr/image.ashx?id=2783783&use=l&cat=p&typeid=i","cat":284614},{"id":14155,"n":"Gnocchi Turini à poêler 300g","p":0.89,"u":"2,97 €/KG","img":"https://fd13-photos.leclercdrive.fr/image.ashx?id=2606810&use=l&cat=p&typeid=i","cat":333682},{"id":14158,"n":"Fromage Mystère du Prieuré Lait pasteurisé - 340g","p":2.65,"u":"7,79 €/KG","img":"https://fd13-photos.leclercdrive.fr/image.ashx?id=2900085&use=l&cat=p&typeid=i","cat":329184},{"id":14159,"n":"Bonbons gélifiés Eco+ Goût cola - 200g","p":0.95,"u":"4,75 €/KG","img":"https://fd13-photos.leclercdrive.fr/image.ashx?id=2717099&use=l&cat=p&typeid=i","cat":304250},{"id":14165,"n":"Crème de soin cheveux Vitanove Boucles sans rinçage 200ml","p":1.29,"u":"6,45 €/L","img":"https://fd13-photos.leclercdrive.fr/image.ashx?id=1947997&use=l&cat=p&typeid=i","cat":284608},{"id":14168,"n":"Dentifrice Dentamyl Protection gencives 75ml","p":0.92,"u":"12,27 €/L","img":"https://fd13-photos.leclercdrive.fr/image.ashx?id=2489092&use=l&cat=p&typeid=i","cat":284612},{"id":14183,"n":"Lame de rasoir Siliss 3 lames - x4","p":3.58,"img":"https://fd13-photos.leclercdrive.fr/image.ashx?id=2699414&use=l&cat=p&typeid=i","cat":325352},{"id":14193,"n":"Masque capillaire Vitanove Extra color 300ml","p":2.69,"u":"8,97 €/L","img":"https://fd13-photos.leclercdrive.fr/image.ashx?id=2149095&use=l&cat=p&typeid=i","cat":284608},{"id":14196,"n":"Après-shampooing Vitanove Réparateur - 200ml","p":1.43,"u":"7,15 €/L","img":"https://fd13-photos.leclercdrive.fr/image.ashx?id=2618311&use=l&cat=p&typeid=i","cat":284607},{"id":14211,"n":"Lotion après-rasage Carré Homme Boisée tonifiant 100ml","p":2.61,"u":"26,10 €/L","img":"https://fd13-photos.leclercdrive.fr/image.ashx?id=2854222&use=l&cat=p&typeid=i","cat":288147},{"id":14212,"n":"Lotion après-rasage Carré Homme Marine tonifiant 100ml","p":2.61,"u":"26,10 €/L","img":"https://fd13-photos.leclercdrive.fr/image.ashx?id=2854219&use=l&cat=p&typeid=i","cat":288147},{"id":14219,"n":"Dentifrice enfant Dentamyl Menthe - 7 à 13 ans - 75ml","p":0.74,"u":"9,87 €/L","img":"https://fd13-photos.leclercdrive.fr/image.ashx?id=2489113&use=l&cat=p&typeid=i","cat":288898},{"id":14220,"n":"Shampooing Vitanove Volumateur - 250ml","p":1.79,"u":"7,16 €/L","img":"https://fd13-photos.leclercdrive.fr/image.ashx?id=1909519&use=l&cat=p&typeid=i","cat":284606},{"id":14222,"n":"Lait de toilette Mots d'Enfants Bébé peaux délicates - 250ml","p":1.95,"u":"7,80 €/L","img":"https://fd13-photos.leclercdrive.fr/image.ashx?id=3015024&use=l&cat=p&typeid=i","cat":284741},{"id":14223,"n":"Dépoussiérant meubles Clair Multi-surfaces 300ml","p":1.03,"u":"3,43 €/L","img":"https://fd13-photos.leclercdrive.fr/image.ashx?id=2856681&use=l&cat=p&typeid=i","cat":325364},{"id":14224,"n":"Gel wc Syphon surpuissant 750ml","p":1.07,"u":"1,43 €/L","img":"https://fd13-photos.leclercdrive.fr/image.ashx?id=2558790&use=l&cat=p&typeid=i","cat":284662},{"id":14243,"n":"Pain de mie nature Epi d'Or Grandes tranches - 825g","p":1.59,"u":"1,93 €/KG","img":"https://fd13-photos.leclercdrive.fr/image.ashx?id=2860724&use=l&cat=p&typeid=i","cat":284477},{"id":14258,"n":"Ravioles de la Drôme NRT Chèvre - 240g","p":3.39,"u":"14,13 €/KG","img":"https://fd13-photos.leclercdrive.fr/image.ashx?id=2704900&use=l&cat=p&typeid=i","cat":333682},{"id":14259,"n":"Ravioles de la Drôme NRT Basilic - 240g","p":3.39,"u":"14,13 €/KG","img":"https://fd13-photos.leclercdrive.fr/image.ashx?id=2704897&use=l&cat=p&typeid=i","cat":333682},{"id":14260,"n":"Crottin Chavignol NRT AOP  Fromage de chèvre - 2x60g","p":3.75,"u":"31,25 €/KG","img":"https://fd13-photos.leclercdrive.fr/image.ashx?id=2519432&use=l&cat=p&typeid=i","cat":314031},{"id":14262,"n":"Cognac v.s.o.p 40%vol. NRT 50cl","p":21.34,"u":"42,68 €/L","img":"https://fd13-photos.leclercdrive.fr/image.ashx?id=1646501&use=l&cat=p&typeid=i","cat":286032},{"id":14270,"n":"Cidre Pays d'Auge NRT AOP  4.5%vol - 75cl","p":3.89,"u":"5,19 €/L","img":"https://fd13-photos.leclercdrive.fr/image.ashx?id=2791081&use=l&cat=p&typeid=i","cat":334880},{"id":14271,"n":"Crème de marrons NRT De l'Ardèche - 325g","p":3.03,"u":"9,32 €/KG","img":"https://fd13-photos.leclercdrive.fr/image.ashx?id=2771061&use=l&cat=p&typeid=i","cat":284481},{"id":14273,"n":"Fromage Pont-l'Evêque AOP  Nos Régions ont du Talent 220g","p":2.65,"u":"12,05 €/KG","img":"https://fd13-photos.leclercdrive.fr/image.ashx?id=2356344&use=l&cat=p&typeid=i","cat":329558},{"id":14276,"n":"Cassoulet au confit canard NRT - 840g","p":4.99,"u":"5,94 €/KG","img":"https://fd13-photos.leclercdrive.fr/image.ashx?id=2791410&use=l&cat=p&typeid=i","cat":284440},{"id":14282,"n":"Préparation citrons NRT De Corse -  315g","p":2.69,"u":"8,54 €/KG","img":"https://fd13-photos.leclercdrive.fr/image.ashx?id=2699810&use=l&cat=p&typeid=i","cat":284480},{"id":14285,"n":"Fromage Emmental Eco+ Râpé - 200g","p":1.5,"u":"7,50 €/KG","img":"https://fd13-photos.leclercdrive.fr/image.ashx?id=2942166&use=l&cat=p&typeid=i","cat":314035},{"id":14292,"n":"Eau aromatisée Volvic Zest  Citron - 1,5L","p":1.07,"u":"0,71 €/L","img":"https://fd13-photos.leclercdrive.fr/image.ashx?id=2730253&use=l&cat=p&typeid=i","cat":284537},{"id":14293,"n":"Eau aromatisée Volvic Zest Citron - 6x50cl","p":3.43,"u":"1,14 €/L","img":"https://fd13-photos.leclercdrive.fr/image.ashx?id=2730256&use=l&cat=p&typeid=i","cat":284537},{"id":14316,"n":"Lasagnes saumon Côté Table 1kg","p":7.26,"u":"7,26 €/KG","img":"https://fd13-photos.leclercdrive.fr/image.ashx?id=2790928&use=l&cat=p&typeid=i","cat":284254},{"id":14327,"n":"Poêlée Côté Table Franc-Comtoise - 900g","p":4.19,"u":"4,66 €/KG","img":"https://fd13-photos.leclercdrive.fr/image.ashx?id=2048440&use=l&cat=p&typeid=i","cat":319823},{"id":14329,"n":"Brandade de morue Côté Table MSC - 300g","p":2.72,"u":"9,07 €/KG","img":"https://fd13-photos.leclercdrive.fr/image.ashx?id=2779187&use=l&cat=p&typeid=i","cat":284254},{"id":14330,"n":"Poêlée de légumes Notre Jardin Légumes grillés - 750g","p":3.11,"u":"4,15 €/KG","img":"https://fd13-photos.leclercdrive.fr/image.ashx?id=2771369&use=l&cat=p&typeid=i","cat":319823},{"id":14344,"n":"Pain de mie Nature Harrys Longue conservation - 550g","p":2.06,"u":"3,75 €/KG","img":"https://fd13-photos.leclercdrive.fr/image.ashx?id=2518109&use=l&cat=p&typeid=i","cat":284477},{"id":14360,"n":"Yaourts à boire Délisse Petits Délis fruits - 8x100g","p":3.2,"u":"4,00 €/KG","img":"https://fd13-photos.leclercdrive.fr/image.ashx?id=2754886&use=l&cat=p&typeid=i","cat":284415},{"id":14371,"n":"Mousse à la crème Duodélisse Nature - 4x100g","p":1.49,"u":"3,73 €/KG","img":"https://fd13-photos.leclercdrive.fr/image.ashx?id=2387334&use=l&cat=p&typeid=i","cat":284409},{"id":14381,"n":"Palets bretons NRT 100g","p":1.83,"u":"18,30 €/KG","img":"https://fd13-photos.leclercdrive.fr/image.ashx?id=2622299&use=l&cat=p&typeid=i","cat":284487},{"id":14415,"n":"Levure chimique Vahiné 5x11g","p":0.36,"u":"6,55 €/KG","img":"https://fd13-photos.leclercdrive.fr/image.ashx?id=2490542&use=l&cat=p&typeid=i","cat":294686},{"id":14427,"n":"Pastis Ricard Anisé 45% vol - 70cl","p":15.3,"u":"21,86 €/L","img":"https://fd13-photos.leclercdrive.fr/image.ashx?id=2976776&use=l&cat=p&typeid=i","cat":284548},{"id":14431,"n":"Rhum Lagoa 40%vol - 1L","p":13.59,"u":"13,59 €/L","img":"https://fd13-photos.leclercdrive.fr/image.ashx?id=2966481&use=l&cat=p&typeid=i","cat":284550},{"id":14447,"n":"Sirop Frucci Thé Pêche - 75cl","p":3.2,"u":"4,27 €/L","img":"https://fd13-photos.leclercdrive.fr/image.ashx?id=2922697&use=l&cat=p&typeid=i","cat":295020},{"id":14458,"n":"Biscuits tablette Eco+ Chocolat au lait - 150g","p":0.98,"u":"6,53 €/KG","img":"https://fd13-photos.leclercdrive.fr/image.ashx?id=2682750&use=l&cat=p&typeid=i","cat":284488},{"id":14499,"n":"Miel de lavande Provence IGP Nos Régions ont du Talent 375g","p":6.29,"u":"16,77 €/KG","img":"https://fd13-photos.leclercdrive.fr/image.ashx?id=2580588&use=l&cat=p&typeid=i","cat":287643},{"id":14536,"n":"Escalope Fine Dinde LR x2  IGP Volailles du Maine  - 240g","p":5.91,"u":"24,63 €/KG","img":"https://fd13-photos.leclercdrive.fr/image.ashx?id=2250567&use=l&cat=p&typeid=i","cat":284337},{"id":14544,"n":"Serviettes papier Homeside Triple épaisseur 40x40 x50","p":2.99,"u":"0,06 €/P","img":"https://fd13-photos.leclercdrive.fr/image.ashx?id=1659681&use=l&cat=p&typeid=i","cat":334134},{"id":14563,"n":"Serviettes Eco+ papier blanc x200","p":1.23,"u":"0,01 €/P","img":"https://fd13-photos.leclercdrive.fr/image.ashx?id=1413111&use=l&cat=p&typeid=i","cat":334134},{"id":14570,"n":"Nappe Eco+ papier blanche 25m","p":4.77,"u":"0,19 €/MT","img":"https://fd13-photos.leclercdrive.fr/image.ashx?id=1300431&use=l&cat=p&typeid=i","cat":334134},{"id":14574,"n":"Serviette incontinence Chorys Normal - x12","p":1.99,"u":"0,17 €/P","img":"https://fd13-photos.leclercdrive.fr/image.ashx?id=2393848&use=l&cat=p&typeid=i","cat":284628},{"id":14575,"n":"Serviette incontinence Chorys Mini - x20","p":1.99,"u":"0,10 €/P","img":"https://fd13-photos.leclercdrive.fr/image.ashx?id=2448409&use=l&cat=p&typeid=i","cat":284628},{"id":14578,"n":"Papier toilette Mimosa Rose - Ultra doux - x6","p":2.59,"u":"0,43 €/P","img":"https://fd13-photos.leclercdrive.fr/image.ashx?id=2777839&use=l&cat=p&typeid=i","cat":284634},{"id":14582,"n":"Bandes de cire froide Siliss Corps - Peaux sensibles - x40","p":2.21,"u":"0,06 €/P","img":"https://fd13-photos.leclercdrive.fr/image.ashx?id=2699426&use=l&cat=p&typeid=i","cat":325351},{"id":14626,"n":"Boisson aux fruits Oasis Saveur Pêche Abricot - 2L","p":2.35,"u":"1,18 €/L","img":"https://fd13-photos.leclercdrive.fr/image.ashx?id=2688635&use=l&cat=p&typeid=i","cat":295018},{"id":14637,"n":"Biscuits P'tit Déli ronds Chocolat noir 200g","p":1.34,"u":"6,70 €/KG","img":"https://fd13-photos.leclercdrive.fr/image.ashx?id=2884207&use=l&cat=p&typeid=i","cat":284488},{"id":14659,"n":"Gel désinfectant mains Sanytol Au thé vert - 250ml","p":3.5,"u":"14,00 €/L","img":"https://fd13-photos.leclercdrive.fr/image.ashx?id=1754056&use=l&cat=p&typeid=i","cat":284630},{"id":14661,"n":"Lingettes Hygiène Intime Usage Quotidien Intima Hamamélis x20","p":2.46,"u":"0,12 €/P","img":"https://fd13-photos.leclercdrive.fr/image.ashx?id=2886675&use=l&cat=p&typeid=i","cat":284627},{"id":14675,"n":"boisson végétale lait d'amande  bio bjorg intense - 1L","p":2.83,"u":"2,83 €/L","img":"https://fd13-photos.leclercdrive.fr/image.ashx?id=2970918&use=l&cat=p&typeid=i","cat":316067},{"id":14680,"n":"Céréales muesli vitaminé fruits bjorg bio 750g","p":3.99,"u":"5,32 €/KG","img":"https://fd13-photos.leclercdrive.fr/image.ashx?id=2906160&use=l&cat=p&typeid=i","cat":309512},{"id":14688,"n":"Biscuits Bjorg Fourrés Chocolat lait bio 225g","p":2.94,"u":"13,07 €/KG","img":"https://fd13-photos.leclercdrive.fr/image.ashx?id=2970927&use=l&cat=p&typeid=i","cat":284488},{"id":14691,"n":"Chocolat Alter Eco Noir Absolu Pérou 85% cacao bio - 100g","p":2.77,"u":"27,70 €/KG","img":"https://fd13-photos.leclercdrive.fr/image.ashx?id=2906535&use=l&cat=p&typeid=i","cat":284956},{"id":14693,"n":"chocolat noir  eclats d'amandes alter eco bio - 100g","p":2.58,"u":"25,80 €/KG","img":"https://fd13-photos.leclercdrive.fr/image.ashx?id=2906529&use=l&cat=p&typeid=i","cat":284956},{"id":14814,"n":"Compotes pommes Andros 4x100g","p":1.35,"u":"3,38 €/KG","img":"https://fd13-photos.leclercdrive.fr/image.ashx?id=2883925&use=l&cat=p&typeid=i","cat":284416},{"id":14852,"n":"Kit traçage Eco+ 3 pièces","p":0.32,"img":"https://fd13-photos.leclercdrive.fr/image.ashx?id=2943136&use=l&cat=p&typeid=i","cat":334133},{"id":14880,"n":"Compote Charles & Alice Pommes Mangues - 4x100g","p":1.44,"u":"3,60 €/KG","img":"https://fd13-photos.leclercdrive.fr/image.ashx?id=2757347&use=l&cat=p&typeid=i","cat":284416},{"id":14887,"n":"Compote Charles & Alice Pommes - 4x100g","p":1.46,"u":"3,65 €/KG","img":"https://fd13-photos.leclercdrive.fr/image.ashx?id=2757677&use=l&cat=p&typeid=i","cat":284416},{"id":14888,"n":"Compote Charles & Alice Pommes Poires - 4x100g","p":1.45,"u":"3,63 €/KG","img":"https://fd13-photos.leclercdrive.fr/image.ashx?id=2936902&use=l&cat=p&typeid=i","cat":284416},{"id":14901,"n":"Mozzarella di Buffala AOP Les Croisés - 125g","p":1.65,"u":"13,20 €/KG","img":"https://fd13-photos.leclercdrive.fr/image.ashx?id=2686329&use=l&cat=p&typeid=i","cat":314026},{"id":14904,"n":"Fromage frais nature Bio Bio village - 3.5% MG - 500g","p":1.75,"u":"3,50 €/KG","img":"https://fd13-photos.leclercdrive.fr/image.ashx?id=2839944&use=l&cat=p&typeid=i","cat":284409},{"id":14911,"n":"Bloc WC cuvette Harpic  Eau Bleue - x2","p":1.33,"u":"17,50 €/KG","img":"https://fd13-photos.leclercdrive.fr/image.ashx?id=2264743&use=l&cat=p&typeid=i","cat":284662},{"id":14919,"n":"Compote Douceur du Verger Pomme Abricot - 4x97g","p":1.23,"u":"3,17 €/KG","img":"https://fd13-photos.leclercdrive.fr/image.ashx?id=2406396&use=l&cat=p&typeid=i","cat":284416},{"id":14923,"n":"Brocolis fleurettes Bio Village Bio - 600g","p":2.21,"u":"3,68 €/KG","img":"https://fd13-photos.leclercdrive.fr/image.ashx?id=2891788&use=l&cat=p&typeid=i","cat":319805},{"id":14924,"n":"Lasagnes chèvre épinards Côté Table - 500g","p":2.95,"u":"5,90 €/KG","img":"https://fd13-photos.leclercdrive.fr/image.ashx?id=2647874&use=l&cat=p&typeid=i","cat":284254},{"id":14927,"n":"Fromage Emmental IGP NRT Grand cru Label Rouge - 250g","p":3.69,"u":"14,76 €/KG","img":"https://fd13-photos.leclercdrive.fr/image.ashx?id=2356388&use=l&cat=p&typeid=i","cat":314034},{"id":14932,"n":"Rhum blanc Saint James 40% vol - 70cl","p":11.8,"u":"16,86 €/L","img":"https://fd13-photos.leclercdrive.fr/image.ashx?id=2970948&use=l&cat=p&typeid=i","cat":284550},{"id":14974,"n":"Cognac v.s. Duc de Borzac 40%vol. - 70cl","p":18.98,"u":"27,11 €/L","img":"https://fd13-photos.leclercdrive.fr/image.ashx?id=2397138&use=l&cat=p&typeid=i","cat":286032},{"id":14980,"n":"Crème de framboise Auguste  Mugniot 15%vol. - 50cl","p":5.49,"u":"10,98 €/L","img":"https://fd13-photos.leclercdrive.fr/image.ashx?id=829186&use=l&cat=p&typeid=i","cat":286032},{"id":14993,"n":"Bière blonde Leffe Rituel 9% - 6x25cl","p":5.46,"u":"3,64 €/L","img":"https://fd13-photos.leclercdrive.fr/image.ashx?id=2548285&use=l&cat=p&typeid=i","cat":334852},{"id":14997,"n":"Bière blonde du Nord NRT - 7° - 6x25cl","p":3.72,"u":"2,48 €/L","img":"https://fd13-photos.leclercdrive.fr/image.ashx?id=2663815&use=l&cat=p&typeid=i","cat":334852},{"id":15007,"n":"Protège-slips Doulys Ultra-mince Normal Plié - x30","p":1.19,"u":"0,04 €/P","img":"https://fd13-photos.leclercdrive.fr/image.ashx?id=2816109&use=l&cat=p&typeid=i","cat":284625},{"id":15016,"n":"AOP Crémant d'Alsace Wolfberger Brut - 75cl","p":7.6,"u":"10,13 €/L","img":"https://fd13-photos.leclercdrive.fr/image.ashx?id=2323502&use=l&cat=p&typeid=i","cat":284544},{"id":15022,"n":"Jus de pamplemousse rose Bio Bio Village - 1L","p":3.82,"u":"3,82 €/L","img":"https://fd13-photos.leclercdrive.fr/image.ashx?id=2901524&use=l&cat=p&typeid=i","cat":284914},{"id":15023,"n":"Crème adhésive Dentamyl 50g","p":2.08,"u":"41,60 €/KG","img":"https://fd13-photos.leclercdrive.fr/image.ashx?id=2643372&use=l&cat=p&typeid=i","cat":285158},{"id":15025,"n":"Nectar Jafaden Pomme kiwi - 1L","p":2.35,"u":"2,35 €/L","img":"https://fd13-photos.leclercdrive.fr/image.ashx?id=2895771&use=l&cat=p&typeid=i","cat":284915},{"id":15058,"n":"Biscuits tablettes Bio Village Bio Chocolat au lait 150g","p":2.38,"u":"15,87 €/KG","img":"https://fd13-photos.leclercdrive.fr/image.ashx?id=2650819&use=l&cat=p&typeid=i","cat":284488},{"id":15060,"n":"Biscuits tablettes Bio Village Bio Chocolat noir 150g","p":2.39,"u":"15,93 €/KG","img":"https://fd13-photos.leclercdrive.fr/image.ashx?id=2708943&use=l&cat=p&typeid=i","cat":284488},{"id":15076,"n":"Recharges plaquettes Insectivor Anti-moustiques - x30","p":3.24,"u":"0,11 €/P","img":"https://fd13-photos.leclercdrive.fr/image.ashx?id=1938552&use=l&cat=p&typeid=i","cat":298368},{"id":15095,"n":"Boisson végétale Noisette Bio  Bjorg- 1L","p":2.45,"u":"2,45 €/L","img":"https://fd13-photos.leclercdrive.fr/image.ashx?id=2972970&use=l&cat=p&typeid=i","cat":316067},{"id":15130,"n":"Gâteaux fourrés P'tit Déli Abricot x7 - 196g","p":2.69,"u":"13,72 €/KG","img":"https://fd13-photos.leclercdrive.fr/image.ashx?id=2046047&use=l&cat=p&typeid=i","cat":284495},{"id":15131,"n":"Nectar multifruits Jafaden 2L","p":2.49,"u":"1,25 €/L","img":"https://fd13-photos.leclercdrive.fr/image.ashx?id=2956032&use=l&cat=p&typeid=i","cat":284917},{"id":15139,"n":"Boisson instantanée cacao Eco+ Granules - 800g","p":3.12,"u":"3,90 €/KG","img":"https://fd13-photos.leclercdrive.fr/image.ashx?id=2843093&use=l&cat=p&typeid=i","cat":293235},{"id":15162,"n":"Rillettes pur porc Côté Table 3x78g","p":2.75,"u":"11,75 €/KG","img":"https://fd13-photos.leclercdrive.fr/image.ashx?id=2518514&use=l&cat=p&typeid=i","cat":305149},{"id":15163,"n":"Sablés fourrés P'tit Déli Noisette 125g","p":1.92,"u":"15,36 €/KG","img":"https://fd13-photos.leclercdrive.fr/image.ashx?id=2791266&use=l&cat=p&typeid=i","cat":284487},{"id":15181,"n":"Boisson aux fruits Oasis Saveur Fraise Framboise - 2L","p":2.45,"u":"1,23 €/L","img":"https://fd13-photos.leclercdrive.fr/image.ashx?id=2677819&use=l&cat=p&typeid=i","cat":295018},{"id":15256,"n":"Barre chocolat au lait Lion x6 barres - 252g","p":2.49,"u":"9,88 €/KG","img":"https://fd13-photos.leclercdrive.fr/image.ashx?id=2736991&use=l&cat=p&typeid=i","cat":284498},{"id":15288,"n":"Mouchoirs blancs 4 plis Caresse Mini étuis x15","p":1.16,"u":"0,08 €/P","img":"https://fd13-photos.leclercdrive.fr/image.ashx?id=2824262&use=l&cat=p&typeid=i","cat":284638},{"id":15305,"n":"Eau minérale Saint Antonin 6x1L","p":2.74,"u":"0,46 €/L","img":"https://fd13-photos.leclercdrive.fr/image.ashx?id=2653891&use=l&cat=p&typeid=i","cat":284535},{"id":15384,"n":"Wings party Mexicain Maître Coq 400g","p":4.84,"u":"12,10 €/KG","img":"https://fd13-photos.leclercdrive.fr/image.ashx?id=2094307&use=l&cat=p&typeid=i","cat":333685},{"id":15431,"n":"Cappuccino nature  x10 stick - 140g","p":2.52,"u":"18,00 €/KG","img":"https://fd13-photos.leclercdrive.fr/image.ashx?id=2458055&use=l&cat=p&typeid=i","cat":284843},{"id":15476,"n":"Eau nettoyante Mots d'Enfants Hydratante - 250ml","p":1.93,"u":"7,72 €/L","img":"https://fd13-photos.leclercdrive.fr/image.ashx?id=3015048&use=l&cat=p&typeid=i","cat":284741},{"id":15499,"n":"Ruban adhésif Crystal Scotch Dévidoir 25mx19mm x1","p":1.95,"img":"https://fd13-photos.leclercdrive.fr/image.ashx?id=2753587&use=l&cat=p&typeid=i","cat":334133},{"id":15500,"n":"Ruban adhésif Magic Scotch Dévidoir 25mx19mm x1","p":1.95,"img":"https://fd13-photos.leclercdrive.fr/image.ashx?id=2753590&use=l&cat=p&typeid=i","cat":334133},{"id":15525,"n":"Mini gâches briochettes NRT Chocolat noir x8 - 360g","p":2.79,"u":"7,75 €/KG","img":"https://fd13-photos.leclercdrive.fr/image.ashx?id=2670440&use=l&cat=p&typeid=i","cat":284478},{"id":15542,"n":"Prépartion mirabelles NRT De Lorraine  - 315g","p":2.64,"u":"8,38 €/KG","img":"https://fd13-photos.leclercdrive.fr/image.ashx?id=2699795&use=l&cat=p&typeid=i","cat":284480},{"id":15564,"n":"Chips paysannes Pom'lisse Nature - 150g","p":0.99,"u":"6,60 €/KG","img":"https://fd13-photos.leclercdrive.fr/image.ashx?id=2927854&use=l&cat=p&typeid=i","cat":284447},{"id":15590,"n":"pain complet 3 céréales bio  bjorg 500g","p":2.42,"u":"4,84 €/KG","img":"https://fd13-photos.leclercdrive.fr/image.ashx?id=2752951&use=l&cat=p&typeid=i","cat":325069},{"id":15592,"n":"Fromage enfant Ficello Nature à effilocher x8 - 168g","p":3.41,"u":"20,30 €/KG","img":"https://fd13-photos.leclercdrive.fr/image.ashx?id=2375376&use=l&cat=p&typeid=i","cat":314030},{"id":15615,"n":"Multifruits Jafaden 100% Pur jus - 1,5L","p":1.99,"u":"1,33 €/L","img":"https://fd13-photos.leclercdrive.fr/image.ashx?id=2890000&use=l&cat=p&typeid=i","cat":284917},{"id":15626,"n":"Salade maxi Florette Laitue iceberg - 450g","p":2.67,"u":"5,93 €/KG","img":"https://fd13-photos.leclercdrive.fr/image.ashx?id=2090039&use=l&cat=p&typeid=i","cat":284353},{"id":15629,"n":"Salade maxi Florette Mâche - 200g","p":2.52,"u":"12,60 €/KG","img":"https://fd13-photos.leclercdrive.fr/image.ashx?id=2228849&use=l&cat=p&typeid=i","cat":284353},{"id":15637,"n":"Ciboulette Florette 11g","p":1.67,"u":"151,82 €/KG","img":"https://fd13-photos.leclercdrive.fr/image.ashx?id=2633017&use=l&cat=p&typeid=i","cat":293607},{"id":15641,"n":"Menthe Florette 11g","p":1.95,"u":"177,27 €/KG","img":"https://fd13-photos.leclercdrive.fr/image.ashx?id=2633023&use=l&cat=p&typeid=i","cat":293607},{"id":15642,"n":"Coriandre Florette 11g","p":1.79,"u":"162,73 €/KG","img":"https://fd13-photos.leclercdrive.fr/image.ashx?id=2633020&use=l&cat=p&typeid=i","cat":293607},{"id":15646,"n":"Saumon Atlantique Connétable 112g","p":4.95,"u":"44,20 €/KG","img":"https://fd13-photos.leclercdrive.fr/image.ashx?id=2960162&use=l&cat=p&typeid=i","cat":305147},{"id":15721,"n":"Mélange Apérifruits Vico Ananas et graines - 120g","p":1.81,"u":"15,08 €/KG","img":"https://fd13-photos.leclercdrive.fr/image.ashx?id=2599898&use=l&cat=p&typeid=i","cat":284448},{"id":15746,"n":"Soupe Liquide Liebig  Bisque de Homard - 300g","p":2.47,"u":"8,23 €/KG","img":"https://fd13-photos.leclercdrive.fr/image.ashx?id=2651390&use=l&cat=p&typeid=i","cat":287366},{"id":15807,"n":"Boisson aux fruits Oasis Goût Pomme Cassis Framboise 2L","p":2.29,"u":"1,15 €/L","img":"https://fd13-photos.leclercdrive.fr/image.ashx?id=3014452&use=l&cat=p&typeid=i","cat":295018},{"id":15808,"n":"AOC Côtes du Rhône rosé Prestige Cellier Dauphins 75cl","p":3.46,"u":"4,61 €/L","img":"https://fd13-photos.leclercdrive.fr/image.ashx?id=2829988&use=l&cat=p&typeid=i","cat":289558},{"id":15875,"n":"Eau de Cologne Bien Etre Naturelle - 250ml","p":4.45,"u":"17,80 €/L","img":"https://fd13-photos.leclercdrive.fr/image.ashx?id=2353665&use=l&cat=p&typeid=i","cat":291525},{"id":15889,"n":"Huile sèche Petit Marseillais Sublimante - 150ml","p":4.87,"u":"32,47 €/L","img":"https://fd13-photos.leclercdrive.fr/image.ashx?id=2830138&use=l&cat=p&typeid=i","cat":325349},{"id":15895,"n":"Soin cheveux nutrition Garnier Cheveu bouclé à frisé - 200ml","p":2.35,"u":"11,75 €/L","img":"https://fd13-photos.leclercdrive.fr/image.ashx?id=2985354&use=l&cat=p&typeid=i","cat":284608},{"id":15919,"n":"Soin hydratant L'Oréal Paris Men Expert Anti-fatigue - 50ml","p":4.13,"u":"82,60 €/L","img":"https://fd13-photos.leclercdrive.fr/image.ashx?id=2811278&use=l&cat=p&typeid=i","cat":284622},{"id":15929,"n":"Masque nutri-extrême Dessange Cheveux Très Secs - 250ml","p":5.71,"u":"22,84 €/L","img":"https://fd13-photos.leclercdrive.fr/image.ashx?id=2458742&use=l&cat=p&typeid=i","cat":284608},{"id":15937,"n":"Serviette Hygienique Vania  Maxi confort normal plus - x16","p":1.8,"u":"0,11 €/P","img":"https://fd13-photos.leclercdrive.fr/image.ashx?id=2908027&use=l&cat=p&typeid=i","cat":284624},{"id":15969,"n":"Gel nettoyant canalisations  Destop Javel Agrumes - 750ml","p":2.57,"u":"3,43 €/L","img":"https://fd13-photos.leclercdrive.fr/image.ashx?id=2885956&use=l&cat=p&typeid=i","cat":284908},{"id":16020,"n":"Gambas ASC Pêche Océan Géantes tigrées 8/12pièces 400g","p":10.8,"u":"27,00 €/KG","img":"https://fd13-photos.leclercdrive.fr/image.ashx?id=2202754&use=l&cat=p&typeid=i","cat":319787},{"id":16029,"n":"Carottes Bio Bio Village En rondelles - 600g","p":1.79,"u":"2,98 €/KG","img":"https://fd13-photos.leclercdrive.fr/image.ashx?id=2891809&use=l&cat=p&typeid=i","cat":319805},{"id":16033,"n":"Choux-fleurs Bio Bio Village En fleurettes - 600g","p":1.99,"u":"3,32 €/KG","img":"https://fd13-photos.leclercdrive.fr/image.ashx?id=3002653&use=l&cat=p&typeid=i","cat":319805},{"id":16042,"n":"Bâtonnets Trium Café x4 - 280g","p":3.11,"u":"11,11 €/KG","img":"https://fd13-photos.leclercdrive.fr/image.ashx?id=2920767&use=l&cat=p&typeid=i","cat":284265},{"id":16043,"n":"Crevettes cuites Pêche Océan Décortiquées - MSC - 200g","p":3.49,"u":"17,45 €/KG","img":"https://fd13-photos.leclercdrive.fr/image.ashx?id=2478766&use=l&cat=p&typeid=i","cat":319787},{"id":16061,"n":"Sauce Tomates Barilla Basilic - 400g","p":1.64,"u":"4,10 €/KG","img":"https://fd13-photos.leclercdrive.fr/image.ashx?id=2832518&use=l&cat=p&typeid=i","cat":287599},{"id":16062,"n":"Sauce Pesto Genovese Barilla Au basilic frais - 190g","p":1.98,"u":"10,42 €/KG","img":"https://fd13-photos.leclercdrive.fr/image.ashx?id=2737585&use=l&cat=p&typeid=i","cat":287599},{"id":16063,"n":"Sauce Pesto Barilla Rosso - 200g","p":1.95,"u":"9,75 €/KG","img":"https://fd13-photos.leclercdrive.fr/image.ashx?id=2308348&use=l&cat=p&typeid=i","cat":287599},{"id":16074,"n":"Sauce Italienne à la viande Zapetti - 2x190g","p":2.25,"u":"5,92 €/KG","img":"https://fd13-photos.leclercdrive.fr/image.ashx?id=2579969&use=l&cat=p&typeid=i","cat":288384},{"id":16076,"n":"Sauce Italienne Zapetti 3x95g","p":2.21,"u":"7,75 €/KG","img":"https://fd13-photos.leclercdrive.fr/image.ashx?id=2579978&use=l&cat=p&typeid=i","cat":288384},{"id":16153,"n":"Biscuits petit déj Bio Village Bio Chocolat / Noisettes - 200g","p":2.08,"u":"10,40 €/KG","img":"https://fd13-photos.leclercdrive.fr/image.ashx?id=2371560&use=l&cat=p&typeid=i","cat":284491},{"id":16171,"n":"Riz Thaï Bio Village Bio - 500g","p":2.45,"u":"4,90 €/KG","img":"https://fd13-photos.leclercdrive.fr/image.ashx?id=2441510&use=l&cat=p&typeid=i","cat":284428},{"id":16172,"n":"Mini Barres chocolatées Lion x18 barres - 350g","p":4.04,"u":"11,54 €/KG","img":"https://fd13-photos.leclercdrive.fr/image.ashx?id=2925553&use=l&cat=p&typeid=i","cat":284498},{"id":16271,"n":"Maïs Géant Vert extra croquant sans résidu pesticides - 285g","p":1.15,"u":"4,04 €/KG","img":"https://fd13-photos.leclercdrive.fr/image.ashx?id=2754267&use=l&cat=p&typeid=i","cat":312611},{"id":16272,"n":"Maïs Géant Vert extra tendre sans résidu pesticides - 285g","p":1.14,"u":"4,00 €/KG","img":"https://fd13-photos.leclercdrive.fr/image.ashx?id=2462448&use=l&cat=p&typeid=i","cat":312611},{"id":16303,"n":"Petits oignons Rustica Vinaigre doux - 190g","p":0.79,"u":"4,16 €/KG","img":"https://fd13-photos.leclercdrive.fr/image.ashx?id=2916683&use=l&cat=p&typeid=i","cat":284458},{"id":16429,"n":"Oeufs frais plein air Bio Bio village - x10","p":3.41,"u":"0,34 €/P","img":"https://fd13-photos.leclercdrive.fr/image.ashx?id=1520552&use=l&cat=p&typeid=i","cat":284378},{"id":16430,"n":"Lait de coco bio Jardin Bio Bio - 400ml","p":2.39,"u":"5,98 €/L","img":"https://fd13-photos.leclercdrive.fr/image.ashx?id=2790132&use=l&cat=p&typeid=i","cat":288992},{"id":16431,"n":"Raviolis bio boeuf Jardin Bio 72cl","p":3.87,"u":"5,38 €/L","img":"https://fd13-photos.leclercdrive.fr/image.ashx?id=2972469&use=l&cat=p&typeid=i","cat":284442},{"id":16432,"n":"Pâte brisée Bio  Bio village - 230g","p":1.99,"u":"8,65 €/KG","img":"https://fd13-photos.leclercdrive.fr/image.ashx?id=2969009&use=l&cat=p&typeid=i","cat":333681},{"id":16433,"n":"Pâte feuilletée Bio Bio village - 230g","p":1.65,"u":"7,17 €/KG","img":"https://fd13-photos.leclercdrive.fr/image.ashx?id=2274174&use=l&cat=p&typeid=i","cat":333681},{"id":16436,"n":"Pâtes torsades Bio Village Bio -  500g","p":0.85,"u":"1,70 €/KG","img":"https://fd13-photos.leclercdrive.fr/image.ashx?id=2625367&use=l&cat=p&typeid=i","cat":284427},{"id":16438,"n":"Riz long Bio Village Bio - 500g","p":1.94,"u":"3,88 €/KG","img":"https://fd13-photos.leclercdrive.fr/image.ashx?id=2582996&use=l&cat=p&typeid=i","cat":284428},{"id":16439,"n":"Riz Basmati Bio Village Bio - 500g","p":1.5,"u":"3,00 €/KG","img":"https://fd13-photos.leclercdrive.fr/image.ashx?id=2449232&use=l&cat=p&typeid=i","cat":284428},{"id":16492,"n":"Légumes pour couscous bio Jardin Bio - 660g","p":2.64,"u":"3,67 €/L","img":"https://fd13-photos.leclercdrive.fr/image.ashx?id=2534887&use=l&cat=p&typeid=i","cat":312612},{"id":16493,"n":"Pâte à tartiner bio Jardin Bio Cacao noisettes - 350g","p":3.75,"u":"10,71 €/KG","img":"https://fd13-photos.leclercdrive.fr/image.ashx?id=2918844&use=l&cat=p&typeid=i","cat":284481},{"id":16520,"n":"Mayonnaise Eco+ Bocal - 470g","p":1.17,"u":"2,49 €/KG","img":"https://fd13-photos.leclercdrive.fr/image.ashx?id=2637475&use=l&cat=p&typeid=i","cat":298295},{"id":16521,"n":"Lait demi-écrémé Eco+ Brique UHT -  6x1L","p":5.52,"u":"0,92 €/L","img":"https://fd13-photos.leclercdrive.fr/image.ashx?id=2925955&use=l&cat=p&typeid=i","cat":284377},{"id":16522,"n":"Soufflés cacahuète Eco+ 100g","p":0.34,"u":"3,40 €/KG","img":"https://fd13-photos.leclercdrive.fr/image.ashx?id=2678785&use=l&cat=p&typeid=i","cat":284449},{"id":16525,"n":"Purée de pommes de terre Eco+ Déshydratée 4x125g","p":1.39,"u":"2,78 €/KG","img":"https://fd13-photos.leclercdrive.fr/image.ashx?id=2929858&use=l&cat=p&typeid=i","cat":284431},{"id":16526,"n":"Assortiment biscuits salés Eco+ 350g","p":1.06,"u":"3,03 €/KG","img":"https://fd13-photos.leclercdrive.fr/image.ashx?id=2613255&use=l&cat=p&typeid=i","cat":297000},{"id":16527,"n":"Bouillon déshydraté Eco+ Volaille - 12x10g","p":0.67,"u":"5,58 €/KG","img":"https://fd13-photos.leclercdrive.fr/image.ashx?id=1735897&use=l&cat=p&typeid=i","cat":288379},{"id":16528,"n":"Bouillon déshydraté Eco+ Boeuf - 12x10g","p":0.69,"u":"5,75 €/KG","img":"https://fd13-photos.leclercdrive.fr/image.ashx?id=1735894&use=l&cat=p&typeid=i","cat":288379},{"id":16536,"n":"Sucre Eco+ En morceaux - 1kg","p":1.33,"u":"1,33 €/KG","img":"https://fd13-photos.leclercdrive.fr/image.ashx?id=2702274&use=l&cat=p&typeid=i","cat":284502},{"id":16547,"n":"Barquette chiens Eco+ A la Volaille - 300g","p":0.52,"u":"1,73 €/KG","img":"https://fd13-photos.leclercdrive.fr/image.ashx?id=2052727&use=l&cat=p&typeid=i","cat":284673},{"id":16548,"n":"Barquette pour chats Eco+ Riche en volaille - 100g","p":0.24,"u":"2,40 €/KG","img":"https://fd13-photos.leclercdrive.fr/image.ashx?id=2052736&use=l&cat=p&typeid=i","cat":285286},{"id":16550,"n":"Limonade Eco+ 1,5L","p":0.38,"u":"0,25 €/L","img":"https://fd13-photos.leclercdrive.fr/image.ashx?id=2762937&use=l&cat=p&typeid=i","cat":284531},{"id":16552,"n":"Jus de pomme abc Eco+ 1L","p":0.85,"u":"0,85 €/L","img":"https://fd13-photos.leclercdrive.fr/image.ashx?id=2802269&use=l&cat=p&typeid=i","cat":284522},{"id":16553,"n":"Soda cola Eco+ 1,5L","p":0.49,"u":"0,33 €/L","img":"https://fd13-photos.leclercdrive.fr/image.ashx?id=2807270&use=l&cat=p&typeid=i","cat":284530},{"id":16554,"n":"Soda cola light 1,5l","p":0.4,"u":"0,27 €/L","img":"https://fd13-photos.leclercdrive.fr/image.ashx?id=2821792&use=l&cat=p&typeid=i","cat":284530},{"id":16555,"n":"Boisson aromatisée Eco+ Exotique 2L","p":0.97,"u":"0,49 €/L","img":"https://fd13-photos.leclercdrive.fr/image.ashx?id=2755049&use=l&cat=p&typeid=i","cat":295018},{"id":16558,"n":"Thé glacé pêche Eco  2L","p":1.25,"u":"0,63 €/L","img":"https://fd13-photos.leclercdrive.fr/image.ashx?id=2764955&use=l&cat=p&typeid=i","cat":295019},{"id":16560,"n":"Lingettes multi-usages Eco+ Citron x50","p":0.62,"img":"https://fd13-photos.leclercdrive.fr/image.ashx?id=2308533&use=l&cat=p&typeid=i","cat":325358},{"id":16561,"n":"Eau de javel Eco+ Bidon - 5L","p":1.09,"u":"0,22 €/L","img":"https://fd13-photos.leclercdrive.fr/image.ashx?id=2883913&use=l&cat=p&typeid=i","cat":284661},{"id":16569,"n":"Mini pâté en croute Eco+ 450g","p":1.97,"u":"4,38 €/KG","img":"https://fd13-photos.leclercdrive.fr/image.ashx?id=2919583&use=l&cat=p&typeid=i","cat":316003},{"id":16582,"n":"Pommes frites Eco+ 2,5kg","p":2.81,"u":"1,12 €/KG","img":"https://fd13-photos.leclercdrive.fr/image.ashx?id=2660523&use=l&cat=p&typeid=i","cat":319791},{"id":16583,"n":"Pommes rissolées surgelées Eco+ 1kg","p":1.11,"u":"1,11 €/KG","img":"https://fd13-photos.leclercdrive.fr/image.ashx?id=2085934&use=l&cat=p&typeid=i","cat":319792},{"id":16701,"n":"Bouchées RAFFAELLO Noix de coco Amandes - 180g","p":4.73,"u":"26,28 €/KG","img":"https://fd13-photos.leclercdrive.fr/image.ashx?id=2937857&use=l&cat=p&typeid=i","cat":327595},{"id":16737,"n":"Viande hachée 15% MG Férial 500g","p":7.29,"u":"14,58 €/KG","img":"https://fd13-photos.leclercdrive.fr/image.ashx?id=2904013&use=l&cat=p&typeid=i","cat":284332},{"id":16747,"n":"Viande hachée 15% MG Férial 350g","p":5.59,"u":"15,97 €/KG","img":"https://fd13-photos.leclercdrive.fr/image.ashx?id=2904007&use=l&cat=p&typeid=i","cat":284332},{"id":16765,"n":"Steak haché Férial pur boeuf 5%mg - 250g","p":4.74,"u":"18,96 €/KG","img":"https://fd13-photos.leclercdrive.fr/image.ashx?id=2903998&use=l&cat=p&typeid=i","cat":284332},{"id":16767,"n":"Steak haché Férial  5%mg - 400g","p":7.59,"u":"18,98 €/KG","img":"https://fd13-photos.leclercdrive.fr/image.ashx?id=2598722&use=l&cat=p&typeid=i","cat":284332},{"id":16782,"n":"Steak haché Férial 15%mg 250g","p":3.99,"u":"15,96 €/KG","img":"https://fd13-photos.leclercdrive.fr/image.ashx?id=2904001&use=l&cat=p&typeid=i","cat":284332},{"id":16803,"n":"AOC Champagne Président Germain Brut - 75cl","p":24.9,"u":"33,20 €/L","img":"https://fd13-photos.leclercdrive.fr/image.ashx?id=1567645&use=l&cat=p&typeid=i","cat":284542},{"id":16805,"n":"Viande bovine Férial steak ** à griller - 280g","p":5.79,"u":"20,68 €/KG","img":"https://fd13-photos.leclercdrive.fr/image.ashx?id=2483557&use=l&cat=p&typeid=i","cat":284328},{"id":16806,"n":"Viande bovine Ferial 2x Faux filet *** à griller - 320g","p":7.99,"u":"24,97 €/KG","img":"https://fd13-photos.leclercdrive.fr/image.ashx?id=2591557&use=l&cat=p&typeid=i","cat":284328},{"id":16823,"n":"Viande bovine Férial 1x  entrecôte*** - 180g","p":5.95,"u":"33,06 €/KG","img":"https://fd13-photos.leclercdrive.fr/image.ashx?id=2494250&use=l&cat=p&typeid=i","cat":284328},{"id":16839,"n":"Viande bovine Férial Tournedos *** à griller 280g","p":9.91,"u":"35,39 €/KG","img":"https://fd13-photos.leclercdrive.fr/image.ashx?id=2494256&use=l&cat=p&typeid=i","cat":284328},{"id":16841,"n":"Génoises fourrées P'tit Déli Framboise cassis - 150g","p":1.06,"u":"7,07 €/KG","img":"https://fd13-photos.leclercdrive.fr/image.ashx?id=2473981&use=l&cat=p&typeid=i","cat":284489},{"id":16842,"n":"Spéculoos P'tit Déli 2x250g","p":1.47,"u":"2,94 €/KG","img":"https://fd13-photos.leclercdrive.fr/image.ashx?id=2046364&use=l&cat=p&typeid=i","cat":284487},{"id":16847,"n":"Chewing-gum Freedent white Menthe douce 70g","p":2.23,"u":"31,86 €/KG","img":"https://fd13-photos.leclercdrive.fr/image.ashx?id=2237289&use=l&cat=p&typeid=i","cat":304251},{"id":16848,"n":"Chewing gum Freedent white Menthe verte 70g","p":2.22,"u":"31,71 €/KG","img":"https://fd13-photos.leclercdrive.fr/image.ashx?id=2355899&use=l&cat=p&typeid=i","cat":304251},{"id":16849,"n":"Chewing-gum Freedent white Menthe forte 70g","p":2.23,"u":"31,86 €/KG","img":"https://fd13-photos.leclercdrive.fr/image.ashx?id=2237292&use=l&cat=p&typeid=i","cat":304251},{"id":16916,"n":"Croquette Tous Mes Amis Vitalité - viande de boeuf 10kg","p":12.99,"u":"1,30 €/KG","img":"https://fd13-photos.leclercdrive.fr/image.ashx?id=2078635&use=l&cat=p&typeid=i","cat":284672},{"id":16920,"n":"Coeurs d'artichaut Notre Jardin 240g","p":2.49,"u":"10,38 €/KG","img":"https://fd13-photos.leclercdrive.fr/image.ashx?id=2501994&use=l&cat=p&typeid=i","cat":312611},{"id":16928,"n":"Escargots Maitre Coquille Bourgogne très gros - 500g","p":17.99,"u":"35,98 €/KG","img":"https://fd13-photos.leclercdrive.fr/image.ashx?id=1915572&use=l&cat=p&typeid=i","cat":319775},{"id":16996,"n":"Liquide de rinçage Visior Lave-vaisselle - 750ml","p":0.89,"u":"1,19 €/L","img":"https://fd13-photos.leclercdrive.fr/image.ashx?id=2874377&use=l&cat=p&typeid=i","cat":284657},{"id":17004,"n":"Soja cuisine Bio Bjorg Offre spéciale - 2x25cl","p":2.1,"u":"4,20 €/L","img":"https://fd13-photos.leclercdrive.fr/image.ashx?id=2158956&use=l&cat=p&typeid=i","cat":316069},{"id":17014,"n":"Fromage apéritif Apéricube Sélection festive 48 cubes","p":4.17,"u":"16,68 €/KG","img":"https://fd13-photos.leclercdrive.fr/image.ashx?id=2882665&use=l&cat=p&typeid=i","cat":314027},{"id":17036,"n":"Mouchoirs blancs 3 plis Caresse Boîte mouchoirs papier x90","p":1.04,"u":"0,01 €/P","img":"https://fd13-photos.leclercdrive.fr/image.ashx?id=2777915&use=l&cat=p&typeid=i","cat":284638},{"id":17037,"n":"Rasoir Carré Homme 5 lames - x1","p":4.69,"img":"https://fd13-photos.leclercdrive.fr/image.ashx?id=2704657&use=l&cat=p&typeid=i","cat":284616},{"id":17104,"n":"Tuiles Tokapi  Nature - 170g","p":1.35,"u":"7,94 €/KG","img":"https://fd13-photos.leclercdrive.fr/image.ashx?id=2632849&use=l&cat=p&typeid=i","cat":287899},{"id":17105,"n":"Chips Tuiles Tokapi Crème oignon - 170g","p":1.35,"u":"7,94 €/KG","img":"https://fd13-photos.leclercdrive.fr/image.ashx?id=2643375&use=l&cat=p&typeid=i","cat":287899},{"id":17112,"n":"Limonade Bio village Bio - 1L","p":0.96,"u":"0,96 €/L","img":"https://fd13-photos.leclercdrive.fr/image.ashx?id=2632900&use=l&cat=p&typeid=i","cat":284531},{"id":17151,"n":"Pavé 3 Meuniers 300g","p":0.99,"u":"3,30 €/KG","img":"https://fd13-photos.leclercdrive.fr/image.ashx?id=597468&use=l&cat=p&typeid=i","cat":284359},{"id":17189,"n":"Biscuit petit dej P'tit Déli Miel/pépites chocolat - 400g","p":2.15,"u":"5,38 €/KG","img":"https://fd13-photos.leclercdrive.fr/image.ashx?id=2999502&use=l&cat=p&typeid=i","cat":284491},{"id":17220,"n":"Nettoyant spray Clair Anti-calcaire 750ml","p":0.94,"u":"1,25 €/L","img":"https://fd13-photos.leclercdrive.fr/image.ashx?id=2882316&use=l&cat=p&typeid=i","cat":325362},{"id":17239,"n":"Sauce nantua Giraudet 250g","p":2.74,"u":"10,96 €/KG","img":"https://fd13-photos.leclercdrive.fr/image.ashx?id=2214792&use=l&cat=p&typeid=i","cat":284382},{"id":17240,"n":"Quenelle nature Giraudet Pur beurre - 4x80g","p":3.34,"u":"10,44 €/KG","img":"https://fd13-photos.leclercdrive.fr/image.ashx?id=2214798&use=l&cat=p&typeid=i","cat":333682},{"id":17241,"n":"Quenelle nature Giraudet Pur beurre - 16x20g","p":3.56,"u":"11,13 €/KG","img":"https://fd13-photos.leclercdrive.fr/image.ashx?id=2533481&use=l&cat=p&typeid=i","cat":333682},{"id":17242,"n":"Quenelle au brochet Giraudet Pur beurre 4x80g","p":3.58,"u":"11,19 €/KG","img":"https://fd13-photos.leclercdrive.fr/image.ashx?id=2214807&use=l&cat=p&typeid=i","cat":333682},{"id":17252,"n":"Faisselle La Bressane - 6,5%mg - 6x100g","p":2.9,"u":"4,83 €/KG","img":"https://fd13-photos.leclercdrive.fr/image.ashx?id=2733403&use=l&cat=p&typeid=i","cat":284409},{"id":17287,"n":"Pâtes Alpina Savoie Nouilles Savoisiennes - 500g","p":1.42,"u":"2,84 €/KG","img":"https://fd13-photos.leclercdrive.fr/image.ashx?id=2789850&use=l&cat=p&typeid=i","cat":284427},{"id":17290,"n":"Pâtes Alpina Avoine - 500g","p":1.48,"u":"2,96 €/KG","img":"https://fd13-photos.leclercdrive.fr/image.ashx?id=2789856&use=l&cat=p&typeid=i","cat":284427},{"id":17292,"n":"Polenta Alpina Semoule de maïs - 500g","p":1.29,"u":"2,58 €/KG","img":"https://fd13-photos.leclercdrive.fr/image.ashx?id=2834485&use=l&cat=p&typeid=i","cat":284431},{"id":17293,"n":"Génoise mix milk Balconi Pâtissier x10 280g","p":1.86,"u":"10,33 €/KG","img":"https://fd13-photos.leclercdrive.fr/image.ashx?id=2878411&use=l&cat=p&typeid=i","cat":284495},{"id":17340,"n":"Pizza Cuite sur pierre Turini  Poulet rôti poivrons - 400g","p":2.23,"u":"5,58 €/KG","img":"https://fd13-photos.leclercdrive.fr/image.ashx?id=2815235&use=l&cat=p&typeid=i","cat":284256},{"id":17348,"n":"Lanières poivrons Notre Jardin 600g","p":2.15,"u":"3,58 €/KG","img":"https://fd13-photos.leclercdrive.fr/image.ashx?id=2916680&use=l&cat=p&typeid=i","cat":319805},{"id":17362,"n":"Moules ASC Pêche Océan Décortiquées - 500g","p":3.38,"u":"6,76 €/KG","img":"https://fd13-photos.leclercdrive.fr/image.ashx?id=2835023&use=l&cat=p&typeid=i","cat":319787},{"id":17389,"n":"Biscuits dorés extra P'tit Déli 2x150g","p":1.19,"u":"3,97 €/KG","img":"https://fd13-photos.leclercdrive.fr/image.ashx?id=2488359&use=l&cat=p&typeid=i","cat":284487},{"id":17392,"n":"Mouchoirs blanc 4 plis Univert Etuis x15 - Ecolabel","p":1.95,"u":"0,13 €/P","img":"https://fd13-photos.leclercdrive.fr/image.ashx?id=2549951&use=l&cat=p&typeid=i","cat":284638},{"id":17410,"n":"Gel anticalcaire Texil 750ml","p":2.59,"u":"3,45 €/L","img":"https://fd13-photos.leclercdrive.fr/image.ashx?id=2958711&use=l&cat=p&typeid=i","cat":284653},{"id":17425,"n":"Fromage blanc Délisse Vanille 2,5%MG - 8x100g","p":2.82,"u":"3,53 €/KG","img":"https://fd13-photos.leclercdrive.fr/image.ashx?id=3012827&use=l&cat=p&typeid=i","cat":284409},{"id":17469,"n":"Biscuits P'tit Déli Bâtonnets Chocolat blanc 150g","p":1.7,"u":"11,33 €/KG","img":"https://fd13-photos.leclercdrive.fr/image.ashx?id=2470195&use=l&cat=p&typeid=i","cat":284488},{"id":17476,"n":"Boudins noirs aux oignons Tradilège x3 - 375g","p":2.65,"u":"7,07 €/KG","img":"https://fd13-photos.leclercdrive.fr/image.ashx?id=1540488&use=l&cat=p&typeid=i","cat":316012},{"id":17571,"n":"Crème entière fluide UHT Délisse - Brique 30%mg - 1L","p":4.25,"u":"4,25 €/L","img":"https://fd13-photos.leclercdrive.fr/image.ashx?id=2509980&use=l&cat=p&typeid=i","cat":284381},{"id":17645,"n":"Whisky Jameson 40%vol - 1L","p":28.89,"u":"28,89 €/L","img":"https://fd13-photos.leclercdrive.fr/image.ashx?id=2880922&use=l&cat=p&typeid=i","cat":284547},{"id":17653,"n":"Fromage apéritif Apéricube Best of des saveurs 48 cubes","p":4.17,"u":"16,68 €/KG","img":"https://fd13-photos.leclercdrive.fr/image.ashx?id=2882662&use=l&cat=p&typeid=i","cat":314027},{"id":17694,"n":"Couches bébé Mots d'Enfants T4+ Ultra confort - 9/20kg - x144","p":20.5,"u":"0,14 €/P","img":"https://fd13-photos.leclercdrive.fr/image.ashx?id=2689426&use=l&cat=p&typeid=i","cat":284737},{"id":17717,"n":"Blanc de poulet Tradilège x4 160g","p":1.36,"u":"8,50 €/KG","img":"https://fd13-photos.leclercdrive.fr/image.ashx?id=2925738&use=l&cat=p&typeid=i","cat":316010},{"id":17718,"n":"Blanc de dinde Tradilège 4 tranches 160g","p":1.65,"u":"10,31 €/KG","img":"https://fd13-photos.leclercdrive.fr/image.ashx?id=2840407&use=l&cat=p&typeid=i","cat":316010},{"id":17783,"n":"Chocolats Ferrero Rocher x24 pralines - 300g","p":9.99,"u":"33,30 €/KG","img":"https://fd13-photos.leclercdrive.fr/image.ashx?id=2944999&use=l&cat=p&typeid=i","cat":327600},{"id":17845,"n":"Saumon crème fraîche Marie Fondue poireaux 400g","p":5.07,"u":"12,68 €/KG","img":"https://fd13-photos.leclercdrive.fr/image.ashx?id=2996785&use=l&cat=p&typeid=i","cat":319786},{"id":17899,"n":"Knacks pur porc Tradilège Fumées au bois x10 - 350g","p":1.52,"u":"4,34 €/KG","img":"https://fd13-photos.leclercdrive.fr/image.ashx?id=2448321&use=l&cat=p&typeid=i","cat":316012},{"id":17901,"n":"Macaroni d'Alsace NRT 250g","p":1.39,"u":"5,56 €/KG","img":"https://fd13-photos.leclercdrive.fr/image.ashx?id=2839989&use=l&cat=p&typeid=i","cat":284427},{"id":18000,"n":"Lait céréales Blédidej 12 mois Chocolat biscuité - 4x250ml","p":3.58,"u":"3,58 €/L","img":"https://fd13-photos.leclercdrive.fr/image.ashx?id=2921028&use=l&cat=p&typeid=i","cat":312226},{"id":18003,"n":"Lait céréales Blédidej 12 mois Vanille chocolat - 4x250ml","p":3.47,"u":"3,47 €/L","img":"https://fd13-photos.leclercdrive.fr/image.ashx?id=2921031&use=l&cat=p&typeid=i","cat":312226},{"id":18066,"n":"Nouilles chinoises Suzi Wan En nid - 250g","p":1.58,"u":"6,32 €/KG","img":"https://fd13-photos.leclercdrive.fr/image.ashx?id=2886253&use=l&cat=p&typeid=i","cat":288992},{"id":18070,"n":"Fromage frais bio Bio Village Fruits panachés - 12x50g","p":2.76,"u":"4,60 €/KG","img":"https://fd13-photos.leclercdrive.fr/image.ashx?id=2992630&use=l&cat=p&typeid=i","cat":284409},{"id":18124,"n":"Pêche poire cerise  Douceur du Verger - 4x70g","p":2.79,"u":"9,96 €/KG","img":"https://fd13-photos.leclercdrive.fr/image.ashx?id=2149378&use=l&cat=p&typeid=i","cat":284507},{"id":18207,"n":"Lingettes démaquillantes Inell x25","p":1.34,"u":"0,05 €/P","img":"https://fd13-photos.leclercdrive.fr/image.ashx?id=2769579&use=l&cat=p&typeid=i","cat":284603},{"id":18208,"n":"Lingettes démaquillantes Inell x25","p":1.34,"u":"0,05 €/P","img":"https://fd13-photos.leclercdrive.fr/image.ashx?id=2752622&use=l&cat=p&typeid=i","cat":284603},{"id":18221,"n":"Lardons supérieurs Tradilège Nature - 2x100g","p":1.85,"u":"9,25 €/KG","img":"https://fd13-photos.leclercdrive.fr/image.ashx?id=2747670&use=l&cat=p&typeid=i","cat":316011},{"id":18223,"n":"Lardons supérieurs Tradilège Fumés - 2x100g","p":1.85,"u":"9,25 €/KG","img":"https://fd13-photos.leclercdrive.fr/image.ashx?id=2933343&use=l&cat=p&typeid=i","cat":316011},{"id":18224,"n":"Allumettes Tradilège Nature - 2x100g","p":1.75,"u":"8,75 €/KG","img":"https://fd13-photos.leclercdrive.fr/image.ashx?id=2816651&use=l&cat=p&typeid=i","cat":316011},{"id":18225,"n":"Allumettes Tradilège Fumées - 2x100g","p":1.75,"u":"8,75 €/KG","img":"https://fd13-photos.leclercdrive.fr/image.ashx?id=2933346&use=l&cat=p&typeid=i","cat":316011},{"id":18227,"n":"Lardons supérieurs Tradilège Nature - 160g","p":1.5,"u":"9,38 €/KG","img":"https://fd13-photos.leclercdrive.fr/image.ashx?id=2751949&use=l&cat=p&typeid=i","cat":316011},{"id":18233,"n":"Poitrine Fumée Tradilège Tranches fines - 2x7T - 200g","p":2.48,"u":"12,40 €/KG","img":"https://fd13-photos.leclercdrive.fr/image.ashx?id=2852267&use=l&cat=p&typeid=i","cat":316011},{"id":18235,"n":"Mousse de foie Tradilège Supérieure 180g","p":1.24,"u":"6,89 €/KG","img":"https://fd13-photos.leclercdrive.fr/image.ashx?id=2693147&use=l&cat=p&typeid=i","cat":316008},{"id":18236,"n":"Mousse de foie Tradilège 2x50g","p":0.99,"u":"9,90 €/KG","img":"https://fd13-photos.leclercdrive.fr/image.ashx?id=2999625&use=l&cat=p&typeid=i","cat":316008},{"id":18238,"n":"Mousse de canard Tradilège 180g","p":1.16,"u":"6,44 €/KG","img":"https://fd13-photos.leclercdrive.fr/image.ashx?id=2840401&use=l&cat=p&typeid=i","cat":316008},{"id":18241,"n":"Pâté de campagne Tradilège Supérieur 180g","p":1.25,"u":"6,94 €/KG","img":"https://fd13-photos.leclercdrive.fr/image.ashx?id=2844848&use=l&cat=p&typeid=i","cat":316008},{"id":18245,"n":"Rillettes du Mans Tradilège 220g","p":1.45,"u":"6,59 €/KG","img":"https://fd13-photos.leclercdrive.fr/image.ashx?id=2548124&use=l&cat=p&typeid=i","cat":316008},{"id":18246,"n":"Rillettes du Mans Tradilège 400g","p":2.32,"u":"5,80 €/KG","img":"https://fd13-photos.leclercdrive.fr/image.ashx?id=2580385&use=l&cat=p&typeid=i","cat":316008},{"id":18252,"n":"Knacks Tradilège Fumées au bois - x6 - 210g","p":1.38,"u":"6,57 €/KG","img":"https://fd13-photos.leclercdrive.fr/image.ashx?id=2448318&use=l&cat=p&typeid=i","cat":316012},{"id":18262,"n":"Cervelas supérieur Tradilège 300g","p":2.1,"u":"7,00 €/KG","img":"https://fd13-photos.leclercdrive.fr/image.ashx?id=2421636&use=l&cat=p&typeid=i","cat":316012},{"id":18266,"n":"Dés de jambon Tradilège 2x75g","p":1.49,"u":"9,93 €/KG","img":"https://fd13-photos.leclercdrive.fr/image.ashx?id=2925732&use=l&cat=p&typeid=i","cat":316011},{"id":18267,"n":"Allumettes de jambon Tradilège 2x75g","p":1.05,"u":"7,00 €/KG","img":"https://fd13-photos.leclercdrive.fr/image.ashx?id=2925716&use=l&cat=p&typeid=i","cat":316011},{"id":18268,"n":"Rôti de porc Tradilège 4 tranches 160g","p":2.14,"u":"13,38 €/KG","img":"https://fd13-photos.leclercdrive.fr/image.ashx?id=2678541&use=l&cat=p&typeid=i","cat":316009},{"id":18279,"n":"Dés de poulet Tradilège 2x75g","p":2.82,"u":"18,80 €/KG","img":"https://fd13-photos.leclercdrive.fr/image.ashx?id=2984185&use=l&cat=p&typeid=i","cat":316011},{"id":18287,"n":"Céréales Extra Kellogg's Chocolat au lait - 500g","p":3.0,"u":"6,00 €/KG","img":"https://fd13-photos.leclercdrive.fr/image.ashx?id=2692707&use=l&cat=p&typeid=i","cat":309512},{"id":18347,"n":"Porc : Paupiette Férial x6 780g","p":7.78,"u":"9,97 €/KG","img":"https://fd13-photos.leclercdrive.fr/image.ashx?id=2852291&use=l&cat=p&typeid=i","cat":284331},{"id":18351,"n":"Fromage à tartiner Les Croisés Nature - 25%mg - 150g","p":1.24,"u":"8,27 €/KG","img":"https://fd13-photos.leclercdrive.fr/image.ashx?id=1671226&use=l&cat=p&typeid=i","cat":314029},{"id":18362,"n":"Biscuit bébé Blédina 10 mois Boudoir - 120g","p":1.82,"u":"15,17 €/KG","img":"https://fd13-photos.leclercdrive.fr/image.ashx?id=2801114&use=l&cat=p&typeid=i","cat":312227},{"id":18363,"n":"Pots bébé bio Babybio Maïs poulet - 8 mois - 2x200g","p":2.85,"u":"7,13 €/KG","img":"https://fd13-photos.leclercdrive.fr/image.ashx?id=2827461&use=l&cat=p&typeid=i","cat":312236},{"id":18364,"n":"Haricots rouges D'aucy  250g","p":1.18,"u":"4,72 €/KG","img":"https://fd13-photos.leclercdrive.fr/image.ashx?id=2538434&use=l&cat=p&typeid=i","cat":312606},{"id":18375,"n":"Petits pois carottes d''Aucy Extra fins - 265g","p":1.08,"u":"4,08 €/KG","img":"https://fd13-photos.leclercdrive.fr/image.ashx?id=2475324&use=l&cat=p&typeid=i","cat":312607},{"id":18384,"n":"Fagot bouquet garni Ducros 17g","p":1.85,"u":"108,82 €/KG","img":"https://fd13-photos.leclercdrive.fr/image.ashx?id=2326667&use=l&cat=p&typeid=i","cat":298297},{"id":18392,"n":"Paprika doux moulu Ducros 40g","p":1.67,"u":"41,75 €/KG","img":"https://fd13-photos.leclercdrive.fr/image.ashx?id=2854414&use=l&cat=p&typeid=i","cat":298297},{"id":18393,"n":"Persil Ducros 17g","p":1.67,"u":"98,24 €/KG","img":"https://fd13-photos.leclercdrive.fr/image.ashx?id=2559436&use=l&cat=p&typeid=i","cat":298297},{"id":18394,"n":"Persil Ducros 30g","p":3.49,"u":"116,33 €/KG","img":"https://fd13-photos.leclercdrive.fr/image.ashx?id=2486554&use=l&cat=p&typeid=i","cat":298297},{"id":18398,"n":"Piment doux moulu Ducros 40g","p":1.97,"u":"49,25 €/KG","img":"https://fd13-photos.leclercdrive.fr/image.ashx?id=2490494&use=l&cat=p&typeid=i","cat":298297},{"id":18408,"n":"Thon entier Pêche Océan Naturel - 140g","p":1.9,"u":"13,57 €/KG","img":"https://fd13-photos.leclercdrive.fr/image.ashx?id=2942187&use=l&cat=p&typeid=i","cat":303867},{"id":18410,"n":"Pâtées chat Gold Gourmet Les noisettes -  12x85g","p":5.85,"u":"5,74 €/KG","img":"https://fd13-photos.leclercdrive.fr/image.ashx?id=2908318&use=l&cat=p&typeid=i","cat":285286},{"id":18437,"n":"Allumettes Bacon Tradilège Fumées - 2x100g","p":1.74,"u":"8,70 €/KG","img":"https://fd13-photos.leclercdrive.fr/image.ashx?id=2905952&use=l&cat=p&typeid=i","cat":316011},{"id":18441,"n":"Pur jus de fruits Jafaden Mandarine - 1L","p":2.39,"u":"2,39 €/L","img":"https://fd13-photos.leclercdrive.fr/image.ashx?id=2956044&use=l&cat=p&typeid=i","cat":284915},{"id":18521,"n":"Papier toilette Mimosa Blanc double épaisseur - x12","p":2.85,"u":"0,24 €/P","img":"https://fd13-photos.leclercdrive.fr/image.ashx?id=2783343&use=l&cat=p&typeid=i","cat":284634},{"id":18556,"n":"Feutres pour ardoise Velleda 1721 Fin bleu - Odeur neutre x2","p":1.28,"u":"0,64 €/P","img":"https://fd13-photos.leclercdrive.fr/image.ashx?id=2318465&use=l&cat=p&typeid=i","cat":334133},{"id":18564,"n":"Papier millimétré Esquisse 21x29,7cm - x12","p":1.19,"img":"https://fd13-photos.leclercdrive.fr/image.ashx?id=2943175&use=l&cat=p&typeid=i","cat":284697},{"id":18577,"n":"Papier toilette Mimosa Blanc - Ultra doux - x24","p":4.33,"u":"0,18 €/P","img":"https://fd13-photos.leclercdrive.fr/image.ashx?id=2777851&use=l&cat=p&typeid=i","cat":284634},{"id":18598,"n":"Yaourts à la Grecque Délisse Mûre Framboise - 4x150g","p":1.99,"u":"3,32 €/KG","img":"https://fd13-photos.leclercdrive.fr/image.ashx?id=2699441&use=l&cat=p&typeid=i","cat":314999},{"id":18669,"n":"Snacks Tokapi 4 saveurs - 100g","p":0.87,"u":"8,70 €/KG","img":"https://fd13-photos.leclercdrive.fr/image.ashx?id=2884234&use=l&cat=p&typeid=i","cat":284449},{"id":18670,"n":"Tuiles Tokapi Bacon - 170g","p":1.39,"u":"8,18 €/KG","img":"https://fd13-photos.leclercdrive.fr/image.ashx?id=2657205&use=l&cat=p&typeid=i","cat":287899},{"id":18671,"n":"Tuiles Tokapi Paprika - 170g","p":1.35,"u":"7,94 €/KG","img":"https://fd13-photos.leclercdrive.fr/image.ashx?id=2632852&use=l&cat=p&typeid=i","cat":287899},{"id":18746,"n":"Pavés de boeuf à l'échalote Férial x2 - 240g","p":4.79,"u":"19,96 €/KG","img":"https://fd13-photos.leclercdrive.fr/image.ashx?id=2854273&use=l&cat=p&typeid=i","cat":284328},{"id":18747,"n":"Pavés de boeuf marinés 3 poivre Férial x2 - 240g","p":4.75,"u":"19,79 €/KG","img":"https://fd13-photos.leclercdrive.fr/image.ashx?id=2854276&use=l&cat=p&typeid=i","cat":284328},{"id":18748,"n":"Pavés de boeuf marinés nature F x2 - 240g","p":4.99,"u":"20,79 €/KG","img":"https://fd13-photos.leclercdrive.fr/image.ashx?id=2854270&use=l&cat=p&typeid=i","cat":284328},{"id":18754,"n":"Boulettes nature Férial x12 - 300g","p":4.09,"u":"13,63 €/KG","img":"https://fd13-photos.leclercdrive.fr/image.ashx?id=2816624&use=l&cat=p&typeid=i","cat":284332},{"id":18853,"n":"Soin de jour Diadermine Lift+ Elastine Anti-rides - 50ml","p":6.85,"u":"137,00 €/L","img":"https://fd13-photos.leclercdrive.fr/image.ashx?id=2464024&use=l&cat=p&typeid=i","cat":325345},{"id":18953,"n":"Thon entier Pêche Océan Naturel - 186g","p":2.5,"u":"13,44 €/KG","img":"https://fd13-photos.leclercdrive.fr/image.ashx?id=2942193&use=l&cat=p&typeid=i","cat":303867},{"id":18968,"n":"Gâteaux mini marbrés P'tit Déli Chocolat x7 - 189g","p":1.59,"u":"8,41 €/KG","img":"https://fd13-photos.leclercdrive.fr/image.ashx?id=1947360&use=l&cat=p&typeid=i","cat":284495},{"id":18983,"n":"Crème glacée Eskiss Noix de coco - 494g","p":2.82,"u":"5,71 €/KG","img":"https://fd13-photos.leclercdrive.fr/image.ashx?id=2982607&use=l&cat=p&typeid=i","cat":284263},{"id":19022,"n":"Sirop Frucci Orange - 1L","p":4.26,"u":"4,26 €/L","img":"https://fd13-photos.leclercdrive.fr/image.ashx?id=2954070&use=l&cat=p&typeid=i","cat":295020},{"id":19023,"n":"Sirop Frucci Citron - 1L","p":2.04,"u":"2,04 €/L","img":"https://fd13-photos.leclercdrive.fr/image.ashx?id=2955656&use=l&cat=p&typeid=i","cat":295020},{"id":19066,"n":"Vodka Poliakov 37,5%vol - 1L","p":15.94,"u":"15,94 €/L","img":"https://fd13-photos.leclercdrive.fr/image.ashx?id=2576916&use=l&cat=p&typeid=i","cat":284550},{"id":19098,"n":"Cookies gros éclats Granola Chocolat - 184g","p":1.8,"u":"9,78 €/KG","img":"https://fd13-photos.leclercdrive.fr/image.ashx?id=2996413&use=l&cat=p&typeid=i","cat":325066},{"id":19110,"n":"Boeuf Bourguignon Côté Table 300g","p":2.04,"u":"6,80 €/KG","img":"https://fd13-photos.leclercdrive.fr/image.ashx?id=2517679&use=l&cat=p&typeid=i","cat":284953},{"id":19112,"n":"Thé vert Bio Ethiquable Gingembre Citron vert x20 - 36g","p":2.32,"u":"64,44 €/KG","img":"https://fd13-photos.leclercdrive.fr/image.ashx?id=2870842&use=l&cat=p&typeid=i","cat":293233},{"id":19116,"n":"Céréales croustillants Bio bjorg  chocolat noir - 500g","p":3.35,"u":"6,70 €/KG","img":"https://fd13-photos.leclercdrive.fr/image.ashx?id=2972967&use=l&cat=p&typeid=i","cat":309512},{"id":19119,"n":"Pains au lait La Boulangère Bio x8 - 280g","p":2.05,"u":"7,32 €/KG","img":"https://fd13-photos.leclercdrive.fr/image.ashx?id=2972460&use=l&cat=p&typeid=i","cat":293505},{"id":19138,"n":"Semoule Couscous Bio Village Semi complet Bio - 500g","p":1.95,"u":"3,90 €/KG","img":"https://fd13-photos.leclercdrive.fr/image.ashx?id=2814217&use=l&cat=p&typeid=i","cat":284429},{"id":19146,"n":"Cappelletti bio Céréal Bio tofu et Chèvre express-220g","p":1.89,"u":"8,59 €/KG","img":"https://fd13-photos.leclercdrive.fr/image.ashx?id=2642372&use=l&cat=p&typeid=i","cat":287600},{"id":19155,"n":"Farine de blé Bio Francine 1kg","p":1.51,"u":"1,51 €/KG","img":"https://fd13-photos.leclercdrive.fr/image.ashx?id=2989117&use=l&cat=p&typeid=i","cat":284503},{"id":19199,"n":"Pain de mie La Boulangère à la  Farine complète Bio - 500g","p":1.65,"u":"3,30 €/KG","img":"https://fd13-photos.leclercdrive.fr/image.ashx?id=2912386&use=l&cat=p&typeid=i","cat":284477},{"id":19202,"n":"Galettes bio Bio Village 4 céréales x17 - 130g","p":0.99,"u":"7,62 €/KG","img":"https://fd13-photos.leclercdrive.fr/image.ashx?id=2816154&use=l&cat=p&typeid=i","cat":318651},{"id":19203,"n":"Flocons d'avoine complet Bjorg Bio 500g","p":1.9,"u":"3,80 €/KG","img":"https://fd13-photos.leclercdrive.fr/image.ashx?id=2906151&use=l&cat=p&typeid=i","cat":309512},{"id":19231,"n":"Petit Pois Cassegrain Tendres et Fondants 140g","p":1.3,"u":"9,29 €/KG","img":"https://fd13-photos.leclercdrive.fr/image.ashx?id=2912974&use=l&cat=p&typeid=i","cat":312607},{"id":19239,"n":"Fruits au sirop St Mamet Pêches - 475g","p":2.47,"u":"5,20 €/KG","img":"https://fd13-photos.leclercdrive.fr/image.ashx?id=2630217&use=l&cat=p&typeid=i","cat":284507},{"id":19255,"n":"Croquettes chat Purina One Light Adulte -Poulet/Blé -1,5kg","p":7.19,"u":"4,79 €/KG","img":"https://fd13-photos.leclercdrive.fr/image.ashx?id=2432010&use=l&cat=p&typeid=i","cat":284680},{"id":19279,"n":"Sucre de canne Daddy En morceaux - 1kg","p":2.23,"u":"2,23 €/KG","img":"https://fd13-photos.leclercdrive.fr/image.ashx?id=2908576&use=l&cat=p&typeid=i","cat":284502},{"id":19285,"n":"Sauce crudités Rustica Fines herbes - 50cl","p":0.88,"u":"1,76 €/L","img":"https://fd13-photos.leclercdrive.fr/image.ashx?id=1972916&use=l&cat=p&typeid=i","cat":284456},{"id":19293,"n":"Lait céréales bébé Blédiner 12m Carotte pois soir - 2x250ml","p":1.78,"u":"3,56 €/L","img":"https://fd13-photos.leclercdrive.fr/image.ashx?id=2949856&use=l&cat=p&typeid=i","cat":312239},{"id":19296,"n":"Gressins Tokapi Sésame - 125g","p":1.17,"u":"9,36 €/KG","img":"https://fd13-photos.leclercdrive.fr/image.ashx?id=1993574&use=l&cat=p&typeid=i","cat":297000},{"id":19298,"n":"Gressins Tokapi  Huile d'olive romarin - 125g","p":1.41,"u":"11,28 €/KG","img":"https://fd13-photos.leclercdrive.fr/image.ashx?id=1993577&use=l&cat=p&typeid=i","cat":297000},{"id":19303,"n":"Mini penne Turini 500g","p":0.98,"u":"1,96 €/KG","img":"https://fd13-photos.leclercdrive.fr/image.ashx?id=3015063&use=l&cat=p&typeid=i","cat":284427},{"id":19304,"n":"Mini farfalle Turini 500g","p":1.26,"u":"2,52 €/KG","img":"https://fd13-photos.leclercdrive.fr/image.ashx?id=2607494&use=l&cat=p&typeid=i","cat":284427},{"id":19305,"n":"Pâtes Spaghetti Panzani 3 Minutes - 500G","p":1.2,"u":"2,40 €/KG","img":"https://fd13-photos.leclercdrive.fr/image.ashx?id=3008035&use=l&cat=p&typeid=i","cat":284427},{"id":19319,"n":"Cookies Eco+ Pépites de chocolat - 200g","p":0.92,"u":"4,60 €/KG","img":"https://fd13-photos.leclercdrive.fr/image.ashx?id=2821875&use=l&cat=p&typeid=i","cat":325066},{"id":19353,"n":"Mao Croqui Haribo Sachet bonbons - 250g","p":1.38,"u":"5,52 €/KG","img":"https://fd13-photos.leclercdrive.fr/image.ashx?id=2805192&use=l&cat=p&typeid=i","cat":304250},{"id":19356,"n":"Infusion bio Jardin Bio Thym Menthe - x20 sachets - 30g","p":1.97,"u":"65,67 €/KG","img":"https://fd13-photos.leclercdrive.fr/image.ashx?id=2792654&use=l&cat=p&typeid=i","cat":293234},{"id":19364,"n":"Madeleines extra Ker Cadélac Coquilles moelleuses x24 - 600g","p":3.13,"u":"5,22 €/KG","img":"https://fd13-photos.leclercdrive.fr/image.ashx?id=2939511&use=l&cat=p&typeid=i","cat":284492},{"id":19366,"n":"Barres céréales Grany Chocolat - 125g","p":1.8,"u":"14,40 €/KG","img":"https://fd13-photos.leclercdrive.fr/image.ashx?id=2773613&use=l&cat=p&typeid=i","cat":285869},{"id":19367,"n":"Chocolat au lait Alter Eco  fondant Bio - 100g","p":2.84,"u":"28,40 €/KG","img":"https://fd13-photos.leclercdrive.fr/image.ashx?id=2912353&use=l&cat=p&typeid=i","cat":284497},{"id":19368,"n":"Barres céréales Grany Noisettes - 125g","p":1.82,"u":"14,56 €/KG","img":"https://fd13-photos.leclercdrive.fr/image.ashx?id=2773607&use=l&cat=p&typeid=i","cat":285869},{"id":19386,"n":"Méli mélo céréales lég Tipiak 330g","p":2.24,"u":"6,79 €/KG","img":"https://fd13-photos.leclercdrive.fr/image.ashx?id=2563715&use=l&cat=p&typeid=i","cat":284429},{"id":19402,"n":"Chocolat Côte d'Or Noir pâte d'amandes 150g","p":3.39,"u":"22,60 €/KG","img":"https://fd13-photos.leclercdrive.fr/image.ashx?id=2985585&use=l&cat=p&typeid=i","cat":284956},{"id":19408,"n":"Soupe Velouté Bio Village Bio Légumes verts - 1L","p":2.42,"u":"2,42 €/L","img":"https://fd13-photos.leclercdrive.fr/image.ashx?id=2352237&use=l&cat=p&typeid=i","cat":284462},{"id":19411,"n":"Compote Allégée en sucres Eco+ Coupelle pomme - 4x100g","p":0.55,"u":"1,38 €/KG","img":"https://fd13-photos.leclercdrive.fr/image.ashx?id=2953188&use=l&cat=p&typeid=i","cat":284508},{"id":19416,"n":"Dessert fruitier Andros Pomme allégé 730g","p":1.28,"u":"1,75 €/KG","img":"https://fd13-photos.leclercdrive.fr/image.ashx?id=2369930&use=l&cat=p&typeid=i","cat":284508},{"id":19417,"n":"Miel gelée royale Lune Miel 250g","p":5.19,"u":"20,76 €/KG","img":"https://fd13-photos.leclercdrive.fr/image.ashx?id=2607650&use=l&cat=p&typeid=i","cat":287643},{"id":19418,"n":"Pâtes serpentini Turini 500g","p":0.84,"u":"1,68 €/KG","img":"https://fd13-photos.leclercdrive.fr/image.ashx?id=2744231&use=l&cat=p&typeid=i","cat":284427},{"id":19420,"n":"Pâtes Torsades Turini Nature tomate épinard - 500g","p":1.1,"u":"2,20 €/KG","img":"https://fd13-photos.leclercdrive.fr/image.ashx?id=2607485&use=l&cat=p&typeid=i","cat":284427},{"id":19424,"n":"Spaghetti Turini Au blé complet - 500g","p":0.95,"u":"1,90 €/KG","img":"https://fd13-photos.leclercdrive.fr/image.ashx?id=2607497&use=l&cat=p&typeid=i","cat":284427},{"id":19426,"n":"Gâteaux L'Ourson Lulu LU Chocolat - 150g","p":1.3,"u":"8,67 €/KG","img":"https://fd13-photos.leclercdrive.fr/image.ashx?id=3014425&use=l&cat=p&typeid=i","cat":284495},{"id":19427,"n":"Pâtes penne Turini Blé complet - 500g","p":1.0,"u":"2,00 €/KG","img":"https://fd13-photos.leclercdrive.fr/image.ashx?id=2607500&use=l&cat=p&typeid=i","cat":284427},{"id":19432,"n":"Pains au chocolat Eco+ x10 - 450g","p":1.55,"u":"3,44 €/KG","img":"https://fd13-photos.leclercdrive.fr/image.ashx?id=2927833&use=l&cat=p&typeid=i","cat":296366},{"id":19433,"n":"Pain au lait Eco+ x10 - 400g","p":0.99,"u":"2,48 €/KG","img":"https://fd13-photos.leclercdrive.fr/image.ashx?id=2643578&use=l&cat=p&typeid=i","cat":293505},{"id":19435,"n":"Barres de céréales Special K Kellogg's Chocolat lait - 6x20g","p":2.12,"u":"17,67 €/KG","img":"https://fd13-photos.leclercdrive.fr/image.ashx?id=2306366&use=l&cat=p&typeid=i","cat":285869},{"id":19455,"n":"Confiture bio Jardin Bio Allégée framboises - 320g","p":2.94,"u":"9,19 €/KG","img":"https://fd13-photos.leclercdrive.fr/image.ashx?id=2537580&use=l&cat=p&typeid=i","cat":284480},{"id":19463,"n":"Sticks dentaires Lydog Moyen chien - x7 - 180g","p":1.39,"u":"7,72 €/KG","img":"https://fd13-photos.leclercdrive.fr/image.ashx?id=1878598&use=l&cat=p&typeid=i","cat":294527},{"id":19471,"n":"Mélange Le Sélect Vico Graines variées - 100g","p":2.26,"u":"22,60 €/KG","img":"https://fd13-photos.leclercdrive.fr/image.ashx?id=2569839&use=l&cat=p&typeid=i","cat":284448},{"id":19487,"n":"Cassoulet Toulousain   Raynal Et Roquelaure - 840g","p":4.29,"u":"5,11 €/KG","img":"https://fd13-photos.leclercdrive.fr/image.ashx?id=2928387&use=l&cat=p&typeid=i","cat":284440},{"id":19491,"n":"Couscous tunisien Côté Table Kefta merguez - 300g","p":2.19,"u":"7,30 €/KG","img":"https://fd13-photos.leclercdrive.fr/image.ashx?id=2900097&use=l&cat=p&typeid=i","cat":284953},{"id":19493,"n":"Colin d'alaska Côté Table Barquette micro-ondable 300g","p":1.99,"u":"6,63 €/KG","img":"https://fd13-photos.leclercdrive.fr/image.ashx?id=2770311&use=l&cat=p&typeid=i","cat":284953},{"id":19496,"n":"Saumon et riz individuel William Saurin - 300g","p":3.41,"u":"11,37 €/KG","img":"https://fd13-photos.leclercdrive.fr/image.ashx?id=2906283&use=l&cat=p&typeid=i","cat":284953},{"id":19505,"n":"Olives vertes Crespo Dénoyautées 160g","p":1.98,"u":"12,38 €/KG","img":"https://fd13-photos.leclercdrive.fr/image.ashx?id=2616895&use=l&cat=p&typeid=i","cat":284458},{"id":19535,"n":"Stick lèvres Inell Nourrissant - 2 pièces","p":1.99,"u":"1,00 €/P","img":"https://fd13-photos.leclercdrive.fr/image.ashx?id=2841622&use=l&cat=p&typeid=i","cat":285485},{"id":19542,"n":"Filets de saumon rose Findus Pacifique - MSC - x4 - 400g","p":10.85,"u":"27,13 €/KG","img":"https://fd13-photos.leclercdrive.fr/image.ashx?id=2735326&use=l&cat=p&typeid=i","cat":319786},{"id":19575,"n":"Lait démaquillant Inell Douceur 250ml","p":1.59,"u":"6,36 €/L","img":"https://fd13-photos.leclercdrive.fr/image.ashx?id=2691622&use=l&cat=p&typeid=i","cat":284603},{"id":19601,"n":"Gâteaux marbrés P'tit Déli x14 378g","p":2.97,"u":"7,86 €/KG","img":"https://fd13-photos.leclercdrive.fr/image.ashx?id=1947363&use=l&cat=p&typeid=i","cat":284495},{"id":19604,"n":"Gâteaux P'tit Déli A base de yaourt x7 - 189g","p":1.88,"u":"9,95 €/KG","img":"https://fd13-photos.leclercdrive.fr/image.ashx?id=2059086&use=l&cat=p&typeid=i","cat":294776},{"id":19609,"n":"Tuiles Tokapi Fromage - 170g","p":1.39,"u":"8,18 €/KG","img":"https://fd13-photos.leclercdrive.fr/image.ashx?id=2647426&use=l&cat=p&typeid=i","cat":287899},{"id":19611,"n":"Soupe Velouté Régal Soupe Tomates - 2x30cl","p":1.49,"u":"2,48 €/L","img":"https://fd13-photos.leclercdrive.fr/image.ashx?id=2819271&use=l&cat=p&typeid=i","cat":284462},{"id":19625,"n":"Mini goûters P'tit Déli Fraise 168g","p":1.13,"u":"6,73 €/KG","img":"https://fd13-photos.leclercdrive.fr/image.ashx?id=2310498&use=l&cat=p&typeid=i","cat":284489},{"id":19633,"n":"Soufflés Tornades Tokapi Nature - 85g","p":0.69,"u":"8,12 €/KG","img":"https://fd13-photos.leclercdrive.fr/image.ashx?id=1855969&use=l&cat=p&typeid=i","cat":284449},{"id":19635,"n":"Soufflés Tornades Tokapi Bacon - 85g","p":0.68,"u":"8,00 €/KG","img":"https://fd13-photos.leclercdrive.fr/image.ashx?id=1855966&use=l&cat=p&typeid=i","cat":284449},{"id":19643,"n":"Muesli Floconneux Bio Village Fruits secs Bio - 500g","p":2.13,"u":"4,26 €/KG","img":"https://fd13-photos.leclercdrive.fr/image.ashx?id=2949224&use=l&cat=p&typeid=i","cat":309512},{"id":19645,"n":"Mini-crêpes fourrées Tokapi Cheddar - 65g","p":1.99,"u":"30,62 €/KG","img":"https://fd13-photos.leclercdrive.fr/image.ashx?id=2853889&use=l&cat=p&typeid=i","cat":297000},{"id":19676,"n":"Café moulu Malongo La Tierra Bio - 250g","p":5.19,"u":"20,76 €/KG","img":"https://fd13-photos.leclercdrive.fr/image.ashx?id=2999973&use=l&cat=p&typeid=i","cat":284750},{"id":19684,"n":"tofu nature bio bjorg  - 2x200g","p":2.64,"u":"6,60 €/KG","img":"https://fd13-photos.leclercdrive.fr/image.ashx?id=2907979&use=l&cat=p&typeid=i","cat":284953},{"id":19693,"n":"Cornichons paysanne Kühne Bocal - 850g","p":3.61,"u":"4,25 €/KG","img":"https://fd13-photos.leclercdrive.fr/image.ashx?id=2551465&use=l&cat=p&typeid=i","cat":284458},{"id":19700,"n":"Sucre spécial confiture Daddy 1kg","p":1.7,"u":"1,70 €/KG","img":"https://fd13-photos.leclercdrive.fr/image.ashx?id=2975858&use=l&cat=p&typeid=i","cat":284502},{"id":19702,"n":"Sucre en poudre Béghin Say 750g","p":1.72,"u":"2,29 €/KG","img":"https://fd13-photos.leclercdrive.fr/image.ashx?id=2866352&use=l&cat=p&typeid=i","cat":284502},{"id":19704,"n":"Sardines NRT St-Gilles Label Rouge à l'huile - 115g","p":2.25,"u":"19,57 €/KG","img":"https://fd13-photos.leclercdrive.fr/image.ashx?id=2791090&use=l&cat=p&typeid=i","cat":305146},{"id":19729,"n":"Biscuit P'tit Déli Palmiers Chocolat au lait 110g","p":1.25,"u":"11,36 €/KG","img":"https://fd13-photos.leclercdrive.fr/image.ashx?id=2573403&use=l&cat=p&typeid=i","cat":284488},{"id":19744,"n":"Déodorant atomiseur Carré Homme Marine 200ml","p":1.35,"u":"6,75 €/L","img":"https://fd13-photos.leclercdrive.fr/image.ashx?id=2390707&use=l&cat=p&typeid=i","cat":284618},{"id":19756,"n":"Gaufres fines du Nord NRT 300g","p":3.5,"u":"11,67 €/KG","img":"https://fd13-photos.leclercdrive.fr/image.ashx?id=2622320&use=l&cat=p&typeid=i","cat":284487},{"id":19758,"n":"Essuie-tout Bobine Uni Vert Compact - 500 feuilles x1","p":4.5,"img":"https://fd13-photos.leclercdrive.fr/image.ashx?id=2684826&use=l&cat=p&typeid=i","cat":284635},{"id":19788,"n":"Stick lèvres Inell Hydratant - 2 pièces","p":1.5,"u":"0,75 €/P","img":"https://fd13-photos.leclercdrive.fr/image.ashx?id=2776042&use=l&cat=p&typeid=i","cat":285485},{"id":19798,"n":"Dissolvant doux Inell Sans acétone - 150ml","p":1.42,"u":"9,47 €/L","img":"https://fd13-photos.leclercdrive.fr/image.ashx?id=2691640&use=l&cat=p&typeid=i","cat":325347},{"id":19856,"n":"Pâtes Barilla Coquillettes - 1kg","p":1.86,"u":"1,86 €/KG","img":"https://fd13-photos.leclercdrive.fr/image.ashx?id=2392230&use=l&cat=p&typeid=i","cat":284427},{"id":19874,"n":"Clafoutis La Laitière Aux cerises - 4x85g","p":2.62,"u":"7,71 €/KG","img":"https://fd13-photos.leclercdrive.fr/image.ashx?id=2628230&use=l&cat=p&typeid=i","cat":284419},{"id":19875,"n":"Clafoutis La Laitière Aux abricots - 4x85g","p":2.63,"u":"7,74 €/KG","img":"https://fd13-photos.leclercdrive.fr/image.ashx?id=3007975&use=l&cat=p&typeid=i","cat":284419},{"id":19877,"n":"Mozzarella Spécial Cuisine Les Croisés - 400g","p":2.94,"u":"7,35 €/KG","img":"https://fd13-photos.leclercdrive.fr/image.ashx?id=2992531&use=l&cat=p&typeid=i","cat":314026},{"id":19881,"n":"Dés Salakis herbes de Provence Fromage brebis - 300g","p":3.34,"u":"11,13 €/KG","img":"https://fd13-photos.leclercdrive.fr/image.ashx?id=2729686&use=l&cat=p&typeid=i","cat":314026},{"id":19909,"n":"Yaourts Lait entier Bio Village Bio Vanille - 12x125g","p":3.27,"u":"2,18 €/KG","img":"https://fd13-photos.leclercdrive.fr/image.ashx?id=2032376&use=l&cat=p&typeid=i","cat":286006},{"id":19913,"n":"Mousse liégeoise Viennois  Chocolat - 4x90g","p":1.64,"u":"4,56 €/KG","img":"https://fd13-photos.leclercdrive.fr/image.ashx?id=2785172&use=l&cat=p&typeid=i","cat":285042},{"id":19924,"n":"Dessert fruitier pomme Bio Bio village - 4x100g","p":1.73,"u":"4,33 €/KG","img":"https://fd13-photos.leclercdrive.fr/image.ashx?id=2462427&use=l&cat=p&typeid=i","cat":284416},{"id":19935,"n":"Pizza Crousti-moelleuse Marie 4 fromages - 3x390g","p":6.6,"u":"5,64 €/KG","img":"https://fd13-photos.leclercdrive.fr/image.ashx?id=2996803&use=l&cat=p&typeid=i","cat":284256},{"id":19941,"n":"Pur jus d'orange Jafaden Avec pulpe - 1L","p":2.45,"u":"2,45 €/L","img":"https://fd13-photos.leclercdrive.fr/image.ashx?id=2395258&use=l&cat=p&typeid=i","cat":285435},{"id":19957,"n":"Purée brocolis Notre Jardin Nature 750g","p":1.69,"u":"2,25 €/KG","img":"https://fd13-photos.leclercdrive.fr/image.ashx?id=2856163&use=l&cat=p&typeid=i","cat":319805},{"id":19991,"n":"Fromage frais Délisse Fruits panachés - 6x100g","p":2.56,"u":"4,27 €/KG","img":"https://fd13-photos.leclercdrive.fr/image.ashx?id=2913669&use=l&cat=p&typeid=i","cat":284414},{"id":20008,"n":"Compote Andros Pomme nature - 12x100g","p":3.15,"u":"2,63 €/KG","img":"https://fd13-photos.leclercdrive.fr/image.ashx?id=2989114&use=l&cat=p&typeid=i","cat":284416},{"id":20010,"n":"Yaourts lait entier nature Bio  Bio village - 12x125g","p":2.46,"u":"1,64 €/KG","img":"https://fd13-photos.leclercdrive.fr/image.ashx?id=2102992&use=l&cat=p&typeid=i","cat":284409},{"id":20013,"n":"Compote Charles & Alice Pommes Abricots - 4x100g","p":1.46,"u":"3,65 €/KG","img":"https://fd13-photos.leclercdrive.fr/image.ashx?id=2757350&use=l&cat=p&typeid=i","cat":284416},{"id":20032,"n":"Whisky Jack Daniel's Old N°7 1L","p":28.5,"pp":25.65,"u":"25,65 €/L","img":"https://fd13-photos.leclercdrive.fr/image.ashx?id=2805189&use=l&cat=p&typeid=i","cat":284547},{"id":20038,"n":"Crème aux œufs La Laitière lit de caramel - 4x100g","p":1.85,"u":"4,63 €/KG","img":"https://fd13-photos.leclercdrive.fr/image.ashx?id=2744593&use=l&cat=p&typeid=i","cat":284419},{"id":20058,"n":"Madère Cruz 17%vol sous blister 20cl","p":3.0,"u":"15,00 €/L","img":"https://fd13-photos.leclercdrive.fr/image.ashx?id=2484044&use=l&cat=p&typeid=i","cat":284913},{"id":20075,"n":"Corned beef Hereford 340g","p":3.46,"u":"10,18 €/KG","img":"https://fd13-photos.leclercdrive.fr/image.ashx?id=2896946&use=l&cat=p&typeid=i","cat":305149},{"id":20099,"n":"Boules Démanquillantes Inell x100","p":1.4,"u":"0,01 €/P","img":"https://fd13-photos.leclercdrive.fr/image.ashx?id=2558802&use=l&cat=p&typeid=i","cat":285593},{"id":20109,"n":"Whisky Bourbon John Davon's 40%vol. - 70cl","p":13.15,"u":"18,79 €/L","img":"https://fd13-photos.leclercdrive.fr/image.ashx?id=2907177&use=l&cat=p&typeid=i","cat":284547},{"id":20138,"n":"Chips Pom'Lisse Nature - 200g","p":1.19,"u":"5,95 €/KG","img":"https://fd13-photos.leclercdrive.fr/image.ashx?id=2710783&use=l&cat=p&typeid=i","cat":284447},{"id":20172,"n":"Petits pots bébé P'TIT SOUPER Aubergine pâtes 8M+ - 2x200g","p":2.06,"u":"5,15 €/KG","img":"https://fd13-photos.leclercdrive.fr/image.ashx?id=2526511&use=l&cat=p&typeid=i","cat":312239},{"id":20175,"n":"Petits pots bébé P'TIT SOUPER  7 légumes 8M+ - 2x200g","p":1.69,"u":"4,23 €/KG","img":"https://fd13-photos.leclercdrive.fr/image.ashx?id=2526508&use=l&cat=p&typeid=i","cat":312239},{"id":20180,"n":"Crème Fraîche Elle&Vire Epaisse Légère - 12% MG - 33cl","p":1.67,"u":"5,06 €/L","img":"https://fd13-photos.leclercdrive.fr/image.ashx?id=2871949&use=l&cat=p&typeid=i","cat":284381},{"id":20183,"n":"Emmental français Entremont 45%mg - 250g","p":2.82,"u":"11,28 €/KG","img":"https://fd13-photos.leclercdrive.fr/image.ashx?id=2983138&use=l&cat=p&typeid=i","cat":314034},{"id":20213,"n":"Camembert Cœur de Lion  8 portions - 240g","p":2.85,"u":"11,88 €/KG","img":"https://fd13-photos.leclercdrive.fr/image.ashx?id=2767962&use=l&cat=p&typeid=i","cat":314033},{"id":20217,"n":"Préparation pour crème brûlée Délisse - 2x100g","p":1.45,"u":"7,25 €/KG","img":"https://fd13-photos.leclercdrive.fr/image.ashx?id=2686464&use=l&cat=p&typeid=i","cat":284419},{"id":20218,"n":"Mozzarella vache Casa Azzurra Boule - 125g","p":1.04,"u":"8,32 €/KG","img":"https://fd13-photos.leclercdrive.fr/image.ashx?id=2904302&use=l&cat=p&typeid=i","cat":314026},{"id":20236,"n":"AOP Ventoux vin rosé Rives & Terrasses - BIB 5L","p":16.49,"u":"3,30 €/L","img":"https://fd13-photos.leclercdrive.fr/image.ashx?id=2584836&use=l&cat=p&typeid=i","cat":289560},{"id":20239,"n":"Gâteaux fourrés P'tit Déli Chocolat x7 - 189g","p":2.18,"u":"11,53 €/KG","img":"https://fd13-photos.leclercdrive.fr/image.ashx?id=2554517&use=l&cat=p&typeid=i","cat":284495},{"id":20244,"n":"Compotes Pom'Potes Gourdes BIO  Pomme Nature - 12x90g","p":6.15,"u":"5,69 €/KG","img":"https://fd13-photos.leclercdrive.fr/image.ashx?id=2901608&use=l&cat=p&typeid=i","cat":284508},{"id":20267,"n":"Compote bio Bio Village Coupelle pomme poire - 4x100g","p":2.29,"u":"5,73 €/KG","img":"https://fd13-photos.leclercdrive.fr/image.ashx?id=2442710&use=l&cat=p&typeid=i","cat":284508},{"id":20288,"n":"Soufflés Snack's Tokapi Cacahuète - 55g","p":0.39,"u":"7,09 €/KG","img":"https://fd13-photos.leclercdrive.fr/image.ashx?id=2844517&use=l&cat=p&typeid=i","cat":284449},{"id":20291,"n":"Déodorant bille Manava Vanille 50ml","p":1.29,"u":"25,80 €/L","img":"https://fd13-photos.leclercdrive.fr/image.ashx?id=2481213&use=l&cat=p&typeid=i","cat":284595},{"id":20296,"n":"Râbles de lapin Loeul et Piriot 360g","p":6.29,"u":"17,47 €/KG","img":"https://fd13-photos.leclercdrive.fr/image.ashx?id=1745579&use=l&cat=p&typeid=i","cat":284338},{"id":20299,"n":"AOC Saint Mont rouge  Marquis de Seillan - 75cl","p":4.99,"pp":3.29,"u":"4,39 €/L","img":"https://fd13-photos.leclercdrive.fr/image.ashx?id=2753982&use=l&cat=p&typeid=i","cat":289556},{"id":20300,"n":"Tarte Tomates Chèvre Courgette Côté Table - 400g","p":2.81,"u":"7,03 €/KG","img":"https://fd13-photos.leclercdrive.fr/image.ashx?id=2791767&use=l&cat=p&typeid=i","cat":284257},{"id":20307,"n":"Crème glacée Bio Bio Village Vanille - Bac 450g","p":2.86,"u":"6,36 €/KG","img":"https://fd13-photos.leclercdrive.fr/image.ashx?id=2902570&use=l&cat=p&typeid=i","cat":284263},{"id":20309,"n":"Jambon supérieur Tradilège -25% de sel - Découenné x4-160g","p":1.95,"u":"12,19 €/KG","img":"https://fd13-photos.leclercdrive.fr/image.ashx?id=2153186&use=l&cat=p&typeid=i","cat":316009},{"id":20362,"n":"Coeurs filets merlu Pêche Océan MSC 4 à 5 pièces 400g","p":5.3,"u":"13,25 €/KG","img":"https://fd13-photos.leclercdrive.fr/image.ashx?id=2953725&use=l&cat=p&typeid=i","cat":319786},{"id":20376,"n":"Colin d'Alaska Marie Beurre citron thym - 400g","p":4.23,"u":"10,58 €/KG","img":"https://fd13-photos.leclercdrive.fr/image.ashx?id=2996809&use=l&cat=p&typeid=i","cat":319786},{"id":20380,"n":"Jambon cru 6 tranches Aoste sans conservateur - 165g","p":4.66,"u":"28,24 €/KG","img":"https://fd13-photos.leclercdrive.fr/image.ashx?id=2950285&use=l&cat=p&typeid=i","cat":316007},{"id":20447,"n":"Chips Pom'lisse Nature - 350g","p":1.89,"u":"5,40 €/KG","img":"https://fd13-photos.leclercdrive.fr/image.ashx?id=2710786&use=l&cat=p&typeid=i","cat":284447},{"id":20452,"n":"Paëlla Valenciana Fleury Michon 400g","p":3.54,"u":"8,85 €/KG","img":"https://fd13-photos.leclercdrive.fr/image.ashx?id=2656739&use=l&cat=p&typeid=i","cat":333665},{"id":20455,"n":"Taboulé à la menthe Bonduelle 300g","p":1.49,"u":"4,97 €/KG","img":"https://fd13-photos.leclercdrive.fr/image.ashx?id=2907893&use=l&cat=p&typeid=i","cat":333657},{"id":20476,"n":"Cocktail Punch Old Nick Coco 16%vol. - 70cl","p":5.81,"u":"8,30 €/L","img":"https://fd13-photos.leclercdrive.fr/image.ashx?id=2999213&use=l&cat=p&typeid=i","cat":284551},{"id":20501,"n":"Yaourts aux fruits Délisse Fruits Jaunes - 8x125g","p":2.29,"u":"2,29 €/KG","img":"https://fd13-photos.leclercdrive.fr/image.ashx?id=2533319&use=l&cat=p&typeid=i","cat":284410},{"id":20554,"n":"Sardines Pêche Océan Huile de tournesol - 3x135g","p":2.83,"u":"6,99 €/KG","img":"https://fd13-photos.leclercdrive.fr/image.ashx?id=2692955&use=l&cat=p&typeid=i","cat":305146},{"id":20603,"n":"Sauce à l'Echalote Rustica Déshydratée 33g","p":0.68,"u":"20,61 €/KG","img":"https://fd13-photos.leclercdrive.fr/image.ashx?id=2188835&use=l&cat=p&typeid=i","cat":288381},{"id":20605,"n":"Compote bio Bio Village Coupelle pomme - 4x100g","p":1.67,"u":"4,18 €/KG","img":"https://fd13-photos.leclercdrive.fr/image.ashx?id=2085275&use=l&cat=p&typeid=i","cat":284508},{"id":20614,"n":"Pâtes Spaghetti court Lustucru 4x250g","p":2.48,"u":"2,48 €/KG","img":"https://fd13-photos.leclercdrive.fr/image.ashx?id=2023170&use=l&cat=p&typeid=i","cat":284427},{"id":20616,"n":"Coquillettes Lustucru Oeufs frais - 4x250g","p":2.86,"u":"2,86 €/KG","img":"https://fd13-photos.leclercdrive.fr/image.ashx?id=2341065&use=l&cat=p&typeid=i","cat":284427},{"id":20642,"n":"Gants de ménage Mamison Taille L - x1 paire","p":1.01,"img":"https://fd13-photos.leclercdrive.fr/image.ashx?id=2635682&use=l&cat=p&typeid=i","cat":284668},{"id":20648,"n":"Maquereaux Pêche Océan Moutarde à l'ancienne - 169g","p":1.66,"u":"9,82 €/KG","img":"https://fd13-photos.leclercdrive.fr/image.ashx?id=2515676&use=l&cat=p&typeid=i","cat":303868},{"id":20653,"n":"Lait démaquillant Inell Peaux normales et mixtes 250ml","p":1.89,"u":"7,56 €/L","img":"https://fd13-photos.leclercdrive.fr/image.ashx?id=2691619&use=l&cat=p&typeid=i","cat":284603},{"id":20683,"n":"Pommes duchesse Pom'lisse 750g","p":1.29,"u":"1,72 €/KG","img":"https://fd13-photos.leclercdrive.fr/image.ashx?id=2851577&use=l&cat=p&typeid=i","cat":319792},{"id":20685,"n":"Purée 4 légumes Notre Jardin 750g","p":2.24,"u":"2,99 €/KG","img":"https://fd13-photos.leclercdrive.fr/image.ashx?id=2856160&use=l&cat=p&typeid=i","cat":319805},{"id":20686,"n":"Haricots plats Notre Jardin 1kg","p":1.79,"u":"1,79 €/KG","img":"https://fd13-photos.leclercdrive.fr/image.ashx?id=2431122&use=l&cat=p&typeid=i","cat":319805},{"id":20688,"n":"Tagliatelles carbonara Marie 330g","p":3.1,"u":"9,39 €/KG","img":"https://fd13-photos.leclercdrive.fr/image.ashx?id=2980920&use=l&cat=p&typeid=i","cat":333665},{"id":20692,"n":"Filet de saumon Fleury Michon purée de brocolis - 300g","p":3.84,"u":"12,80 €/KG","img":"https://fd13-photos.leclercdrive.fr/image.ashx?id=3003278&use=l&cat=p&typeid=i","cat":333665},{"id":20700,"n":"Macaroni sauce tomate Marie Boulettes de viande 280g","p":2.84,"u":"10,14 €/KG","img":"https://fd13-photos.leclercdrive.fr/image.ashx?id=2980968&use=l&cat=p&typeid=i","cat":333665},{"id":20705,"n":"Salade Notre Jardin Coeurs de laitue - 70g","p":0.79,"u":"11,29 €/KG","img":"https://fd13-photos.leclercdrive.fr/image.ashx?id=1681445&use=l&cat=p&typeid=i","cat":284353},{"id":20718,"n":"Sirop Frucci Orgeat - 1L","p":4.18,"u":"4,18 €/L","img":"https://fd13-photos.leclercdrive.fr/image.ashx?id=2954085&use=l&cat=p&typeid=i","cat":295020},{"id":20721,"n":"Epinards Bonduelle Feuilles préservées - 750g","p":2.08,"u":"2,77 €/KG","img":"https://fd13-photos.leclercdrive.fr/image.ashx?id=2910028&use=l&cat=p&typeid=i","cat":319805},{"id":20724,"n":"Cheeseburger Charal 6x140g - 840g","p":9.57,"u":"11,39 €/KG","img":"https://fd13-photos.leclercdrive.fr/image.ashx?id=2741952&use=l&cat=p&typeid=i","cat":319822},{"id":20744,"n":"Philadelphia Nature - 150g","p":1.73,"u":"11,53 €/KG","img":"https://fd13-photos.leclercdrive.fr/image.ashx?id=1586142&use=l&cat=p&typeid=i","cat":314029},{"id":20758,"n":"Riz cantonais Tables du Monde 900g","p":3.99,"u":"4,43 €/KG","img":"https://fd13-photos.leclercdrive.fr/image.ashx?id=2903953&use=l&cat=p&typeid=i","cat":284254},{"id":20773,"n":"Anneaux d'encornets Pêche Océan 500g","p":6.55,"u":"13,10 €/KG","img":"https://fd13-photos.leclercdrive.fr/image.ashx?id=3012391&use=l&cat=p&typeid=i","cat":319787},{"id":20792,"n":"Cire Institut Siliss Professionnelle - 400g","p":5.6,"u":"14,00 €/KG","img":"https://fd13-photos.leclercdrive.fr/image.ashx?id=2699684&use=l&cat=p&typeid=i","cat":325351},{"id":20818,"n":"Tomate cocktail en grappe Panier du Primeur - 500g","p":2.79,"u":"5,58 €/KG","img":"https://fd13-photos.leclercdrive.fr/image.ashx?id=2649897&use=l&cat=p&typeid=i","cat":284352},{"id":20856,"n":"Chipolatas aux herbes Férial 330g","p":3.49,"u":"10,58 €/KG","img":"https://fd13-photos.leclercdrive.fr/image.ashx?id=2590529&use=l&cat=p&typeid=i","cat":284334},{"id":20858,"n":"Saucisses de Toulouse Férial x4 - 500g","p":4.16,"u":"8,32 €/KG","img":"https://fd13-photos.leclercdrive.fr/image.ashx?id=2590538&use=l&cat=p&typeid=i","cat":284334},{"id":20863,"n":"Allumettes de bacon Herta Fumées 200g","p":2.2,"u":"11,00 €/KG","img":"https://fd13-photos.leclercdrive.fr/image.ashx?id=2876242&use=l&cat=p&typeid=i","cat":316011},{"id":20882,"n":"Colin pané Alaska Cité Marine MSC - 200g","p":2.4,"u":"12,00 €/KG","img":"https://fd13-photos.leclercdrive.fr/image.ashx?id=2844142&use=l&cat=p&typeid=i","cat":284344},{"id":20951,"n":"Bière blonde Kronenbourg 4,2° - 40x25cl","p":20.25,"u":"2,03 €/L","img":"https://fd13-photos.leclercdrive.fr/image.ashx?id=2984853&use=l&cat=p&typeid=i","cat":334873},{"id":20986,"n":"Sauce Napolitaine Turini 190g","p":0.85,"u":"4,47 €/KG","img":"https://fd13-photos.leclercdrive.fr/image.ashx?id=2552430&use=l&cat=p&typeid=i","cat":287599},{"id":21017,"n":"Poisson Pané Findus  Colin d'Alaska - x10 - 510g","p":4.2,"u":"8,24 €/KG","img":"https://fd13-photos.leclercdrive.fr/image.ashx?id=2735332&use=l&cat=p&typeid=i","cat":319788},{"id":21027,"n":"Sauce bolognaise Turini 190g","p":0.85,"u":"4,47 €/KG","img":"https://fd13-photos.leclercdrive.fr/image.ashx?id=2634869&use=l&cat=p&typeid=i","cat":287599},{"id":21040,"n":"Whisky Monkey Shoulder 40%vol - 70cl","p":21.49,"u":"30,70 €/L","img":"https://fd13-photos.leclercdrive.fr/image.ashx?id=2917528&use=l&cat=p&typeid=i","cat":284547},{"id":21077,"n":"Bière blonde La Goudale 7.2%vol. - 6x25cl","p":4.08,"u":"2,72 €/L","img":"https://fd13-photos.leclercdrive.fr/image.ashx?id=2789865&use=l&cat=p&typeid=i","cat":334852},{"id":21081,"n":"Bière blonde Rince Cochon 50cl","p":1.55,"u":"3,10 €/L","img":"https://fd13-photos.leclercdrive.fr/image.ashx?id=2021232&use=l&cat=p&typeid=i","cat":334853},{"id":21115,"n":"Lambrusco Rosato Vilaveroni 75cl","p":4.19,"u":"5,59 €/L","img":"https://fd13-photos.leclercdrive.fr/image.ashx?id=2333030&use=l&cat=p&typeid=i","cat":289558},{"id":21246,"n":"Pièges Insectivor Anti-mites alimentaires - x2","p":2.76,"u":"1,38 €/P","img":"https://fd13-photos.leclercdrive.fr/image.ashx?id=1962780&use=l&cat=p&typeid=i","cat":298368},{"id":21370,"n":"Emincés pour chat Tous mes amis Viande 4x390g","p":4.21,"u":"2,70 €/KG","img":"https://fd13-photos.leclercdrive.fr/image.ashx?id=776789&use=l&cat=p&typeid=i","cat":285601},{"id":21485,"n":"Eau gazeuse La Pétillante Naturelle - 6x1L","p":2.34,"u":"0,39 €/L","img":"https://fd13-photos.leclercdrive.fr/image.ashx?id=2452966&use=l&cat=p&typeid=i","cat":284536},{"id":21492,"n":"AOC Côtes du Rhône rouge Cellier des Dauphins - 6x75cl","p":19.15,"u":"4,26 €/L","img":"https://fd13-photos.leclercdrive.fr/image.ashx?id=2179803&use=l&cat=p&typeid=i","cat":289556},{"id":21495,"n":"Whisky Glen Grant 40%vol. étui - 70cl","p":19.05,"u":"27,21 €/L","img":"https://fd13-photos.leclercdrive.fr/image.ashx?id=2578654&use=l&cat=p&typeid=i","cat":284547},{"id":21572,"n":"Baguette La Boulangère Viennoise fendue 340g","p":1.42,"u":"4,18 €/KG","img":"https://fd13-photos.leclercdrive.fr/image.ashx?id=2912392&use=l&cat=p&typeid=i","cat":284985},{"id":21573,"n":"Bonbons LUTTI Arlequin Original 250g","p":1.48,"u":"5,92 €/KG","img":"https://fd13-photos.leclercdrive.fr/image.ashx?id=2817422&use=l&cat=p&typeid=i","cat":304252},{"id":21580,"n":"Steak haché Isla Délice 100% boeuf Halal x10 800g","p":11.37,"u":"14,21 €/KG","img":"https://fd13-photos.leclercdrive.fr/image.ashx?id=2349233&use=l&cat=p&typeid=i","cat":319778},{"id":21581,"n":"Burger Isla Délice  Halal  - x10 800g","p":9.9,"u":"12,38 €/KG","img":"https://fd13-photos.leclercdrive.fr/image.ashx?id=1587519&use=l&cat=p&typeid=i","cat":319778},{"id":21588,"n":"Semoule Floraline 500g","p":2.04,"u":"4,08 €/KG","img":"https://fd13-photos.leclercdrive.fr/image.ashx?id=2968187&use=l&cat=p&typeid=i","cat":284429},{"id":21592,"n":"Filets de cabillaud Findus MSC - x10 - 510g","p":7.51,"u":"14,73 €/KG","img":"https://fd13-photos.leclercdrive.fr/image.ashx?id=2735329&use=l&cat=p&typeid=i","cat":319788},{"id":21609,"n":"Cornichons Extra-Fins MAILLE 220g","p":2.29,"u":"10,41 €/KG","img":"https://fd13-photos.leclercdrive.fr/image.ashx?id=2945823&use=l&cat=p&typeid=i","cat":284458},{"id":21610,"n":"Lotion fraîcheur Inell Tonique - 250ml","p":1.53,"u":"6,12 €/L","img":"https://fd13-photos.leclercdrive.fr/image.ashx?id=2694172&use=l&cat=p&typeid=i","cat":284603},{"id":21611,"n":"Lotion douceur Inell Tonique - 250ml","p":1.52,"u":"6,08 €/L","img":"https://fd13-photos.leclercdrive.fr/image.ashx?id=2707561&use=l&cat=p&typeid=i","cat":284603},{"id":21612,"n":"Liquide vaisselle Eco+ Citron 1L","p":0.7,"u":"0,70 €/L","img":"https://fd13-photos.leclercdrive.fr/image.ashx?id=2874368&use=l&cat=p&typeid=i","cat":284655},{"id":21652,"n":"Biscuits P'tit Déli Galettes Suédoise chocolat 150g","p":2.38,"u":"15,87 €/KG","img":"https://fd13-photos.leclercdrive.fr/image.ashx?id=1951046&use=l&cat=p&typeid=i","cat":284490},{"id":21655,"n":"Boîtes chiens Lydog Mitonnées Agneau poulet veau - 3x410g","p":3.9,"u":"3,17 €/KG","img":"https://fd13-photos.leclercdrive.fr/image.ashx?id=2710488&use=l&cat=p&typeid=i","cat":288578},{"id":21656,"n":"Boîte chiens Lydog Bouchées Boeuf carottes - 1,25kg","p":2.65,"u":"2,12 €/KG","img":"https://fd13-photos.leclercdrive.fr/image.ashx?id=2710491&use=l&cat=p&typeid=i","cat":288578},{"id":21658,"n":"Boîte chiens Lydog Terrines Cabillaud saumon - 1.2kg","p":2.42,"u":"1,95 €/KG","img":"https://fd13-photos.leclercdrive.fr/image.ashx?id=2493667&use=l&cat=p&typeid=i","cat":288578},{"id":21662,"n":"Boîte chiens Lydog Bouchées Poulet légumes - 1,2kg","p":1.98,"u":"1,65 €/KG","img":"https://fd13-photos.leclercdrive.fr/image.ashx?id=2548100&use=l&cat=p&typeid=i","cat":288578},{"id":21663,"n":"Bouchées au poulet foie et  aux carottes Lydog - 1.23kg","p":2.39,"u":"1,94 €/KG","img":"https://fd13-photos.leclercdrive.fr/image.ashx?id=2691225&use=l&cat=p&typeid=i","cat":288578},{"id":21685,"n":"Nuggets de poulet Côté Croc x20 - 400g","p":3.0,"u":"7,50 €/KG","img":"https://fd13-photos.leclercdrive.fr/image.ashx?id=2837045&use=l&cat=p&typeid=i","cat":333684},{"id":21686,"n":"Saucisson sec Saint Azay Spécialité 200g","p":2.99,"u":"14,95 €/KG","img":"https://fd13-photos.leclercdrive.fr/image.ashx?id=2472053&use=l&cat=p&typeid=i","cat":316006},{"id":21687,"n":"Fromage Cheddar Burger Les Croisés 10 Tranches - 200g","p":1.25,"u":"6,25 €/KG","img":"https://fd13-photos.leclercdrive.fr/image.ashx?id=2946835&use=l&cat=p&typeid=i","cat":314028},{"id":21693,"n":"Picodon NRT AOP  Fromage de chèvre - 2x60g","p":3.56,"u":"29,67 €/KG","img":"https://fd13-photos.leclercdrive.fr/image.ashx?id=2590931&use=l&cat=p&typeid=i","cat":314031},{"id":21697,"n":"Fromage Raclette Savoie NRT  IGP - 400g","p":6.05,"u":"15,13 €/KG","img":"https://fd13-photos.leclercdrive.fr/image.ashx?id=1937939&use=l&cat=p&typeid=i","cat":314037},{"id":21699,"n":"Crème fraîche Eco  Epaisse - 30% MG - 50cl","p":1.89,"u":"3,78 €/L","img":"https://fd13-photos.leclercdrive.fr/image.ashx?id=2981445&use=l&cat=p&typeid=i","cat":284381},{"id":21702,"n":"Haricots verts Eco+ Très fins - 1kg","p":1.39,"u":"1,39 €/KG","img":"https://fd13-photos.leclercdrive.fr/image.ashx?id=2847934&use=l&cat=p&typeid=i","cat":319805},{"id":21703,"n":"Fromage frais Eco+ Nature 20%MG - 1kg","p":1.79,"u":"1,79 €/KG","img":"https://fd13-photos.leclercdrive.fr/image.ashx?id=2699919&use=l&cat=p&typeid=i","cat":284409},{"id":21711,"n":"Brandade de morue Pêcheries Basques parmentière - 900g","p":6.72,"u":"7,47 €/KG","img":"https://fd13-photos.leclercdrive.fr/image.ashx?id=2608259&use=l&cat=p&typeid=i","cat":285094},{"id":21877,"n":"Purée surgelée Pom'lisse Pommes de terre 750g","p":2.04,"u":"2,72 €/KG","img":"https://fd13-photos.leclercdrive.fr/image.ashx?id=2759777&use=l&cat=p&typeid=i","cat":319793},{"id":22033,"n":"Gin Brighton's London Dry 37.5%vol - 70cl","p":9.99,"u":"14,27 €/L","img":"https://fd13-photos.leclercdrive.fr/image.ashx?id=2907183&use=l&cat=p&typeid=i","cat":284550},{"id":22065,"n":"Filets de maquereaux Saupiquet A la moutarde - 3x169g","p":5.99,"u":"11,81 €/KG","img":"https://fd13-photos.leclercdrive.fr/image.ashx?id=2826972&use=l&cat=p&typeid=i","cat":303868},{"id":22066,"n":"Filets de maquereaux Saupiquet Tomate basilic - 3x169g","p":5.99,"u":"11,81 €/KG","img":"https://fd13-photos.leclercdrive.fr/image.ashx?id=2826975&use=l&cat=p&typeid=i","cat":303868},{"id":22087,"n":"Sucettes Chupa Chups Mini Assortiment x30 180g","p":2.03,"u":"11,28 €/KG","img":"https://fd13-photos.leclercdrive.fr/image.ashx?id=2647606&use=l&cat=p&typeid=i","cat":304250},{"id":22112,"n":"Vodka Sobieski 37.5%vol - 70cl","p":11.13,"u":"15,90 €/L","img":"https://fd13-photos.leclercdrive.fr/image.ashx?id=2948474&use=l&cat=p&typeid=i","cat":284550},{"id":22114,"n":"Thon Pêche Océan Mayonnaise - 2x135g","p":1.78,"u":"6,59 €/KG","img":"https://fd13-photos.leclercdrive.fr/image.ashx?id=2943650&use=l&cat=p&typeid=i","cat":303867},{"id":22116,"n":"Pain de mie complet Epi d'Or Grandes tranches - 550g","p":1.22,"u":"2,22 €/KG","img":"https://fd13-photos.leclercdrive.fr/image.ashx?id=2861292&use=l&cat=p&typeid=i","cat":284477},{"id":22117,"n":"Pain de mie complet Epi d'Or Grandes tranches - 825g","p":1.78,"u":"2,16 €/KG","img":"https://fd13-photos.leclercdrive.fr/image.ashx?id=2860736&use=l&cat=p&typeid=i","cat":284477},{"id":22140,"n":"Crème anglaise Délisse 3x20cl","p":2.65,"u":"4,42 €/L","img":"https://fd13-photos.leclercdrive.fr/image.ashx?id=3002590&use=l&cat=p&typeid=i","cat":284382},{"id":22141,"n":"Riz Basmati Comptoir du grain Sélection Riz long - 5x90g","p":1.81,"u":"4,02 €/KG","img":"https://fd13-photos.leclercdrive.fr/image.ashx?id=2076685&use=l&cat=p&typeid=i","cat":284428},{"id":22207,"n":"Blanc de Poulet Tradilège -25% de sel - 4 Tranches - 160g","p":1.92,"u":"12,00 €/KG","img":"https://fd13-photos.leclercdrive.fr/image.ashx?id=2930760&use=l&cat=p&typeid=i","cat":316010},{"id":22208,"n":"Lait écrémé Bio Bio Village UHT - Bouteille : 6x1L","p":6.6,"u":"1,10 €/L","img":"https://fd13-photos.leclercdrive.fr/image.ashx?id=2970012&use=l&cat=p&typeid=i","cat":284949},{"id":22209,"n":"Lait entier UHT Bio Bio village Bouteille - 6x1L","p":8.94,"u":"1,49 €/L","img":"https://fd13-photos.leclercdrive.fr/image.ashx?id=2970021&use=l&cat=p&typeid=i","cat":285610},{"id":22212,"n":"Vin de l'Union Européenne rouge Vieux Papes - BIB 5L","p":10.42,"u":"2,08 €/L","img":"https://fd13-photos.leclercdrive.fr/image.ashx?id=2136139&use=l&cat=p&typeid=i","cat":289556},{"id":22373,"n":"Carré pour la vaisselle Mamison x5","p":1.35,"img":"https://fd13-photos.leclercdrive.fr/image.ashx?id=2622010&use=l&cat=p&typeid=i","cat":284667},{"id":22388,"n":"IGP Ile de Beauté vin rosé Terres Ocrées 11.5%vol - BIB 3L","p":12.99,"u":"4,33 €/L","img":"https://fd13-photos.leclercdrive.fr/image.ashx?id=2863036&use=l&cat=p&typeid=i","cat":289560},{"id":22477,"n":"Pignons de pin Couleurs Vives 125g","p":5.99,"u":"47,92 €/KG","img":"https://fd13-photos.leclercdrive.fr/image.ashx?id=2617201&use=l&cat=p&typeid=i","cat":284357},{"id":22487,"n":"IGP Pays d'Oc rosé Roche Mazet Grenache Cinsault - BIB 3L","p":10.6,"u":"3,53 €/L","img":"https://fd13-photos.leclercdrive.fr/image.ashx?id=2597118&use=l&cat=p&typeid=i","cat":289560},{"id":22488,"n":"IGP Pays d'Oc rouge Roche Mazet Cabernet Sauvignon 12.5% BIB 3L","p":10.6,"u":"3,53 €/L","img":"https://fd13-photos.leclercdrive.fr/image.ashx?id=2597121&use=l&cat=p&typeid=i","cat":289560},{"id":22489,"n":"IGP Pays d'oc blancRoche Mazet Sauvignon - BIB 3L","p":10.6,"u":"3,53 €/L","img":"https://fd13-photos.leclercdrive.fr/image.ashx?id=2597124&use=l&cat=p&typeid=i","cat":289557},{"id":22506,"n":"Yaourts aromatisés Délisse 4 saveurs - 8x125g","p":2.79,"u":"2,79 €/KG","img":"https://fd13-photos.leclercdrive.fr/image.ashx?id=2134527&use=l&cat=p&typeid=i","cat":286006},{"id":22515,"n":"Boisson énergisante X-tense Canette - 6x25cl","p":2.34,"u":"1,56 €/L","img":"https://fd13-photos.leclercdrive.fr/image.ashx?id=2956062&use=l&cat=p&typeid=i","cat":284533},{"id":22530,"n":"AOC Médoc vin rouge Chantet Blanet - BIB 3L","p":14.99,"u":"5,00 €/L","img":"https://fd13-photos.leclercdrive.fr/image.ashx?id=1792444&use=l&cat=p&typeid=i","cat":289560},{"id":22584,"n":"AOC Bergerac vin rosé Terrasses d'Autan - BIB 3L","p":9.89,"u":"3,30 €/L","img":"https://fd13-photos.leclercdrive.fr/image.ashx?id=2709659&use=l&cat=p&typeid=i","cat":289560},{"id":22588,"n":"IGP Pays d'Oc Chardonnay Blanc Vieux Carion 12% vol BIB 3L","p":8.99,"u":"3,00 €/L","img":"https://fd13-photos.leclercdrive.fr/image.ashx?id=2591397&use=l&cat=p&typeid=i","cat":289560},{"id":22596,"n":"IGP Pays d'Oc Merlot vin rouge Vieux Carion - 4x25 cl","p":4.75,"u":"4,75 €/L","img":"https://fd13-photos.leclercdrive.fr/image.ashx?id=2824751&use=l&cat=p&typeid=i","cat":289556},{"id":22621,"n":"AOC Côtes du Rhône vin rosé Grégoire XI - 75 cl","p":2.99,"u":"3,99 €/L","img":"https://fd13-photos.leclercdrive.fr/image.ashx?id=2588929&use=l&cat=p&typeid=i","cat":289558},{"id":22653,"n":"Crème entière fluide UHT Bio Bio Village 30% MG - 25cl","p":1.85,"u":"7,40 €/L","img":"https://fd13-photos.leclercdrive.fr/image.ashx?id=2801795&use=l&cat=p&typeid=i","cat":284381},{"id":22658,"n":"Fromage râpé fondue NRT Savoyarde - 400g","p":6.94,"u":"17,35 €/KG","img":"https://fd13-photos.leclercdrive.fr/image.ashx?id=1079652&use=l&cat=p&typeid=i","cat":314037},{"id":22659,"n":"Cancoillotte nature NRT IGP 250g","p":1.97,"u":"7,88 €/KG","img":"https://fd13-photos.leclercdrive.fr/image.ashx?id=2663845&use=l&cat=p&typeid=i","cat":314037},{"id":22660,"n":"Cancoillotte à l'ail NRT IGP 250g","p":1.97,"u":"7,88 €/KG","img":"https://fd13-photos.leclercdrive.fr/image.ashx?id=2663848&use=l&cat=p&typeid=i","cat":314037},{"id":22663,"n":"Taboulé Bonduelle A la menthe - 500g","p":2.35,"u":"4,70 €/KG","img":"https://fd13-photos.leclercdrive.fr/image.ashx?id=2902657&use=l&cat=p&typeid=i","cat":333657},{"id":22689,"n":"Confiture extra bio Bio Village Fraises - 370g","p":1.79,"u":"4,84 €/KG","img":"https://fd13-photos.leclercdrive.fr/image.ashx?id=2965626&use=l&cat=p&typeid=i","cat":284480},{"id":22690,"n":"Confiture extra bio Bio Village Abricots - 370g","p":1.79,"u":"4,84 €/KG","img":"https://fd13-photos.leclercdrive.fr/image.ashx?id=2965629&use=l&cat=p&typeid=i","cat":284480},{"id":22754,"n":"Bière blonde Leffe 6,6% - format promo 24x25cl","p":13.99,"u":"2,33 €/L","img":"https://fd13-photos.leclercdrive.fr/image.ashx?id=2111076&use=l&cat=p&typeid=i","cat":334852},{"id":22803,"n":"Brioche tranchée Epi d'Or Nature - 700g","p":2.22,"u":"3,17 €/KG","img":"https://fd13-photos.leclercdrive.fr/image.ashx?id=2860733&use=l&cat=p&typeid=i","cat":284478},{"id":22804,"n":"Boisson végétale Bio Village Soja nature bio - 1l","p":0.88,"u":"0,88 €/L","img":"https://fd13-photos.leclercdrive.fr/image.ashx?id=2372350&use=l&cat=p&typeid=i","cat":316067},{"id":22805,"n":"Boisson végétale Bio Village Soja vanille bio - 1l","p":1.42,"u":"1,42 €/L","img":"https://fd13-photos.leclercdrive.fr/image.ashx?id=2357707&use=l&cat=p&typeid=i","cat":316067},{"id":22894,"n":"Nettoyant spray Clair Ultra dégraissant - 750ml","p":1.18,"u":"1,57 €/L","img":"https://fd13-photos.leclercdrive.fr/image.ashx?id=2840386&use=l&cat=p&typeid=i","cat":325357},{"id":22906,"n":"Gel à raser Carré Homme Sensitive - 75ml","p":1.16,"u":"15,47 €/L","img":"https://fd13-photos.leclercdrive.fr/image.ashx?id=2762952&use=l&cat=p&typeid=i","cat":284617},{"id":22911,"n":"Gants de ménage Mamison Taille S 1 paire","p":1.01,"img":"https://fd13-photos.leclercdrive.fr/image.ashx?id=2635676&use=l&cat=p&typeid=i","cat":284668},{"id":22913,"n":"Gel désinfectant mains Primoplast - 75ml","p":0.96,"u":"12,80 €/L","img":"https://fd13-photos.leclercdrive.fr/image.ashx?id=2856489&use=l&cat=p&typeid=i","cat":284630},{"id":22960,"n":"Gants de ménage Mamison Taille M 1 paire","p":1.01,"img":"https://fd13-photos.leclercdrive.fr/image.ashx?id=2635679&use=l&cat=p&typeid=i","cat":284668},{"id":22975,"n":"Crème visage hydrante  Inell Peau normale - 50ml","p":1.96,"u":"39,20 €/L","img":"https://fd13-photos.leclercdrive.fr/image.ashx?id=2691634&use=l&cat=p&typeid=i","cat":325345},{"id":22976,"n":"Crème visage nourrissante Inell Peau sèche - 50ml","p":1.96,"u":"39,20 €/L","img":"https://fd13-photos.leclercdrive.fr/image.ashx?id=2771124&use=l&cat=p&typeid=i","cat":325345},{"id":23031,"n":"Biscottes Heudebert  Céréales complètes - 280g","p":1.76,"u":"6,29 €/KG","img":"https://fd13-photos.leclercdrive.fr/image.ashx?id=2498371&use=l&cat=p&typeid=i","cat":284479},{"id":23040,"n":"Café moulu Méo L'original Bio - 500g","p":8.73,"u":"17,46 €/KG","img":"https://fd13-photos.leclercdrive.fr/image.ashx?id=2571287&use=l&cat=p&typeid=i","cat":284750},{"id":23123,"n":"Fromage enfant Ficello Nature à effilocher x4 -84g","p":2.03,"u":"24,17 €/KG","img":"https://fd13-photos.leclercdrive.fr/image.ashx?id=2375373&use=l&cat=p&typeid=i","cat":314030},{"id":23133,"n":"Pâte brisée Tablier Blanc Epaisse - 280g","p":1.65,"u":"5,89 €/KG","img":"https://fd13-photos.leclercdrive.fr/image.ashx?id=2635913&use=l&cat=p&typeid=i","cat":333681},{"id":23147,"n":"AOP Crémant de Loire  Ackerman Vin blanc brut - 75cl","p":6.65,"u":"8,87 €/L","img":"https://fd13-photos.leclercdrive.fr/image.ashx?id=2928426&use=l&cat=p&typeid=i","cat":284545},{"id":23154,"n":"AOP Crémant Wolfberger Demi-sec d'Alsace - 75cl","p":7.6,"u":"10,13 €/L","img":"https://fd13-photos.leclercdrive.fr/image.ashx?id=2764197&use=l&cat=p&typeid=i","cat":284545},{"id":23157,"n":"AOP Champagne Brut Nicolas Feuillatte - 75cl","p":26.95,"u":"35,93 €/L","img":"https://fd13-photos.leclercdrive.fr/image.ashx?id=2962791&use=l&cat=p&typeid=i","cat":284542},{"id":23158,"n":"AOC Crémant de Bourgogne  Veuve Ambal Brut - 75cl","p":7.99,"pp":5.99,"u":"7,99 €/L","img":"https://fd13-photos.leclercdrive.fr/image.ashx?id=1737205&use=l&cat=p&typeid=i","cat":284545},{"id":23168,"n":"Beurre léger Les Croisés Doux - 40% MG - 250g","p":1.75,"u":"7,00 €/KG","img":"https://fd13-photos.leclercdrive.fr/image.ashx?id=2839909&use=l&cat=p&typeid=i","cat":284379},{"id":23176,"n":"Pur jus de tomate Bio Village Bio - 1L","p":2.77,"u":"2,77 €/L","img":"https://fd13-photos.leclercdrive.fr/image.ashx?id=2954115&use=l&cat=p&typeid=i","cat":284523},{"id":23177,"n":"Pur jus Bio Village Bio Carotte - 1L","p":2.87,"u":"2,87 €/L","img":"https://fd13-photos.leclercdrive.fr/image.ashx?id=2901533&use=l&cat=p&typeid=i","cat":284523},{"id":23179,"n":"Pur jus 7 fruits Bio Village Bio - 1L","p":2.78,"u":"2,78 €/L","img":"https://fd13-photos.leclercdrive.fr/image.ashx?id=2901530&use=l&cat=p&typeid=i","cat":284917},{"id":23180,"n":"Rasoirs jetables Carré Homme 3 lames - x4","p":2.65,"img":"https://fd13-photos.leclercdrive.fr/image.ashx?id=2704666&use=l&cat=p&typeid=i","cat":284616},{"id":23181,"n":"Lames de rasoir Carré Homme 5 lames - x4","p":4.94,"img":"https://fd13-photos.leclercdrive.fr/image.ashx?id=2704663&use=l&cat=p&typeid=i","cat":284616},{"id":23188,"n":"Tomato Ketchup Heinz - 250g","p":1.12,"u":"4,48 €/KG","img":"https://fd13-photos.leclercdrive.fr/image.ashx?id=2943801&use=l&cat=p&typeid=i","cat":284455},{"id":23212,"n":"Compote Douceur du Verger Coupelle pomme framboise-4x100g","p":1.63,"u":"4,08 €/KG","img":"https://fd13-photos.leclercdrive.fr/image.ashx?id=2663494&use=l&cat=p&typeid=i","cat":284508},{"id":23219,"n":"Sauce Pesto Turini Basilic - 185g","p":1.3,"u":"7,03 €/KG","img":"https://fd13-photos.leclercdrive.fr/image.ashx?id=2546248&use=l&cat=p&typeid=i","cat":287599},{"id":23220,"n":"Chips Pom'Lisse Légumes - 100g","p":1.99,"u":"19,90 €/KG","img":"https://fd13-photos.leclercdrive.fr/image.ashx?id=2919610&use=l&cat=p&typeid=i","cat":284447},{"id":23225,"n":"Compote bio Bio Village Coupelle pomme fraise - 4x100g","p":2.22,"u":"5,55 €/KG","img":"https://fd13-photos.leclercdrive.fr/image.ashx?id=2475179&use=l&cat=p&typeid=i","cat":284508},{"id":23227,"n":"Chips Bio Village Bio - Nature - 125g","p":1.99,"u":"15,92 €/KG","img":"https://fd13-photos.leclercdrive.fr/image.ashx?id=2743834&use=l&cat=p&typeid=i","cat":284447},{"id":23228,"n":"Chips paysannes Bio Village Nature bio - 125g","p":1.99,"u":"15,92 €/KG","img":"https://fd13-photos.leclercdrive.fr/image.ashx?id=2770301&use=l&cat=p&typeid=i","cat":284447},{"id":23244,"n":"Désodorisant frigo Bien Air Sans parfum 40g","p":1.83,"u":"45,75 €/KG","img":"https://fd13-photos.leclercdrive.fr/image.ashx?id=2287737&use=l&cat=p&typeid=i","cat":311628},{"id":23248,"n":"Tampons Doulys Compact Mini - x20","p":2.86,"u":"0,14 €/P","img":"https://fd13-photos.leclercdrive.fr/image.ashx?id=2965497&use=l&cat=p&typeid=i","cat":284626},{"id":23254,"n":"Baume après-rasage Carré Homme Apaisant px sensibles 100ml","p":2.69,"u":"26,90 €/L","img":"https://fd13-photos.leclercdrive.fr/image.ashx?id=2854234&use=l&cat=p&typeid=i","cat":288147},{"id":23255,"n":"Déodorant Carré Homme Vétiver longue durée 200ml","p":1.35,"u":"6,75 €/L","img":"https://fd13-photos.leclercdrive.fr/image.ashx?id=2375992&use=l&cat=p&typeid=i","cat":284618},{"id":23268,"n":"Vin mousseux de France rosé  Muscador Doux 11.5%vol. - 75cl","p":2.71,"u":"3,61 €/L","img":"https://fd13-photos.leclercdrive.fr/image.ashx?id=2157055&use=l&cat=p&typeid=i","cat":284544},{"id":23271,"n":"Vin mousseux de France blanc Muscador doux 11.5% Vol 75cl","p":2.67,"u":"3,56 €/L","img":"https://fd13-photos.leclercdrive.fr/image.ashx?id=2157052&use=l&cat=p&typeid=i","cat":284544},{"id":23304,"n":"Feuilletés paniers Côté Table Saumon - 4x100g","p":4.45,"u":"11,13 €/KG","img":"https://fd13-photos.leclercdrive.fr/image.ashx?id=2549400&use=l&cat=p&typeid=i","cat":319776},{"id":23363,"n":"Lait bébé poudre Nidal Nestlé 1er âge - 0-6 mois - 800g","p":12.94,"u":"16,18 €/KG","img":"https://fd13-photos.leclercdrive.fr/image.ashx?id=2811638&use=l&cat=p&typeid=i","cat":284726},{"id":23365,"n":"Lait bébé 2A NIDAL GEST  6-12 mois - 800g","p":12.25,"u":"15,31 €/KG","img":"https://fd13-photos.leclercdrive.fr/image.ashx?id=2890799&use=l&cat=p&typeid=i","cat":284727},{"id":23371,"n":"Mozzarella Maxi Les Croisés - 250g","p":1.86,"u":"7,44 €/KG","img":"https://fd13-photos.leclercdrive.fr/image.ashx?id=2133617&use=l&cat=p&typeid=i","cat":314026},{"id":23372,"n":"Ricotta Les Croisés - 250g","p":1.29,"u":"5,16 €/KG","img":"https://fd13-photos.leclercdrive.fr/image.ashx?id=2133294&use=l&cat=p&typeid=i","cat":314026},{"id":23387,"n":"Gâteaux St Michel Savaroises Chocolat 8 sachets 220g","p":1.95,"u":"8,86 €/KG","img":"https://fd13-photos.leclercdrive.fr/image.ashx?id=2935693&use=l&cat=p&typeid=i","cat":284495},{"id":23411,"n":"Petits pains grillés Epi d'Or Froment - 400g","p":1.39,"u":"3,48 €/KG","img":"https://fd13-photos.leclercdrive.fr/image.ashx?id=2496413&use=l&cat=p&typeid=i","cat":284479},{"id":23412,"n":"Vermicelles Tables du Monde Haricot mungo - 100g","p":1.23,"u":"12,30 €/KG","img":"https://fd13-photos.leclercdrive.fr/image.ashx?id=2679723&use=l&cat=p&typeid=i","cat":288992},{"id":23430,"n":"Croquettes chat Tous mes amis Lapin/volailles - 2kg","p":3.99,"u":"2,00 €/KG","img":"https://fd13-photos.leclercdrive.fr/image.ashx?id=2301605&use=l&cat=p&typeid=i","cat":284680},{"id":23434,"n":"Cacahuètes Tokapi Sans sel ajouté - 200g","p":0.76,"u":"3,80 €/KG","img":"https://fd13-photos.leclercdrive.fr/image.ashx?id=2858833&use=l&cat=p&typeid=i","cat":284448},{"id":23437,"n":"Maïs Notre Jardin Croquant - 285g","p":0.85,"u":"2,98 €/KG","img":"https://fd13-photos.leclercdrive.fr/image.ashx?id=1993188&use=l&cat=p&typeid=i","cat":312611},{"id":23439,"n":"Crème dessert Délisse Choco Billes bicompartiment 4x117g","p":1.99,"u":"4,25 €/KG","img":"https://fd13-photos.leclercdrive.fr/image.ashx?id=2965482&use=l&cat=p&typeid=i","cat":285041},{"id":23440,"n":"Boeuf bourguignon Côté Table 400g","p":2.95,"u":"7,38 €/KG","img":"https://fd13-photos.leclercdrive.fr/image.ashx?id=2977867&use=l&cat=p&typeid=i","cat":284441},{"id":23444,"n":"Quenelles Côté Table volaille Au naturel 255g","p":1.37,"u":"5,37 €/KG","img":"https://fd13-photos.leclercdrive.fr/image.ashx?id=2977870&use=l&cat=p&typeid=i","cat":284441},{"id":23450,"n":"Yaourts aux fruits Délisse Fruits rouges - 8x125g","p":2.29,"u":"2,29 €/KG","img":"https://fd13-photos.leclercdrive.fr/image.ashx?id=2616736&use=l&cat=p&typeid=i","cat":284410},{"id":23459,"n":"Sauce Béchamel Rustica Déshydratée - 60g","p":0.49,"u":"8,17 €/KG","img":"https://fd13-photos.leclercdrive.fr/image.ashx?id=2188838&use=l&cat=p&typeid=i","cat":288381},{"id":23485,"n":"Terrines de st Jacques Guyader 120g","p":3.28,"u":"27,33 €/KG","img":"https://fd13-photos.leclercdrive.fr/image.ashx?id=2504725&use=l&cat=p&typeid=i","cat":285191},{"id":23486,"n":"Terrines saumon Guyader 120g","p":3.05,"u":"25,42 €/KG","img":"https://fd13-photos.leclercdrive.fr/image.ashx?id=2504722&use=l&cat=p&typeid=i","cat":285191},{"id":23497,"n":"Bonbons Confiséo Acacia menthe eucalyptus 300g","p":2.06,"u":"6,87 €/KG","img":"https://fd13-photos.leclercdrive.fr/image.ashx?id=2934676&use=l&cat=p&typeid=i","cat":304252},{"id":23499,"n":"Huile Bio Village mélange 4 huiles biologiques - 75 cl","p":3.99,"u":"5,32 €/L","img":"https://fd13-photos.leclercdrive.fr/image.ashx?id=2882349&use=l&cat=p&typeid=i","cat":284453},{"id":23500,"n":"Bouillon de légumes Bio Village Bio - 8x10g","p":1.69,"u":"21,13 €/KG","img":"https://fd13-photos.leclercdrive.fr/image.ashx?id=1943409&use=l&cat=p&typeid=i","cat":288379},{"id":23510,"n":"Carpaccio au Parmesan Férial - 200g","p":4.35,"u":"21,75 €/KG","img":"https://fd13-photos.leclercdrive.fr/image.ashx?id=2881259&use=l&cat=p&typeid=i","cat":284328},{"id":23522,"n":"Bûche de chèvre Les Croisés Format famililal 25%mg 300g","p":2.95,"u":"9,83 €/KG","img":"https://fd13-photos.leclercdrive.fr/image.ashx?id=2949415&use=l&cat=p&typeid=i","cat":314031},{"id":23552,"n":"Lait bébé poudre Nidal Nestlé 2e âge -6-12 mois - 800g","p":10.77,"u":"13,46 €/KG","img":"https://fd13-photos.leclercdrive.fr/image.ashx?id=2805597&use=l&cat=p&typeid=i","cat":284727},{"id":23554,"n":"Vin de l'Union Européenne rosé La Villageoise 12%vol. 1,5L","p":2.77,"u":"1,85 €/L","img":"https://fd13-photos.leclercdrive.fr/image.ashx?id=2104768&use=l&cat=p&typeid=i","cat":289558},{"id":23583,"n":"Crème Fraîche Elle&Vire Epaisse Entière - 30% MG - 33cl","p":1.87,"u":"5,67 €/L","img":"https://fd13-photos.leclercdrive.fr/image.ashx?id=3003333&use=l&cat=p&typeid=i","cat":284381},{"id":23594,"n":"Fromage raclette Les Croisés Saveur vin blanc - 26%mg - 250g","p":2.99,"u":"11,96 €/KG","img":"https://fd13-photos.leclercdrive.fr/image.ashx?id=1990087&use=l&cat=p&typeid=i","cat":314037},{"id":23597,"n":"Fromage raclette Les Croisés Entier 29%mg 350g","p":3.97,"u":"11,34 €/KG","img":"https://fd13-photos.leclercdrive.fr/image.ashx?id=1990084&use=l&cat=p&typeid=i","cat":314037},{"id":23598,"n":"Fromage raclette Les Croisés Sans croûte - 28%mg - 400g","p":3.95,"u":"9,88 €/KG","img":"https://fd13-photos.leclercdrive.fr/image.ashx?id=2791788&use=l&cat=p&typeid=i","cat":314037},{"id":23618,"n":"Couscous Weight Watchers Oriental 300g","p":3.51,"u":"11,70 €/KG","img":"https://fd13-photos.leclercdrive.fr/image.ashx?id=2610915&use=l&cat=p&typeid=i","cat":333665},{"id":23628,"n":"Fond de volaille Rustica 110g","p":2.21,"u":"20,09 €/KG","img":"https://fd13-photos.leclercdrive.fr/image.ashx?id=2140914&use=l&cat=p&typeid=i","cat":288379},{"id":23636,"n":"Bouillon de volaille Rustica Dégraissé - Tablettes 12x10g","p":0.79,"u":"6,58 €/KG","img":"https://fd13-photos.leclercdrive.fr/image.ashx?id=1880033&use=l&cat=p&typeid=i","cat":288379},{"id":23642,"n":"Huile spéciale fondue Rustica Aux aromates - 1L","p":3.45,"u":"3,45 €/L","img":"https://fd13-photos.leclercdrive.fr/image.ashx?id=2546245&use=l&cat=p&typeid=i","cat":284453},{"id":23712,"n":"Saumon fumé Eco+ Atlantique - 200g","p":4.67,"u":"23,35 €/KG","img":"https://fd13-photos.leclercdrive.fr/image.ashx?id=2856733&use=l&cat=p&typeid=i","cat":285188},{"id":23715,"n":"Samoussa Tables du Monde Au boeuf - x4 - 220g","p":3.29,"u":"14,95 €/KG","img":"https://fd13-photos.leclercdrive.fr/image.ashx?id=2807190&use=l&cat=p&typeid=i","cat":333673},{"id":23717,"n":"Nem au poulet Traditions d'Asie Sauce nuoc mam - x4 - 280g","p":2.82,"u":"10,07 €/KG","img":"https://fd13-photos.leclercdrive.fr/image.ashx?id=2985222&use=l&cat=p&typeid=i","cat":333673},{"id":23725,"n":"Liquide vaisselle Eco+ Pomme - 1L","p":0.74,"u":"0,74 €/L","img":"https://fd13-photos.leclercdrive.fr/image.ashx?id=2044543&use=l&cat=p&typeid=i","cat":284655},{"id":23727,"n":"Sacs poubelle 100L Eco+ x10","p":0.76,"u":"0,08 €/P","img":"https://fd13-photos.leclercdrive.fr/image.ashx?id=2793137&use=l&cat=p&typeid=i","cat":285168},{"id":23728,"n":"Huile de tournesol Eco+ 1L","p":1.63,"u":"1,63 €/L","img":"https://fd13-photos.leclercdrive.fr/image.ashx?id=2913636&use=l&cat=p&typeid=i","cat":284453},{"id":23753,"n":"Alcool modifié Primoplast 70° 250ml","p":2.2,"u":"8,80 €/L","img":"https://fd13-photos.leclercdrive.fr/image.ashx?id=2856495&use=l&cat=p&typeid=i","cat":284630},{"id":23754,"n":"Eau oxygénée Primoplast 250ml","p":1.86,"u":"7,44 €/L","img":"https://fd13-photos.leclercdrive.fr/image.ashx?id=2832936&use=l&cat=p&typeid=i","cat":284630},{"id":23759,"n":"Vin de l'Union Européenne La Villageoise  11% Vol. - 1.5L","p":3.64,"u":"2,43 €/L","img":"https://fd13-photos.leclercdrive.fr/image.ashx?id=2153492&use=l&cat=p&typeid=i","cat":289556},{"id":23788,"n":"Pizza Bio Bio Village 3 fromages - 380g","p":3.24,"u":"8,53 €/KG","img":"https://fd13-photos.leclercdrive.fr/image.ashx?id=2946202&use=l&cat=p&typeid=i","cat":284256},{"id":23791,"n":"Tartines craquantes Epi d'Or Au blé complet - 250g","p":1.29,"u":"5,16 €/KG","img":"https://fd13-photos.leclercdrive.fr/image.ashx?id=2843788&use=l&cat=p&typeid=i","cat":284479},{"id":23794,"n":"Pain grillé Epi d'Or Blé complet x24 - 500g","p":1.72,"u":"3,44 €/KG","img":"https://fd13-photos.leclercdrive.fr/image.ashx?id=2680545&use=l&cat=p&typeid=i","cat":284479},{"id":23797,"n":"Lentilles vertes Bio Village Bio 500g","p":2.15,"u":"4,30 €/KG","img":"https://fd13-photos.leclercdrive.fr/image.ashx?id=3002656&use=l&cat=p&typeid=i","cat":284430},{"id":23799,"n":"Riz rond Comptoir du Grain Dessert - 1kg","p":1.94,"u":"1,94 €/KG","img":"https://fd13-photos.leclercdrive.fr/image.ashx?id=1957084&use=l&cat=p&typeid=i","cat":284428},{"id":23827,"n":"Cordon Bleu poulet Père Dodu  Les Bons plans x10 - 1kg","p":6.2,"u":"6,20 €/KG","img":"https://fd13-photos.leclercdrive.fr/image.ashx?id=2971095&use=l&cat=p&typeid=i","cat":333683},{"id":23936,"n":"Fromage blanc jockey Stracciatella - 4x120g","p":2.07,"u":"4,31 €/KG","img":"https://fd13-photos.leclercdrive.fr/image.ashx?id=2280011&use=l&cat=p&typeid=i","cat":314999},{"id":23937,"n":"Boisson aux fruits Oasis Pomme framboise cassis 4x2L","p":10.5,"u":"1,31 €/L","img":"https://fd13-photos.leclercdrive.fr/image.ashx?id=2118734&use=l&cat=p&typeid=i","cat":295018},{"id":23958,"n":"Dentifrice Sanogyl Blancheur et soin 3x75ml","p":5.52,"u":"24,53 €/L","img":"https://fd13-photos.leclercdrive.fr/image.ashx?id=2177995&use=l&cat=p&typeid=i","cat":284612},{"id":23959,"n":"Dentifrice Sanogyl Soin gencives - 3x75ml","p":5.52,"u":"24,53 €/L","img":"https://fd13-photos.leclercdrive.fr/image.ashx?id=2178001&use=l&cat=p&typeid=i","cat":284612},{"id":23963,"n":"Beurre Tendre Les Croisés Demi-sel Allegé - 40% MG - 250g","p":2.25,"u":"9,00 €/KG","img":"https://fd13-photos.leclercdrive.fr/image.ashx?id=2839912&use=l&cat=p&typeid=i","cat":284379},{"id":23968,"n":"Roquefort AOP Les Croisés Tranché 150g","p":2.29,"u":"15,27 €/KG","img":"https://fd13-photos.leclercdrive.fr/image.ashx?id=2676537&use=l&cat=p&typeid=i","cat":314032},{"id":23972,"n":"Fusili Côté Snack Pâtes Bolognaise - 300g","p":1.89,"u":"6,30 €/KG","img":"https://fd13-photos.leclercdrive.fr/image.ashx?id=2650898&use=l&cat=p&typeid=i","cat":334983},{"id":23973,"n":"Fusili Côté Snack Pâtes Carbonara - 300g","p":1.89,"u":"6,30 €/KG","img":"https://fd13-photos.leclercdrive.fr/image.ashx?id=2517682&use=l&cat=p&typeid=i","cat":334983},{"id":24009,"n":"Crackers Tuc Fromage - 100g","p":0.81,"u":"8,10 €/KG","img":"https://fd13-photos.leclercdrive.fr/image.ashx?id=3002291&use=l&cat=p&typeid=i","cat":297000},{"id":24035,"n":"Echalotes semoule Rustica 36g","p":1.29,"u":"35,83 €/KG","img":"https://fd13-photos.leclercdrive.fr/image.ashx?id=2772951&use=l&cat=p&typeid=i","cat":298297},{"id":24047,"n":"Yaourts aromatisés Délisse Vanille - 4x125g","p":1.29,"u":"2,58 €/KG","img":"https://fd13-photos.leclercdrive.fr/image.ashx?id=2134524&use=l&cat=p&typeid=i","cat":286006},{"id":24049,"n":"Pâtée chats Tous mes amis Thon en sauce - 80g","p":0.99,"u":"12,38 €/KG","img":"https://fd13-photos.leclercdrive.fr/image.ashx?id=2450306&use=l&cat=p&typeid=i","cat":285601},{"id":24050,"n":"Pâtée chats Tous mes amis Poulet en sauce - 80g","p":0.99,"u":"12,38 €/KG","img":"https://fd13-photos.leclercdrive.fr/image.ashx?id=2450309&use=l&cat=p&typeid=i","cat":285601},{"id":24051,"n":"Pâtée pour chats Tous mes amis Thon aux crevettes - 80g","p":0.99,"u":"12,38 €/KG","img":"https://fd13-photos.leclercdrive.fr/image.ashx?id=1971897&use=l&cat=p&typeid=i","cat":285601},{"id":24056,"n":"Moutarde de Dijon Rustica Flacon souple - 265g","p":1.31,"u":"4,94 €/KG","img":"https://fd13-photos.leclercdrive.fr/image.ashx?id=2052016&use=l&cat=p&typeid=i","cat":288850},{"id":24081,"n":"Mayonnaise Fins Gourmets MAILLE Bocal - 320g","p":2.49,"u":"7,78 €/KG","img":"https://fd13-photos.leclercdrive.fr/image.ashx?id=2812750&use=l&cat=p&typeid=i","cat":298295},{"id":24083,"n":"Nuggets de Poulet  Père Dodu  x50 - 1kg - Les Bons plans","p":7.26,"u":"7,26 €/KG","img":"https://fd13-photos.leclercdrive.fr/image.ashx?id=2957086&use=l&cat=p&typeid=i","cat":333684},{"id":24094,"n":"Jus de pommes pressées Andros 1,5L","p":3.78,"u":"2,52 €/L","img":"https://fd13-photos.leclercdrive.fr/image.ashx?id=2902981&use=l&cat=p&typeid=i","cat":285435},{"id":24162,"n":"Vinaigre balsamique Bio Village Bio 50cl","p":3.49,"u":"6,98 €/L","img":"https://fd13-photos.leclercdrive.fr/image.ashx?id=2865206&use=l&cat=p&typeid=i","cat":298543},{"id":24163,"n":"Infusion Tiséa Tilleul Citron 25 sachets 34g","p":1.69,"u":"48,29 €/KG","img":"https://fd13-photos.leclercdrive.fr/image.ashx?id=2854240&use=l&cat=p&typeid=i","cat":293234},{"id":24164,"n":"Thé vert Briley 32.5g","p":0.79,"u":"24,69 €/KG","img":"https://fd13-photos.leclercdrive.fr/image.ashx?id=2645939&use=l&cat=p&typeid=i","cat":293233},{"id":24293,"n":"Céréales Extra Kellogg's Chocolat Noir Noisettes - 500g","p":1.7,"u":"3,40 €/KG","img":"https://fd13-photos.leclercdrive.fr/image.ashx?id=2692284&use=l&cat=p&typeid=i","cat":309512},{"id":24294,"n":"Filets de maquereaux Saupiquet Escabèche - 3x169g","p":5.99,"u":"11,81 €/KG","img":"https://fd13-photos.leclercdrive.fr/image.ashx?id=2826978&use=l&cat=p&typeid=i","cat":303868},{"id":24363,"n":"Boisson lactée Délisse Chocolat - 6x20cl","p":2.17,"u":"1,81 €/L","img":"https://fd13-photos.leclercdrive.fr/image.ashx?id=3015245&use=l&cat=p&typeid=i","cat":295246},{"id":24390,"n":"Pétales de blé Eco+ Chocolat - 750g","p":2.03,"u":"2,71 €/KG","img":"https://fd13-photos.leclercdrive.fr/image.ashx?id=2756831&use=l&cat=p&typeid=i","cat":309513},{"id":24403,"n":"Vodka Novotna Pure grain 37.5%vol - 1L","p":14.99,"u":"14,99 €/L","img":"https://fd13-photos.leclercdrive.fr/image.ashx?id=784848&use=l&cat=p&typeid=i","cat":284550},{"id":24410,"n":"Bonbons Copains Copines Tendres fruits - 360 g","p":2.05,"u":"5,69 €/KG","img":"https://fd13-photos.leclercdrive.fr/image.ashx?id=2934694&use=l&cat=p&typeid=i","cat":304250},{"id":24474,"n":"Petites crevettes roses Pêche Océan - 125g","p":2.49,"u":"19,92 €/KG","img":"https://fd13-photos.leclercdrive.fr/image.ashx?id=640385&use=l&cat=p&typeid=i","cat":284343},{"id":24492,"n":"Blanc de poulet Tradilège Doré à la broche - 120g","p":1.39,"u":"11,58 €/KG","img":"https://fd13-photos.leclercdrive.fr/image.ashx?id=2765858&use=l&cat=p&typeid=i","cat":316010},{"id":24495,"n":"Capsules Nescafé Dolce Gusto  Nesquik - x16","p":4.48,"u":"17,50 €/KG","img":"https://fd13-photos.leclercdrive.fr/image.ashx?id=2946634&use=l&cat=p&typeid=i","cat":293239},{"id":24500,"n":"Pain de mie nature Epi d'Or Sans croute - 500g","p":1.39,"u":"2,78 €/KG","img":"https://fd13-photos.leclercdrive.fr/image.ashx?id=2209282&use=l&cat=p&typeid=i","cat":284477},{"id":24659,"n":"Secret de mousse la Laitière Chocolat au lait - 8x59g","p":2.94,"u":"6,23 €/KG","img":"https://fd13-photos.leclercdrive.fr/image.ashx?id=3007984&use=l&cat=p&typeid=i","cat":284417},{"id":24662,"n":"Mozzarella maxi Galbani 250g","p":2.31,"u":"9,24 €/KG","img":"https://fd13-photos.leclercdrive.fr/image.ashx?id=2953392&use=l&cat=p&typeid=i","cat":314026},{"id":24671,"n":"Crème Chantilly Bridelice Légère fouettée 20%mg - 250g","p":2.7,"u":"10,80 €/KG","img":"https://fd13-photos.leclercdrive.fr/image.ashx?id=2939313&use=l&cat=p&typeid=i","cat":284382},{"id":24672,"n":"Lait Matin Léger Lactel Sans lactose écrémé - 6x1l","p":11.81,"u":"1,97 €/L","img":"https://fd13-photos.leclercdrive.fr/image.ashx?id=2883546&use=l&cat=p&typeid=i","cat":317169},{"id":24674,"n":"Dentifrice Dentamyl 2en1 blancheur 75ml","p":1.3,"u":"17,33 €/L","img":"https://fd13-photos.leclercdrive.fr/image.ashx?id=2613834&use=l&cat=p&typeid=i","cat":284612},{"id":24694,"n":"Brosses à dent souple Dentamyl x4","p":0.99,"u":"0,25 €/P","img":"https://fd13-photos.leclercdrive.fr/image.ashx?id=2790946&use=l&cat=p&typeid=i","cat":284614},{"id":24759,"n":"Mini nems Tables du Monde porc x5/poulet x5 +sauce - 220g","p":2.99,"u":"13,59 €/KG","img":"https://fd13-photos.leclercdrive.fr/image.ashx?id=2613276&use=l&cat=p&typeid=i","cat":333673},{"id":24879,"n":"Boisson apéritif Voltano Base de vin Rosato 14.4%vol 1L","p":4.99,"u":"4,99 €/L","img":"https://fd13-photos.leclercdrive.fr/image.ashx?id=3007040&use=l&cat=p&typeid=i","cat":284913},{"id":24886,"n":"Bâtonnets Trium Vanille Spéculoos x4 - 280g","p":3.19,"u":"11,39 €/KG","img":"https://fd13-photos.leclercdrive.fr/image.ashx?id=2920770&use=l&cat=p&typeid=i","cat":284265},{"id":24906,"n":"Mozzarella mini billes  Les Croisés - 150g","p":1.7,"u":"11,33 €/KG","img":"https://fd13-photos.leclercdrive.fr/image.ashx?id=2463468&use=l&cat=p&typeid=i","cat":314026},{"id":24908,"n":"Sacs poubelle 20L Alfapac Ultra résistant Coulissac - x20","p":2.4,"img":"https://fd13-photos.leclercdrive.fr/image.ashx?id=2732356&use=l&cat=p&typeid=i","cat":285168},{"id":24961,"n":"Soin de jour L'Oréal Paris Age Perfect anti-âge - 50ml","p":11.97,"pp":7.9,"u":"158,00 €/L","img":"https://fd13-photos.leclercdrive.fr/image.ashx?id=2868047&use=l&cat=p&typeid=i","cat":325345},{"id":24967,"n":"Fondue Savoyarde RichesMonts  3 fromages - 450g","p":5.76,"u":"12,80 €/KG","img":"https://fd13-photos.leclercdrive.fr/image.ashx?id=2986239&use=l&cat=p&typeid=i","cat":314037},{"id":24968,"n":"Fromage de chèvre Petit Billy 45%mg - 200g","p":2.74,"u":"13,70 €/KG","img":"https://fd13-photos.leclercdrive.fr/image.ashx?id=2543136&use=l&cat=p&typeid=i","cat":314031},{"id":24970,"n":"Crottin de chèvre Rians 23%mg - 2x60g","p":2.85,"u":"23,75 €/KG","img":"https://fd13-photos.leclercdrive.fr/image.ashx?id=2762094&use=l&cat=p&typeid=i","cat":314031},{"id":24972,"n":"Chèvre à dorer Les Croisés x4 - 100g","p":1.77,"u":"17,70 €/KG","img":"https://fd13-photos.leclercdrive.fr/image.ashx?id=2978528&use=l&cat=p&typeid=i","cat":314027},{"id":24977,"n":"Pain hot dog Jacquet x4 -  240g","p":1.67,"u":"6,96 €/KG","img":"https://fd13-photos.leclercdrive.fr/image.ashx?id=2799293&use=l&cat=p&typeid=i","cat":284985},{"id":25005,"n":"Préparation Papillotes Maggi Rôti thym et fines herbes - 30g","p":0.73,"u":"24,33 €/KG","img":"https://fd13-photos.leclercdrive.fr/image.ashx?id=2963964&use=l&cat=p&typeid=i","cat":288380},{"id":25006,"n":"Sauce béchamel Maggi Saveur à l'ancienne sachet -60g","p":0.63,"u":"10,50 €/KG","img":"https://fd13-photos.leclercdrive.fr/image.ashx?id=2697297&use=l&cat=p&typeid=i","cat":288381},{"id":25010,"n":"Barres Chocolatées KINDER Maxi Chocolat au Lait x10 - 210g","p":3.03,"u":"14,43 €/KG","img":"https://fd13-photos.leclercdrive.fr/image.ashx?id=2679609&use=l&cat=p&typeid=i","cat":284498},{"id":25027,"n":"Pots soir bébé bio Babybio Légumes riz - 6 mois - 2x200g","p":2.6,"u":"6,50 €/KG","img":"https://fd13-photos.leclercdrive.fr/image.ashx?id=2833474&use=l&cat=p&typeid=i","cat":312239},{"id":25035,"n":"Salade Menu Fraîcheur Concombre au fromage blanc 300g","p":1.64,"u":"5,47 €/KG","img":"https://fd13-photos.leclercdrive.fr/image.ashx?id=2901443&use=l&cat=p&typeid=i","cat":333657},{"id":25044,"n":"Nettoyant spray Clair Salle de bain - Mousse - 600ml","p":1.99,"u":"3,32 €/L","img":"https://fd13-photos.leclercdrive.fr/image.ashx?id=2856678&use=l&cat=p&typeid=i","cat":325357},{"id":25049,"n":"Lames de rasoir Carré Homme 3 lames - x4","p":3.45,"u":"0,86 €/P","img":"https://fd13-photos.leclercdrive.fr/image.ashx?id=2704624&use=l&cat=p&typeid=i","cat":284616},{"id":25051,"n":"Boulettes de boeuf Férial x30 - 900g","p":7.39,"u":"8,21 €/KG","img":"https://fd13-photos.leclercdrive.fr/image.ashx?id=2966520&use=l&cat=p&typeid=i","cat":319779},{"id":25061,"n":"Cornichons Rustica Vinaigre - 360g","p":1.65,"u":"4,58 €/KG","img":"https://fd13-photos.leclercdrive.fr/image.ashx?id=2799763&use=l&cat=p&typeid=i","cat":284458},{"id":25067,"n":"Oeufs frais De Nos Régions Plein Air - Label Rouge - x12","p":3.58,"u":"0,30 €/P","img":"https://fd13-photos.leclercdrive.fr/image.ashx?id=2969746&use=l&cat=p&typeid=i","cat":284378},{"id":25068,"n":"Oeufs frais De Nos Régions Plein Air - Label rouge - x6","p":1.79,"u":"0,30 €/P","img":"https://fd13-photos.leclercdrive.fr/image.ashx?id=2969731&use=l&cat=p&typeid=i","cat":284378},{"id":25069,"n":"Fromage à Tartiner St Môret  Nature Léger - 9 portions 180g","p":2.5,"u":"13,89 €/KG","img":"https://fd13-photos.leclercdrive.fr/image.ashx?id=2755453&use=l&cat=p&typeid=i","cat":314029},{"id":25072,"n":"Mascarpone Casa Azzurra 500g","p":5.2,"u":"10,40 €/KG","img":"https://fd13-photos.leclercdrive.fr/image.ashx?id=2290269&use=l&cat=p&typeid=i","cat":314026},{"id":25079,"n":"Mozzarella bufala Casa Azzurra Boule - 125g","p":2.15,"u":"17,20 €/KG","img":"https://fd13-photos.leclercdrive.fr/image.ashx?id=2899533&use=l&cat=p&typeid=i","cat":314026},{"id":25080,"n":"Parmigiano Reggiano AOP Les Croisés - 200G","p":4.99,"u":"24,95 €/KG","img":"https://fd13-photos.leclercdrive.fr/image.ashx?id=2903959&use=l&cat=p&typeid=i","cat":314034},{"id":25085,"n":"Lait bio Bio Village Bouteille  Demi-écrémé UHT -  6x50cl","p":5.22,"u":"1,74 €/L","img":"https://fd13-photos.leclercdrive.fr/image.ashx?id=2970003&use=l&cat=p&typeid=i","cat":284377},{"id":25093,"n":"Yaourts brassés Délisse Fruits jaunes - 8x125 g","p":2.28,"u":"2,28 €/KG","img":"https://fd13-photos.leclercdrive.fr/image.ashx?id=2495536&use=l&cat=p&typeid=i","cat":284410},{"id":25095,"n":"Yaourts brassés Délisse Fruits rouges - 8X125g","p":2.27,"u":"2,27 €/KG","img":"https://fd13-photos.leclercdrive.fr/image.ashx?id=2494217&use=l&cat=p&typeid=i","cat":284410},{"id":25124,"n":"Pur jus Multifruits Bio Village Bio - 6x20cl","p":3.11,"u":"2,59 €/L","img":"https://fd13-photos.leclercdrive.fr/image.ashx?id=2843626&use=l&cat=p&typeid=i","cat":284524},{"id":25125,"n":"Pur jus d'orange Bio Village Bio - 6x20cl","p":2.99,"u":"2,49 €/L","img":"https://fd13-photos.leclercdrive.fr/image.ashx?id=2671016&use=l&cat=p&typeid=i","cat":284521},{"id":25153,"n":"Confiture Bonne Maman Abricots - 750g","p":3.41,"u":"4,55 €/KG","img":"https://fd13-photos.leclercdrive.fr/image.ashx?id=2125731&use=l&cat=p&typeid=i","cat":284480},{"id":25171,"n":"Lardons fumés Tradilège Moins 25% de sel 2x75g","p":1.65,"u":"11,00 €/KG","img":"https://fd13-photos.leclercdrive.fr/image.ashx?id=2955267&use=l&cat=p&typeid=i","cat":316011},{"id":25183,"n":"Confiture à l'orange Andros Allégée - 350g","p":1.2,"u":"3,43 €/KG","img":"https://fd13-photos.leclercdrive.fr/image.ashx?id=2398418&use=l&cat=p&typeid=i","cat":284480},{"id":25186,"n":"Confiture pêches Bonne Maman Bocal - 370g","p":1.74,"u":"4,70 €/KG","img":"https://fd13-photos.leclercdrive.fr/image.ashx?id=2482969&use=l&cat=p&typeid=i","cat":284480},{"id":25204,"n":"Petits pois d'aucy  Tendres et fondants - 560g","p":2.15,"u":"3,84 €/KG","img":"https://fd13-photos.leclercdrive.fr/image.ashx?id=2438126&use=l&cat=p&typeid=i","cat":312607},{"id":25205,"n":"Pois carottes D'aucy  Tendres et fondants -530g","p":1.75,"u":"3,30 €/KG","img":"https://fd13-photos.leclercdrive.fr/image.ashx?id=2426367&use=l&cat=p&typeid=i","cat":312607},{"id":25207,"n":"Cornichons Rustica Extra fins - 185g","p":1.28,"u":"6,92 €/KG","img":"https://fd13-photos.leclercdrive.fr/image.ashx?id=2799760&use=l&cat=p&typeid=i","cat":284458},{"id":25283,"n":"Barres céréales Grany Pommes - 125g","p":1.62,"u":"12,96 €/KG","img":"https://fd13-photos.leclercdrive.fr/image.ashx?id=3002093&use=l&cat=p&typeid=i","cat":285869},{"id":25342,"n":"Céréales Trésor Kellogg's Chocolat au lait - 1kg","p":6.59,"u":"6,59 €/KG","img":"https://fd13-photos.leclercdrive.fr/image.ashx?id=2598319&use=l&cat=p&typeid=i","cat":309513},{"id":25343,"n":"Céréales Trésor de Kellogg's Chocolat Noisettes - 1kg","p":6.46,"u":"6,46 €/KG","img":"https://fd13-photos.leclercdrive.fr/image.ashx?id=2598316&use=l&cat=p&typeid=i","cat":309513},{"id":25366,"n":"Tablette de chocolat noir Lindt 90% cacao - 100g","p":2.29,"u":"22,90 €/KG","img":"https://fd13-photos.leclercdrive.fr/image.ashx?id=2689502&use=l&cat=p&typeid=i","cat":284956},{"id":25372,"n":"Tablette chocolat Milka Au lait du pays Alpin - 200g","p":2.65,"u":"13,25 €/KG","img":"https://fd13-photos.leclercdrive.fr/image.ashx?id=2994455&use=l&cat=p&typeid=i","cat":284497},{"id":25375,"n":"Tablette chocolat Milka Chocolat lait/Noisettes - 200g","p":3.52,"u":"17,60 €/KG","img":"https://fd13-photos.leclercdrive.fr/image.ashx?id=2381748&use=l&cat=p&typeid=i","cat":284497},{"id":25407,"n":"Bonbons LUTTI Luttimint Menthe - 250g","p":1.76,"u":"7,04 €/KG","img":"https://fd13-photos.leclercdrive.fr/image.ashx?id=2815019&use=l&cat=p&typeid=i","cat":304252},{"id":25424,"n":"Pâtes Farfalle Panzani 1kg","p":2.06,"u":"2,06 €/KG","img":"https://fd13-photos.leclercdrive.fr/image.ashx?id=2876047&use=l&cat=p&typeid=i","cat":284427},{"id":25425,"n":"Biscuits apéritif Lay's 3D's Goût Cacahuetes - 85g","p":0.85,"u":"10,00 €/KG","img":"https://fd13-photos.leclercdrive.fr/image.ashx?id=2916824&use=l&cat=p&typeid=i","cat":284449},{"id":25426,"n":"Infusion détente Bio Village Bio - x20 - 30g","p":1.79,"u":"59,67 €/KG","img":"https://fd13-photos.leclercdrive.fr/image.ashx?id=2897895&use=l&cat=p&typeid=i","cat":293234},{"id":25445,"n":"Lait poudre Croissance Modilac  De 12 mois à 36 mois - 800g","p":13.34,"u":"16,68 €/KG","img":"https://fd13-photos.leclercdrive.fr/image.ashx?id=2873390&use=l&cat=p&typeid=i","cat":290219},{"id":25446,"n":"Lait croissance Nidal Nestlé Dès 12 mois - 800g","p":9.02,"u":"11,28 €/KG","img":"https://fd13-photos.leclercdrive.fr/image.ashx?id=2806405&use=l&cat=p&typeid=i","cat":290219},{"id":25452,"n":"Sucettes au lait Chupa Chups Sachet - 192g","p":2.38,"u":"12,40 €/KG","img":"https://fd13-photos.leclercdrive.fr/image.ashx?id=2647648&use=l&cat=p&typeid=i","cat":304252},{"id":25465,"n":"Recharge distributeur Canderel Comprimés x600 - 51g","p":5.01,"u":"98,24 €/KG","img":"https://fd13-photos.leclercdrive.fr/image.ashx?id=2811008&use=l&cat=p&typeid=i","cat":324846},{"id":25482,"n":"Soupe liquide Liebig  Cèpes et Bolets - 1L","p":2.62,"u":"2,62 €/L","img":"https://fd13-photos.leclercdrive.fr/image.ashx?id=2766728&use=l&cat=p&typeid=i","cat":284462},{"id":25485,"n":"Miel de fleurs Lune de Miel Spécialités 500g","p":4.32,"u":"8,64 €/KG","img":"https://fd13-photos.leclercdrive.fr/image.ashx?id=2972409&use=l&cat=p&typeid=i","cat":287643},{"id":25492,"n":"Confiture Bonne Maman Fraise & fraises des bois 370g","p":2.49,"u":"6,73 €/KG","img":"https://fd13-photos.leclercdrive.fr/image.ashx?id=2999841&use=l&cat=p&typeid=i","cat":284480},{"id":25493,"n":"Bouillon Cube Maggi Pot au feu - 180g","p":1.61,"u":"8,94 €/KG","img":"https://fd13-photos.leclercdrive.fr/image.ashx?id=2212315&use=l&cat=p&typeid=i","cat":288379},{"id":25499,"n":"Brosse à dents pro Dentamyl Blancheur x1","p":1.32,"img":"https://fd13-photos.leclercdrive.fr/image.ashx?id=2790916&use=l&cat=p&typeid=i","cat":284614},{"id":25515,"n":"Eau minérale naturelle Vittel 6x1L","p":2.52,"u":"0,42 €/L","img":"https://fd13-photos.leclercdrive.fr/image.ashx?id=2276654&use=l&cat=p&typeid=i","cat":284535},{"id":25516,"n":"Eau de source Cristaline 12x50cl","p":2.4,"u":"0,40 €/L","img":"https://fd13-photos.leclercdrive.fr/image.ashx?id=2872874&use=l&cat=p&typeid=i","cat":284535},{"id":25525,"n":"Boisson aux fruits Oasis Tropical - 4x50cl","p":4.47,"u":"2,24 €/L","img":"https://fd13-photos.leclercdrive.fr/image.ashx?id=3014446&use=l&cat=p&typeid=i","cat":295018},{"id":25527,"n":"Boisson aux fruits Oasis Multifruits - 2L","p":2.39,"u":"1,20 €/L","img":"https://fd13-photos.leclercdrive.fr/image.ashx?id=2688674&use=l&cat=p&typeid=i","cat":295018},{"id":25541,"n":"Soda à l'orange Orangina 6x25cl","p":4.16,"u":"2,77 €/L","img":"https://fd13-photos.leclercdrive.fr/image.ashx?id=2495653&use=l&cat=p&typeid=i","cat":284532},{"id":25550,"n":"Soda Schweppes Indian Tonic Zero - 1,5L","p":1.72,"u":"1,15 €/L","img":"https://fd13-photos.leclercdrive.fr/image.ashx?id=2852393&use=l&cat=p&typeid=i","cat":284531},{"id":25554,"n":"Soda Schweppes Saveur Citron Zero - 1,5L","p":1.7,"u":"1,13 €/L","img":"https://fd13-photos.leclercdrive.fr/image.ashx?id=2852396&use=l&cat=p&typeid=i","cat":284532},{"id":25557,"n":"Soda Schweppes Saveur Pomme - 1,5L","p":1.91,"u":"1,27 €/L","img":"https://fd13-photos.leclercdrive.fr/image.ashx?id=2852411&use=l&cat=p&typeid=i","cat":284532},{"id":25567,"n":"Jus d'orange Jafaden A base de concentré  - 2L","p":3.51,"u":"1,76 €/L","img":"https://fd13-photos.leclercdrive.fr/image.ashx?id=2751892&use=l&cat=p&typeid=i","cat":284521},{"id":25575,"n":"Limonade artisanale Lorina Bouteille - 1L","p":3.06,"u":"3,06 €/L","img":"https://fd13-photos.leclercdrive.fr/image.ashx?id=2735137&use=l&cat=p&typeid=i","cat":284531},{"id":25576,"n":"Limonade Cristal Lorina 1,25L","p":2.3,"u":"1,84 €/L","img":"https://fd13-photos.leclercdrive.fr/image.ashx?id=2575555&use=l&cat=p&typeid=i","cat":284531},{"id":25586,"n":"Apéritif à base de vin Martini Rosato 14,4° - 100cl","p":9.93,"u":"9,93 €/L","img":"https://fd13-photos.leclercdrive.fr/image.ashx?id=2842537&use=l&cat=p&typeid=i","cat":284913},{"id":25587,"n":"Vin mousseux de France Kriter Blanc Brut - 75cl","p":4.85,"u":"6,47 €/L","img":"https://fd13-photos.leclercdrive.fr/image.ashx?id=2840868&use=l&cat=p&typeid=i","cat":284544},{"id":25589,"n":"Nectar Bio Pressade Orange pêche abricot - 1,5L","p":2.61,"u":"1,74 €/L","img":"https://fd13-photos.leclercdrive.fr/image.ashx?id=2732503&use=l&cat=p&typeid=i","cat":284521},{"id":25593,"n":"Boisson aux fruits Capri Sun Multivitaminé - 10x20cl","p":3.5,"u":"1,75 €/L","img":"https://fd13-photos.leclercdrive.fr/image.ashx?id=2447067&use=l&cat=p&typeid=i","cat":295018},{"id":25607,"n":"Eau minérale gazeuse Perrier  Naturelle  - 6x50cl","p":3.52,"u":"1,17 €/L","img":"https://fd13-photos.leclercdrive.fr/image.ashx?id=2493916&use=l&cat=p&typeid=i","cat":284536},{"id":25609,"n":"Saucisses aux lentilles  William Saurin- 840g","p":3.41,"u":"4,06 €/KG","img":"https://fd13-photos.leclercdrive.fr/image.ashx?id=2890070&use=l&cat=p&typeid=i","cat":284441},{"id":25614,"n":"Boisson Citronnade Pulco Citron - 1,5L","p":1.91,"u":"1,27 €/L","img":"https://fd13-photos.leclercdrive.fr/image.ashx?id=2941526&use=l&cat=p&typeid=i","cat":295018},{"id":25615,"n":"Concentré à diluer Pulco Agrumes - 70cl","p":2.83,"u":"4,04 €/L","img":"https://fd13-photos.leclercdrive.fr/image.ashx?id=2687851&use=l&cat=p&typeid=i","cat":295020},{"id":25619,"n":"Pastis Ricard Anisé 45% vol - 1,5L","p":29.86,"u":"19,91 €/L","img":"https://fd13-photos.leclercdrive.fr/image.ashx?id=2839115&use=l&cat=p&typeid=i","cat":284548},{"id":25627,"n":"Sirop Moulin de Valdonne Violette - 70cl","p":2.99,"u":"4,27 €/L","img":"https://fd13-photos.leclercdrive.fr/image.ashx?id=2756918&use=l&cat=p&typeid=i","cat":295020},{"id":25630,"n":"Taboulé Menu Fraîcheur Poulet - 500g","p":2.11,"u":"4,22 €/KG","img":"https://fd13-photos.leclercdrive.fr/image.ashx?id=2901449&use=l&cat=p&typeid=i","cat":333657},{"id":25632,"n":"Vodka Absolut 40% vol - 70cl","p":16.78,"u":"23,97 €/L","img":"https://fd13-photos.leclercdrive.fr/image.ashx?id=2887239&use=l&cat=p&typeid=i","cat":284550},{"id":25642,"n":"Escalope milanaise Coté Table 300g","p":2.38,"u":"7,93 €/KG","img":"https://fd13-photos.leclercdrive.fr/image.ashx?id=2499385&use=l&cat=p&typeid=i","cat":333665},{"id":25663,"n":"Chips à l'ancienne Pom'Lisse Nature - 270g","p":1.85,"u":"6,85 €/KG","img":"https://fd13-photos.leclercdrive.fr/image.ashx?id=2724835&use=l&cat=p&typeid=i","cat":284447},{"id":25669,"n":"Pâtes de fruits rouges NRT   De Provence - 180g","p":3.55,"u":"19,72 €/KG","img":"https://fd13-photos.leclercdrive.fr/image.ashx?id=2771049&use=l&cat=p&typeid=i","cat":284499},{"id":25670,"n":"Pâtes de fruits jaunes NRT De Provence - 180g","p":3.55,"u":"19,72 €/KG","img":"https://fd13-photos.leclercdrive.fr/image.ashx?id=2771052&use=l&cat=p&typeid=i","cat":284499},{"id":25685,"n":"Bouillon Cube Maggi Boeuf - 180g","p":1.6,"u":"8,89 €/KG","img":"https://fd13-photos.leclercdrive.fr/image.ashx?id=2882896&use=l&cat=p&typeid=i","cat":288379},{"id":25686,"n":"Bouillon Cube Maggi Volaille - 180g","p":1.5,"u":"8,33 €/KG","img":"https://fd13-photos.leclercdrive.fr/image.ashx?id=2737003&use=l&cat=p&typeid=i","cat":288379},{"id":25709,"n":"Madeleines Ker Cadélac Extra moelleuses chocolat 600g","p":3.9,"u":"6,50 €/KG","img":"https://fd13-photos.leclercdrive.fr/image.ashx?id=2959934&use=l&cat=p&typeid=i","cat":284492},{"id":25729,"n":"Vinaigrette balsamique Puget Tomate séchée - 33cl","p":2.39,"u":"7,24 €/L","img":"https://fd13-photos.leclercdrive.fr/image.ashx?id=2912143&use=l&cat=p&typeid=i","cat":284456},{"id":25738,"n":"Blanc de poulet Fleury Michon -25% de sel x4 - 160g","p":2.19,"u":"13,69 €/KG","img":"https://fd13-photos.leclercdrive.fr/image.ashx?id=2885974&use=l&cat=p&typeid=i","cat":316010},{"id":25739,"n":"Bûche de chèvre Les Croisés Fondante 22%mg - 180g","p":1.84,"u":"10,22 €/KG","img":"https://fd13-photos.leclercdrive.fr/image.ashx?id=2894725&use=l&cat=p&typeid=i","cat":314031},{"id":25741,"n":"Grana Padano AOP Les Croisés - 200g","p":3.35,"u":"16,75 €/KG","img":"https://fd13-photos.leclercdrive.fr/image.ashx?id=2954088&use=l&cat=p&typeid=i","cat":314034},{"id":25742,"n":"Macédoine Menu Fraîcheur  Légumes - 300g","p":1.59,"u":"5,30 €/KG","img":"https://fd13-photos.leclercdrive.fr/image.ashx?id=2901446&use=l&cat=p&typeid=i","cat":333657},{"id":25743,"n":"Mascarpone Les Croisés - 500g","p":3.08,"u":"6,16 €/KG","img":"https://fd13-photos.leclercdrive.fr/image.ashx?id=2123626&use=l&cat=p&typeid=i","cat":314026},{"id":25744,"n":"Nems au Poulet Tables du Monde  x4  - 280g","p":1.79,"u":"6,39 €/KG","img":"https://fd13-photos.leclercdrive.fr/image.ashx?id=2953338&use=l&cat=p&typeid=i","cat":333673},{"id":25746,"n":"Saucisse de volaille Tradilège  x10 350g","p":1.47,"u":"4,20 €/KG","img":"https://fd13-photos.leclercdrive.fr/image.ashx?id=2625110&use=l&cat=p&typeid=i","cat":316012},{"id":25748,"n":"Hachés au colin d'Alaska Pêche Océan - 200g","p":2.24,"u":"11,20 €/KG","img":"https://fd13-photos.leclercdrive.fr/image.ashx?id=2953623&use=l&cat=p&typeid=i","cat":284344},{"id":25749,"n":"Hachés au saumon Pêche Océan à la ciboulette - 200g","p":2.25,"u":"11,25 €/KG","img":"https://fd13-photos.leclercdrive.fr/image.ashx?id=2953632&use=l&cat=p&typeid=i","cat":284344},{"id":25751,"n":"Barres céréales moelleux Grany Fruits des bois - 192g","p":1.92,"u":"10,00 €/KG","img":"https://fd13-photos.leclercdrive.fr/image.ashx?id=2963916&use=l&cat=p&typeid=i","cat":285869},{"id":25753,"n":"Génoises fourrées Eco+ Framboise - 300g","p":1.9,"u":"6,33 €/KG","img":"https://fd13-photos.leclercdrive.fr/image.ashx?id=2808197&use=l&cat=p&typeid=i","cat":284489},{"id":25759,"n":"Barquettes chats Gourmet Gold Double délice luxe mix - 12x85g","p":5.76,"u":"5,65 €/KG","img":"https://fd13-photos.leclercdrive.fr/image.ashx?id=2857096&use=l&cat=p&typeid=i","cat":285286},{"id":25762,"n":"Bâtonnets Dentastix Pedigree Grand chien x28 - 1080g","p":8.44,"u":"7,81 €/KG","img":"https://fd13-photos.leclercdrive.fr/image.ashx?id=2924776&use=l&cat=p&typeid=i","cat":294527},{"id":25764,"n":"Olives noires Tramier Dénoyautées - 150g","p":1.57,"u":"10,47 €/KG","img":"https://fd13-photos.leclercdrive.fr/image.ashx?id=2840814&use=l&cat=p&typeid=i","cat":284458},{"id":25765,"n":"Céréales Nestlé Mix Chocapic, Lion, Nesquik x6","p":2.12,"u":"11,16 €/KG","img":"https://fd13-photos.leclercdrive.fr/image.ashx?id=2981364&use=l&cat=p&typeid=i","cat":309513},{"id":25779,"n":"Yaourts Lait de chèvre Soignon Nature - 4x125g","p":1.93,"u":"3,86 €/KG","img":"https://fd13-photos.leclercdrive.fr/image.ashx?id=2518250&use=l&cat=p&typeid=i","cat":314998},{"id":25790,"n":"Sucre pure canne Bio Village En morceaux bio - 500g","p":2.09,"u":"4,18 €/KG","img":"https://fd13-photos.leclercdrive.fr/image.ashx?id=3010440&use=l&cat=p&typeid=i","cat":284502},{"id":25793,"n":"AOP Côtes du Rhône rouge Cellier des Dauphins - BIB 3L","p":11.35,"u":"3,78 €/L","img":"https://fd13-photos.leclercdrive.fr/image.ashx?id=2830006&use=l&cat=p&typeid=i","cat":289560},{"id":25805,"n":"Légumes pour pot au feu Panier du Primeur - 1kg","p":2.49,"u":"2,49 €/KG","img":"https://fd13-photos.leclercdrive.fr/image.ashx?id=2958717&use=l&cat=p&typeid=i","cat":284352},{"id":25811,"n":"Salade Coleslaw Menu Fraîcheur  500g","p":1.83,"u":"3,66 €/KG","img":"https://fd13-photos.leclercdrive.fr/image.ashx?id=2645930&use=l&cat=p&typeid=i","cat":333657},{"id":25818,"n":"Émincés de saumon fumé ASC Ronde de mers - 100g","p":4.49,"u":"44,90 €/KG","img":"https://fd13-photos.leclercdrive.fr/image.ashx?id=2953617&use=l&cat=p&typeid=i","cat":285188},{"id":25819,"n":"Feuilletés Jambon Emmental Coté Table - 2x140g","p":2.99,"u":"10,68 €/KG","img":"https://fd13-photos.leclercdrive.fr/image.ashx?id=2846517&use=l&cat=p&typeid=i","cat":333671},{"id":25820,"n":"Flammekueche Coté Table 350g","p":1.88,"u":"5,37 €/KG","img":"https://fd13-photos.leclercdrive.fr/image.ashx?id=2064819&use=l&cat=p&typeid=i","cat":333680},{"id":25822,"n":"Fromage à tartiner Les Croisés Nature - 24%mg - 300g","p":1.84,"u":"6,13 €/KG","img":"https://fd13-photos.leclercdrive.fr/image.ashx?id=1630699&use=l&cat=p&typeid=i","cat":314029},{"id":25825,"n":"Fromage de brebis Les Croisés 210g","p":2.86,"u":"13,62 €/KG","img":"https://fd13-photos.leclercdrive.fr/image.ashx?id=2900112&use=l&cat=p&typeid=i","cat":329184},{"id":25836,"n":"Choucroute garnie  William Saurin - 800g","p":3.95,"u":"4,94 €/KG","img":"https://fd13-photos.leclercdrive.fr/image.ashx?id=2890058&use=l&cat=p&typeid=i","cat":284441},{"id":25839,"n":"Couscous parfumé Tipiak Prêt en 5 min  - 500g","p":2.02,"u":"4,04 €/KG","img":"https://fd13-photos.leclercdrive.fr/image.ashx?id=2946937&use=l&cat=p&typeid=i","cat":284429},{"id":25841,"n":"Couscous Tipiak  Prêt en 1 min 30 s - 500g","p":1.32,"u":"2,64 €/KG","img":"https://fd13-photos.leclercdrive.fr/image.ashx?id=2640431&use=l&cat=p&typeid=i","cat":284429},{"id":25848,"n":"Lait de coco Suzi Wan 500ml","p":2.65,"u":"5,30 €/L","img":"https://fd13-photos.leclercdrive.fr/image.ashx?id=2892934&use=l&cat=p&typeid=i","cat":288992},{"id":25854,"n":"Mignonnettes Côte d'Or Chocolat noir /orange - 24x10g","p":5.6,"u":"23,33 €/KG","img":"https://fd13-photos.leclercdrive.fr/image.ashx?id=3009152&use=l&cat=p&typeid=i","cat":284499},{"id":25855,"n":"Noix d'epaule Tulip Boîte - 340g","p":3.18,"u":"9,35 €/KG","img":"https://fd13-photos.leclercdrive.fr/image.ashx?id=2465598&use=l&cat=p&typeid=i","cat":305149},{"id":25860,"n":"Pain au chocolat La Boulangère Pur beurre - x8 - 400g","p":2.94,"u":"7,35 €/KG","img":"https://fd13-photos.leclercdrive.fr/image.ashx?id=2912182&use=l&cat=p&typeid=i","cat":296366},{"id":25865,"n":"Préparation taboulé Tipiak Menthe citron olive - 350g","p":1.97,"u":"5,63 €/KG","img":"https://fd13-photos.leclercdrive.fr/image.ashx?id=2973862&use=l&cat=p&typeid=i","cat":284429},{"id":25868,"n":"Flocons d'avoine Quaker Oats Classic - 800g","p":2.26,"u":"2,83 €/KG","img":"https://fd13-photos.leclercdrive.fr/image.ashx?id=2344498&use=l&cat=p&typeid=i","cat":309512},{"id":25879,"n":"Bâtonnets Dentastix Pedigree Petit chien x28 - 440g","p":4.79,"u":"10,89 €/KG","img":"https://fd13-photos.leclercdrive.fr/image.ashx?id=2877106&use=l&cat=p&typeid=i","cat":294527},{"id":25889,"n":"Mignonnettes Côte d'Or Chocolat au lait - 24x10g","p":5.66,"u":"23,58 €/KG","img":"https://fd13-photos.leclercdrive.fr/image.ashx?id=3002210&use=l&cat=p&typeid=i","cat":284499},{"id":25947,"n":"Escalope Milanaise Marie 2x300g","p":6.75,"u":"11,25 €/KG","img":"https://fd13-photos.leclercdrive.fr/image.ashx?id=2331813&use=l&cat=p&typeid=i","cat":333665},{"id":26014,"n":"Colin d'Alaska Marie Petites St Jacques Hisseo 900g","p":5.71,"u":"6,34 €/KG","img":"https://fd13-photos.leclercdrive.fr/image.ashx?id=2996758&use=l&cat=p&typeid=i","cat":319786},{"id":26027,"n":"Gel douche Eco  Senteur vanille - 500ml","p":0.65,"u":"1,30 €/L","img":"https://fd13-photos.leclercdrive.fr/image.ashx?id=2079795&use=l&cat=p&typeid=i","cat":284594},{"id":26030,"n":"Masque Inell Film purifiant x2","p":0.99,"img":"https://fd13-photos.leclercdrive.fr/image.ashx?id=2691625&use=l&cat=p&typeid=i","cat":325346},{"id":26035,"n":"Bain de bouche Dentamyl Fraîcheur menthe - 500ml","p":1.89,"u":"3,78 €/L","img":"https://fd13-photos.leclercdrive.fr/image.ashx?id=2526604&use=l&cat=p&typeid=i","cat":284613},{"id":26040,"n":"Recharge savon mains Manava Gel spécial cuisine - 250ml","p":0.66,"u":"2,64 €/L","img":"https://fd13-photos.leclercdrive.fr/image.ashx?id=2935492&use=l&cat=p&typeid=i","cat":284597},{"id":26045,"n":"Activateur biologique Syphon Pour fosses septiques 26sachets","p":6.23,"img":"https://fd13-photos.leclercdrive.fr/image.ashx?id=2558805&use=l&cat=p&typeid=i","cat":284908},{"id":26087,"n":"Fromage blanc sous mousse  gervita nature - 8x100g","p":3.55,"u":"4,44 €/KG","img":"https://fd13-photos.leclercdrive.fr/image.ashx?id=2265768&use=l&cat=p&typeid=i","cat":284409},{"id":26093,"n":"Viande Bovine hachée Socopa  15% - 500g","p":8.1,"u":"16,20 €/KG","img":"https://fd13-photos.leclercdrive.fr/image.ashx?id=2453271&use=l&cat=p&typeid=i","cat":284332},{"id":26098,"n":"Steak haché Férial 15%mg 500g","p":6.99,"u":"13,98 €/KG","img":"https://fd13-photos.leclercdrive.fr/image.ashx?id=2619782&use=l&cat=p&typeid=i","cat":284332},{"id":26111,"n":"5 baies grains Sainte Lucie 250g","p":4.76,"u":"19,04 €/KG","img":"https://fd13-photos.leclercdrive.fr/image.ashx?id=2379703&use=l&cat=p&typeid=i","cat":284457},{"id":26119,"n":"Extrait naturel Sainte Lucie Vanille blister 20ml","p":1.94,"u":"97,00 €/L","img":"https://fd13-photos.leclercdrive.fr/image.ashx?id=2774963&use=l&cat=p&typeid=i","cat":284504},{"id":26122,"n":"Décor anniversaire Sainte Lucie 1 bougie + 10 chiffres + socle","p":4.45,"img":"https://fd13-photos.leclercdrive.fr/image.ashx?id=2774364&use=l&cat=p&typeid=i","cat":284504},{"id":26123,"n":"Décor rond Sainte Lucie Heureux anniversaire blister x1","p":3.81,"img":"https://fd13-photos.leclercdrive.fr/image.ashx?id=2776124&use=l&cat=p&typeid=i","cat":284504},{"id":26126,"n":"Echalote semoule Sainte Lucie Pot 180g","p":4.32,"u":"24,00 €/KG","img":"https://fd13-photos.leclercdrive.fr/image.ashx?id=2553635&use=l&cat=p&typeid=i","cat":298297},{"id":26137,"n":"Piment d'Espelette AOP Sainte Lucie - 50g","p":7.17,"u":"143,40 €/KG","img":"https://fd13-photos.leclercdrive.fr/image.ashx?id=2974342&use=l&cat=p&typeid=i","cat":298297},{"id":26138,"n":"Persillade Sainte Lucie 30g","p":4.59,"u":"153,00 €/KG","img":"https://fd13-photos.leclercdrive.fr/image.ashx?id=2774430&use=l&cat=p&typeid=i","cat":298297},{"id":26142,"n":"Poivre noir moulu Sainte Lucie Saveurs préservées pot 250g","p":9.9,"u":"39,60 €/KG","img":"https://fd13-photos.leclercdrive.fr/image.ashx?id=2553641&use=l&cat=p&typeid=i","cat":284457},{"id":26151,"n":"Sucre Eco+  En poudre - 1kg","p":0.95,"u":"0,95 €/KG","img":"https://fd13-photos.leclercdrive.fr/image.ashx?id=1936599&use=l&cat=p&typeid=i","cat":284502},{"id":26152,"n":"Salade Mexicaine Eco+ Au thon - 280g","p":1.12,"u":"4,00 €/KG","img":"https://fd13-photos.leclercdrive.fr/image.ashx?id=2884201&use=l&cat=p&typeid=i","cat":284437},{"id":26153,"n":"Salade Americaine Eco+ Au thon - 280g","p":1.12,"u":"4,00 €/KG","img":"https://fd13-photos.leclercdrive.fr/image.ashx?id=2873649&use=l&cat=p&typeid=i","cat":284437},{"id":26154,"n":"Salade Niçoise Eco+ Au thon - 280g","p":1.12,"u":"4,00 €/KG","img":"https://fd13-photos.leclercdrive.fr/image.ashx?id=2896012&use=l&cat=p&typeid=i","cat":284437},{"id":26184,"n":"Adoucissant Hyperdou Senteur de provence - 3x250ml","p":1.2,"u":"1,60 €/L","img":"https://fd13-photos.leclercdrive.fr/image.ashx?id=2675685&use=l&cat=p&typeid=i","cat":284650},{"id":26185,"n":"Lingettes désinfectante Sanytol Multi-usage Eucalyptus - x72","p":1.58,"u":"0,03 €/P","img":"https://fd13-photos.leclercdrive.fr/image.ashx?id=2899353&use=l&cat=p&typeid=i","cat":325358},{"id":26220,"n":"Sucre Eco+ Cristal  - 5kg","p":5.02,"u":"1,00 €/KG","img":"https://fd13-photos.leclercdrive.fr/image.ashx?id=3010413&use=l&cat=p&typeid=i","cat":284502},{"id":26258,"n":"Madeleines coquilles P'tit déli Sachet 600g","p":2.39,"u":"3,98 €/KG","img":"https://fd13-photos.leclercdrive.fr/image.ashx?id=2540948&use=l&cat=p&typeid=i","cat":284492},{"id":26271,"n":"Rôti de porc Tradilège 6 tranches VPF 180g","p":2.38,"u":"13,22 €/KG","img":"https://fd13-photos.leclercdrive.fr/image.ashx?id=2675786&use=l&cat=p&typeid=i","cat":316009},{"id":26281,"n":"Mélange malin Ducros Pour plats Mexicains - 40g","p":1.9,"u":"47,50 €/KG","img":"https://fd13-photos.leclercdrive.fr/image.ashx?id=2559445&use=l&cat=p&typeid=i","cat":298297},{"id":26286,"n":"Soupe instantanée Royco  Crème de Champignons - 4x200ml","p":1.42,"u":"23,67 €/KG","img":"https://fd13-photos.leclercdrive.fr/image.ashx?id=2650979&use=l&cat=p&typeid=i","cat":293527},{"id":26287,"n":"Sauce Sacla'Italia Caviar de tomate à l'ail - 190g","p":1.76,"u":"9,26 €/KG","img":"https://fd13-photos.leclercdrive.fr/image.ashx?id=2160225&use=l&cat=p&typeid=i","cat":287599},{"id":26298,"n":"Torsades Lustucru 3min - 500g","p":1.35,"u":"2,70 €/KG","img":"https://fd13-photos.leclercdrive.fr/image.ashx?id=2276099&use=l&cat=p&typeid=i","cat":284427},{"id":26303,"n":"Céréales Corn Flakes Eco+ sucrés - 750g","p":2.13,"u":"2,84 €/KG","img":"https://fd13-photos.leclercdrive.fr/image.ashx?id=2934643&use=l&cat=p&typeid=i","cat":309513},{"id":26308,"n":"Boisson énergisante Red Bull 355ml","p":1.72,"u":"4,85 €/L","img":"https://fd13-photos.leclercdrive.fr/image.ashx?id=3011980&use=l&cat=p&typeid=i","cat":284533},{"id":26309,"n":"Boîte chat Whiskas  Gelée mer & campagne - 8x400g","p":8.89,"u":"2,85 €/KG","img":"https://fd13-photos.leclercdrive.fr/image.ashx?id=2759628&use=l&cat=p&typeid=i","cat":285601},{"id":26310,"n":"Cornichons Kühne Aigre doux - 360g","p":2.29,"u":"6,36 €/KG","img":"https://fd13-photos.leclercdrive.fr/image.ashx?id=2550925&use=l&cat=p&typeid=i","cat":284458},{"id":26316,"n":"Mini-crêpes fourrées Tokapi Bacon - 65g","p":1.9,"u":"29,23 €/KG","img":"https://fd13-photos.leclercdrive.fr/image.ashx?id=2853886&use=l&cat=p&typeid=i","cat":297000},{"id":26320,"n":"Oignons frits snack Kühne Boîte -  100g","p":1.36,"u":"13,60 €/KG","img":"https://fd13-photos.leclercdrive.fr/image.ashx?id=2447079&use=l&cat=p&typeid=i","cat":298297},{"id":26325,"n":"Noisettes Sainte Lucie En poudre 125g","p":3.63,"u":"29,04 €/KG","img":"https://fd13-photos.leclercdrive.fr/image.ashx?id=2122046&use=l&cat=p&typeid=i","cat":284504},{"id":26326,"n":"Arôme naturel café Sainte Lucie 20ml","p":1.31,"u":"65,50 €/L","img":"https://fd13-photos.leclercdrive.fr/image.ashx?id=2414118&use=l&cat=p&typeid=i","cat":284504},{"id":26328,"n":"Arôme amande amère Sainte Lucie Blister - 20ml","p":0.98,"u":"49,00 €/L","img":"https://fd13-photos.leclercdrive.fr/image.ashx?id=2774313&use=l&cat=p&typeid=i","cat":284504},{"id":26329,"n":"Arôme Sainte Lucie Fleur d'oranger flacon 250ml","p":1.48,"u":"5,92 €/L","img":"https://fd13-photos.leclercdrive.fr/image.ashx?id=2774316&use=l&cat=p&typeid=i","cat":284504},{"id":26330,"n":"Amandes California Sainte Lucie Blanches effilées sachet 125g","p":3.43,"u":"27,44 €/KG","img":"https://fd13-photos.leclercdrive.fr/image.ashx?id=2776109&use=l&cat=p&typeid=i","cat":284504},{"id":26337,"n":"Clous de girofle Sainte Lucie 30g","p":3.44,"u":"114,67 €/KG","img":"https://fd13-photos.leclercdrive.fr/image.ashx?id=2774385&use=l&cat=p&typeid=i","cat":298297},{"id":26339,"n":"Cumin moulu Sainte Lucie 40g","p":2.28,"u":"57,00 €/KG","img":"https://fd13-photos.leclercdrive.fr/image.ashx?id=2974315&use=l&cat=p&typeid=i","cat":298297},{"id":26343,"n":"Piment doux Sainte Lucie Moulus - 50g","p":1.3,"u":"26,00 €/KG","img":"https://fd13-photos.leclercdrive.fr/image.ashx?id=2774388&use=l&cat=p&typeid=i","cat":298297},{"id":26351,"n":"Poivre blanc Sainte Lucie En grains étui - 100g","p":5.69,"u":"56,90 €/KG","img":"https://fd13-photos.leclercdrive.fr/image.ashx?id=1892858&use=l&cat=p&typeid=i","cat":284457},{"id":26352,"n":"Poivre blanc moulu Sainte Lucie 100g","p":5.49,"u":"54,90 €/KG","img":"https://fd13-photos.leclercdrive.fr/image.ashx?id=2176782&use=l&cat=p&typeid=i","cat":284457},{"id":26361,"n":"Levure super active Vahiné Spécial pain sachet 6x27.6g","p":1.19,"u":"7,08 €/KG","img":"https://fd13-photos.leclercdrive.fr/image.ashx?id=2606259&use=l&cat=p&typeid=i","cat":294686},{"id":26363,"n":"5 baies Sainte Lucie Flacon - 45g","p":3.44,"u":"76,44 €/KG","img":"https://fd13-photos.leclercdrive.fr/image.ashx?id=2974324&use=l&cat=p&typeid=i","cat":284457},{"id":26364,"n":"Ail semoule Sainte Lucie Pot 320g","p":5.07,"u":"15,84 €/KG","img":"https://fd13-photos.leclercdrive.fr/image.ashx?id=2551096&use=l&cat=p&typeid=i","cat":298297},{"id":26366,"n":"Caramel liquide Sainte Lucie Nature flacon 250ml","p":3.14,"u":"12,56 €/L","img":"https://fd13-photos.leclercdrive.fr/image.ashx?id=2776106&use=l&cat=p&typeid=i","cat":284504},{"id":26369,"n":"Demi feuilles de gélatine  Sainte Lucie","p":1.31,"img":"https://fd13-photos.leclercdrive.fr/image.ashx?id=2859024&use=l&cat=p&typeid=i","cat":284504},{"id":26371,"n":"Macédoine fruits Sainte Lucie Confits 4 couleurs godet 150g","p":3.87,"u":"25,80 €/KG","img":"https://fd13-photos.leclercdrive.fr/image.ashx?id=2774328&use=l&cat=p&typeid=i","cat":284504},{"id":26376,"n":"Pepites de chocolat au lait Vahiné - 100g","p":2.12,"u":"21,20 €/KG","img":"https://fd13-photos.leclercdrive.fr/image.ashx?id=2983243&use=l&cat=p&typeid=i","cat":284504},{"id":26384,"n":"Pépites Vahiné Chocolat noir 200g","p":3.9,"u":"19,50 €/KG","img":"https://fd13-photos.leclercdrive.fr/image.ashx?id=2606265&use=l&cat=p&typeid=i","cat":284504},{"id":26389,"n":"Poivre blanc moulu Sainte Lucie Saveurs preservées flacon 45g","p":2.94,"u":"65,33 €/KG","img":"https://fd13-photos.leclercdrive.fr/image.ashx?id=2414121&use=l&cat=p&typeid=i","cat":284457},{"id":26390,"n":"Poivre noir grains Sainte Lucie Saveurs préservées flacon 50g","p":2.04,"u":"40,80 €/KG","img":"https://fd13-photos.leclercdrive.fr/image.ashx?id=2974327&use=l&cat=p&typeid=i","cat":284457},{"id":26392,"n":"Poivre gris moulu Sainte Lucie Flacon 50g","p":1.64,"u":"32,80 €/KG","img":"https://fd13-photos.leclercdrive.fr/image.ashx?id=2176776&use=l&cat=p&typeid=i","cat":284457},{"id":26393,"n":"Poivre gris moulu Sainte Lucie 95g","p":3.93,"u":"41,37 €/KG","img":"https://fd13-photos.leclercdrive.fr/image.ashx?id=2774445&use=l&cat=p&typeid=i","cat":284457},{"id":26394,"n":"Poivre noir grains Sainte Lucie Etui - 100g","p":3.3,"u":"33,00 €/KG","img":"https://fd13-photos.leclercdrive.fr/image.ashx?id=2774442&use=l&cat=p&typeid=i","cat":284457},{"id":26458,"n":"Armagnac Duc de Borzac VSOP - 40%vol. - 70cl","p":27.12,"u":"38,74 €/L","img":"https://fd13-photos.leclercdrive.fr/image.ashx?id=1648332&use=l&cat=p&typeid=i","cat":286032},{"id":26465,"n":"Steak haché 15% MG Bio Village Bio 2x100g","p":4.19,"u":"20,95 €/KG","img":"https://fd13-photos.leclercdrive.fr/image.ashx?id=2627227&use=l&cat=p&typeid=i","cat":284332},{"id":26483,"n":"Huile d'olive fruitée Cauvin Vierge extra - 75cl","p":8.15,"u":"10,87 €/L","img":"https://fd13-photos.leclercdrive.fr/image.ashx?id=2498350&use=l&cat=p&typeid=i","cat":284453},{"id":26493,"n":"Pizza Merveillosa Turini Mozzarella - 335g","p":2.15,"u":"6,42 €/KG","img":"https://fd13-photos.leclercdrive.fr/image.ashx?id=2816573&use=l&cat=p&typeid=i","cat":284256},{"id":26494,"n":"Pizza Merveillosa Turini Thon - 355g","p":2.26,"u":"6,37 €/KG","img":"https://fd13-photos.leclercdrive.fr/image.ashx?id=2815238&use=l&cat=p&typeid=i","cat":284256},{"id":26512,"n":"Fromage blanc Délisse Fraise 5.5%MG - 500g","p":2.55,"u":"5,10 €/KG","img":"https://fd13-photos.leclercdrive.fr/image.ashx?id=3009514&use=l&cat=p&typeid=i","cat":284409},{"id":26562,"n":"Lait sans lactose Délisse UHT Bouteille -  6x1L","p":7.5,"u":"1,25 €/L","img":"https://fd13-photos.leclercdrive.fr/image.ashx?id=2366292&use=l&cat=p&typeid=i","cat":317169},{"id":26569,"n":"Filet de poulet blanc Le Gaulois 720g","p":10.2,"u":"14,17 €/KG","img":"https://fd13-photos.leclercdrive.fr/image.ashx?id=3003212&use=l&cat=p&typeid=i","cat":284336},{"id":26570,"n":"Filet de poulet jaune Le Gaulois 720g","p":10.15,"u":"14,10 €/KG","img":"https://fd13-photos.leclercdrive.fr/image.ashx?id=3003209&use=l&cat=p&typeid=i","cat":284336},{"id":26586,"n":"Fromage blanc Déli'light Vanille 0%MG - 8x100g","p":2.66,"u":"3,33 €/KG","img":"https://fd13-photos.leclercdrive.fr/image.ashx?id=1084673&use=l&cat=p&typeid=i","cat":315000},{"id":26605,"n":"Sardines Les Dieux Huile d'olive - 115g","p":1.97,"u":"17,13 €/KG","img":"https://fd13-photos.leclercdrive.fr/image.ashx?id=2863356&use=l&cat=p&typeid=i","cat":305146},{"id":26608,"n":"Sardines Label Rouge Les Dieux Huile d'olive vierge extra 115g","p":2.61,"u":"22,70 €/KG","img":"https://fd13-photos.leclercdrive.fr/image.ashx?id=3008224&use=l&cat=p&typeid=i","cat":305146},{"id":26611,"n":"Sel moulu Le Guérandais Tradition - 250g","p":2.0,"u":"8,00 €/KG","img":"https://fd13-photos.leclercdrive.fr/image.ashx?id=1954622&use=l&cat=p&typeid=i","cat":284457},{"id":26646,"n":"AOP Champagne Brut Nicolas Feuillatte Grande Réserve 75cl","p":22.35,"pp":20.11,"u":"26,81 €/L","img":"https://fd13-photos.leclercdrive.fr/image.ashx?id=2733184&use=l&cat=p&typeid=i","cat":284542},{"id":26647,"n":"Chair à saucisses porc Férial 400g","p":3.49,"u":"8,73 €/KG","img":"https://fd13-photos.leclercdrive.fr/image.ashx?id=2953308&use=l&cat=p&typeid=i","cat":284332},{"id":26648,"n":"Couscous Grain Moyen Regia - 500G","p":1.33,"u":"2,66 €/KG","img":"https://fd13-photos.leclercdrive.fr/image.ashx?id=2870206&use=l&cat=p&typeid=i","cat":284429},{"id":26649,"n":"Cacahuètes Benenuts-Twinuts Nature Sel - 150g","p":1.1,"u":"7,33 €/KG","img":"https://fd13-photos.leclercdrive.fr/image.ashx?id=2967735&use=l&cat=p&typeid=i","cat":284448},{"id":26659,"n":"Fonds d'artichauts Notre Jardin 210g","p":2.75,"u":"13,10 €/KG","img":"https://fd13-photos.leclercdrive.fr/image.ashx?id=2607921&use=l&cat=p&typeid=i","cat":312611},{"id":26663,"n":"Farine de sarrasin Treblec 1kg","p":2.4,"u":"2,40 €/KG","img":"https://fd13-photos.leclercdrive.fr/image.ashx?id=2734843&use=l&cat=p&typeid=i","cat":284503},{"id":26708,"n":"Cacahuètes Benenuts-Twinuts Bacon Grillé - 150g","p":1.11,"u":"7,40 €/KG","img":"https://fd13-photos.leclercdrive.fr/image.ashx?id=2967738&use=l&cat=p&typeid=i","cat":284448},{"id":26713,"n":"Brownie Brossard Chocolat pépites 285g","p":2.73,"u":"9,58 €/KG","img":"https://fd13-photos.leclercdrive.fr/image.ashx?id=2977492&use=l&cat=p&typeid=i","cat":294776},{"id":26732,"n":"Jeunes pousses Bonduelle  - 145g","p":2.23,"u":"15,38 €/KG","img":"https://fd13-photos.leclercdrive.fr/image.ashx?id=2556900&use=l&cat=p&typeid=i","cat":284353},{"id":26733,"n":"Dessert végétal au soja Sojasun Nature - 12x100g","p":3.13,"u":"2,61 €/KG","img":"https://fd13-photos.leclercdrive.fr/image.ashx?id=2355665&use=l&cat=p&typeid=i","cat":316071},{"id":26797,"n":"Compote Douceur du Verger Coupelle pomme fraise - 4x100g","p":1.15,"u":"2,88 €/KG","img":"https://fd13-photos.leclercdrive.fr/image.ashx?id=2663503&use=l&cat=p&typeid=i","cat":284508},{"id":26808,"n":"Thon blanc entier Connétable Naturel Label Rouge - 120g","p":3.24,"u":"27,00 €/KG","img":"https://fd13-photos.leclercdrive.fr/image.ashx?id=2901935&use=l&cat=p&typeid=i","cat":303867},{"id":26818,"n":"Boisson base vin rosée Very Pamp Pamplemousse - 75cl","p":2.99,"u":"3,99 €/L","img":"https://fd13-photos.leclercdrive.fr/image.ashx?id=2446629&use=l&cat=p&typeid=i","cat":304569},{"id":26819,"n":"Boisson aromatisée Vin rosé Pamplemousse 7.5%,vol BIB 3L","p":9.5,"u":"3,17 €/L","img":"https://fd13-photos.leclercdrive.fr/image.ashx?id=2470024&use=l&cat=p&typeid=i","cat":304569},{"id":26820,"n":"IGP Pays d'Oc rouge Roche Mazet Merlot - BIB 3L","p":10.6,"u":"3,53 €/L","img":"https://fd13-photos.leclercdrive.fr/image.ashx?id=2597387&use=l&cat=p&typeid=i","cat":289560},{"id":26877,"n":"Crackers Mini pizza Tokapi 85g","p":0.69,"u":"8,12 €/KG","img":"https://fd13-photos.leclercdrive.fr/image.ashx?id=2351232&use=l&cat=p&typeid=i","cat":297000},{"id":26926,"n":"Couches bébé Mots d'Enfants -T3 Ultra confort - 4/9kg - x162","p":19.7,"u":"0,12 €/P","img":"https://fd13-photos.leclercdrive.fr/image.ashx?id=2573987&use=l&cat=p&typeid=i","cat":284737},{"id":26945,"n":"Bâtonnets Trium Noix de coco x4 - 292g","p":2.69,"u":"9,21 €/KG","img":"https://fd13-photos.leclercdrive.fr/image.ashx?id=2767501&use=l&cat=p&typeid=i","cat":284265},{"id":26988,"n":"Courgette Eco+ 1kg","p":2.49,"u":"2,49 €/KG","img":"https://fd13-photos.leclercdrive.fr/image.ashx?id=2625692&use=l&cat=p&typeid=i","cat":284352},{"id":26998,"n":"Sachet repas chats Gourmet Les filettines en sauce -12x85g","p":5.51,"u":"5,40 €/KG","img":"https://fd13-photos.leclercdrive.fr/image.ashx?id=2902277&use=l&cat=p&typeid=i","cat":285286},{"id":27026,"n":"Huggies® Little Swimmers® Maxipack Taille 3-4 x20","p":13.5,"u":"0,68 €/P","img":"https://fd13-photos.leclercdrive.fr/image.ashx?id=2844703&use=l&cat=p&typeid=i","cat":290634},{"id":27069,"n":"Sorbet Oasis Multifruits x10 - 400g","p":2.84,"u":"7,10 €/KG","img":"https://fd13-photos.leclercdrive.fr/image.ashx?id=2831924&use=l&cat=p&typeid=i","cat":285250},{"id":27070,"n":"Bâtonnets Oasis Tropical x10 - 400g","p":2.67,"u":"6,68 €/KG","img":"https://fd13-photos.leclercdrive.fr/image.ashx?id=2877829&use=l&cat=p&typeid=i","cat":285250},{"id":27086,"n":"Crème légère fluide UHT Bio Bio Village 15%mg - 3x20cl","p":3.65,"u":"6,08 €/L","img":"https://fd13-photos.leclercdrive.fr/image.ashx?id=2694434&use=l&cat=p&typeid=i","cat":284381},{"id":27087,"n":"Crème entière fluide UHT Bio Bio Village 30% MG - 3x20cl","p":3.96,"u":"6,60 €/L","img":"https://fd13-photos.leclercdrive.fr/image.ashx?id=2496899&use=l&cat=p&typeid=i","cat":284381},{"id":27088,"n":"Glace à l'eau Stick Smicy 5 parfums x20 - 845g","p":2.74,"u":"3,24 €/KG","img":"https://fd13-photos.leclercdrive.fr/image.ashx?id=2073057&use=l&cat=p&typeid=i","cat":285250},{"id":27091,"n":"Mayonnaise Rustica A la moutarde de Dijon - 235g","p":1.14,"u":"4,85 €/KG","img":"https://fd13-photos.leclercdrive.fr/image.ashx?id=2954358&use=l&cat=p&typeid=i","cat":298295},{"id":27096,"n":"Mayonnaise allégée Rustica 450g","p":1.13,"u":"2,51 €/KG","img":"https://fd13-photos.leclercdrive.fr/image.ashx?id=1948556&use=l&cat=p&typeid=i","cat":298295},{"id":27114,"n":"Lait céréales Blédidej 12 mois Chocolat - 4x250ml","p":3.56,"u":"3,56 €/L","img":"https://fd13-photos.leclercdrive.fr/image.ashx?id=2921058&use=l&cat=p&typeid=i","cat":312226},{"id":27123,"n":"Petit sucre Beghin Say Morceaux boite - 1kg","p":2.58,"u":"2,58 €/KG","img":"https://fd13-photos.leclercdrive.fr/image.ashx?id=2855100&use=l&cat=p&typeid=i","cat":284502},{"id":27139,"n":"Viande hachée tradition Charal 15%MG - 600g","p":7.21,"u":"12,02 €/KG","img":"https://fd13-photos.leclercdrive.fr/image.ashx?id=2014373&use=l&cat=p&typeid=i","cat":284332},{"id":27146,"n":"Viande hachée tradition Charal Prêt à cuisiner 20%mg - 600g","p":7.49,"u":"12,48 €/KG","img":"https://fd13-photos.leclercdrive.fr/image.ashx?id=2558954&use=l&cat=p&typeid=i","cat":284332},{"id":27158,"n":"Mini Barre Chocolat Lait KitKat x21 barres - 350g","p":4.51,"u":"12,89 €/KG","img":"https://fd13-photos.leclercdrive.fr/image.ashx?id=2762611&use=l&cat=p&typeid=i","cat":284498},{"id":27178,"n":"Friandises Fun Tastix Fido Jambon fromage - 150g","p":1.64,"u":"10,93 €/KG","img":"https://fd13-photos.leclercdrive.fr/image.ashx?id=2681212&use=l&cat=p&typeid=i","cat":294527},{"id":27229,"n":"Couches bébé Mots d'Enfants Ecologique - T4 : 7/18kg - x32","p":8.99,"u":"0,28 €/P","img":"https://fd13-photos.leclercdrive.fr/image.ashx?id=2904562&use=l&cat=p&typeid=i","cat":284737},{"id":27366,"n":"Viande haché 5% MG Bio Village Bio 350g","p":7.99,"u":"22,83 €/KG","img":"https://fd13-photos.leclercdrive.fr/image.ashx?id=2942256&use=l&cat=p&typeid=i","cat":284332},{"id":27377,"n":"Cordons bleus Isla Délice Halal - x4 400g","p":3.83,"u":"9,58 €/KG","img":"https://fd13-photos.leclercdrive.fr/image.ashx?id=2249689&use=l&cat=p&typeid=i","cat":319780},{"id":27379,"n":"Steak haché Isla Délice 80% pur boeuf Halal - 800g","p":10.47,"u":"13,09 €/KG","img":"https://fd13-photos.leclercdrive.fr/image.ashx?id=1583297&use=l&cat=p&typeid=i","cat":319778},{"id":27382,"n":"Nuggets Isla Délice Halal - 400g","p":3.5,"u":"8,75 €/KG","img":"https://fd13-photos.leclercdrive.fr/image.ashx?id=2256104&use=l&cat=p&typeid=i","cat":319780},{"id":27399,"n":"Blanc de poulet Fleury Michon Halal x4 -160g","p":2.94,"u":"18,38 €/KG","img":"https://fd13-photos.leclercdrive.fr/image.ashx?id=2886711&use=l&cat=p&typeid=i","cat":316013},{"id":27434,"n":"Coupelles Pêches DDV Sirop léger - 4x70 g","p":2.49,"u":"8,89 €/KG","img":"https://fd13-photos.leclercdrive.fr/image.ashx?id=2100784&use=l&cat=p&typeid=i","cat":284507},{"id":27454,"n":"Maïs Notre Jardin Croquant - 3x140g","p":1.83,"u":"4,36 €/KG","img":"https://fd13-photos.leclercdrive.fr/image.ashx?id=2988051&use=l&cat=p&typeid=i","cat":312611},{"id":27523,"n":"Colin d'Alaska Pêche Océan À la parisienne - MSC - 400g","p":2.79,"u":"6,98 €/KG","img":"https://fd13-photos.leclercdrive.fr/image.ashx?id=2930120&use=l&cat=p&typeid=i","cat":319786},{"id":27531,"n":"Assortiment exotique Tables du Monde 470g","p":4.79,"u":"10,19 €/KG","img":"https://fd13-photos.leclercdrive.fr/image.ashx?id=2657954&use=l&cat=p&typeid=i","cat":333673},{"id":27564,"n":"Blé précuit Comptoir du Grain Sachet cuisson - x4 - 500g","p":1.7,"u":"3,40 €/KG","img":"https://fd13-photos.leclercdrive.fr/image.ashx?id=2515494&use=l&cat=p&typeid=i","cat":284429},{"id":27576,"n":"Barres céréales Special K Kellogg's Fruits rouges 6x21,5g","p":2.07,"u":"16,05 €/KG","img":"https://fd13-photos.leclercdrive.fr/image.ashx?id=3003176&use=l&cat=p&typeid=i","cat":285869},{"id":27686,"n":"IGP Pâtes Grand'Mère Nids - 500g","p":3.06,"u":"6,12 €/KG","img":"https://fd13-photos.leclercdrive.fr/image.ashx?id=2191990&use=l&cat=p&typeid=i","cat":284427},{"id":27709,"n":"Dentifrice Dentamyl Soin complet sensitive 75ml","p":0.92,"u":"12,27 €/L","img":"https://fd13-photos.leclercdrive.fr/image.ashx?id=2489119&use=l&cat=p&typeid=i","cat":284612},{"id":27721,"n":"Emmental Les Croisés En tranches - 200g","p":1.94,"u":"9,70 €/KG","img":"https://fd13-photos.leclercdrive.fr/image.ashx?id=2436317&use=l&cat=p&typeid=i","cat":314028},{"id":27834,"n":"Pizza Crousti-moelleuse Marie 4 fromages - 510g","p":3.85,"u":"7,55 €/KG","img":"https://fd13-photos.leclercdrive.fr/image.ashx?id=2996749&use=l&cat=p&typeid=i","cat":284256},{"id":27836,"n":"Pizza Crousti-moelleuse Marie Poulet kebab - 530g","p":4.03,"u":"7,60 €/KG","img":"https://fd13-photos.leclercdrive.fr/image.ashx?id=2996752&use=l&cat=p&typeid=i","cat":284256},{"id":27925,"n":"AOP Réserve du Président rosé Sciaccrellu - 75cl","p":5.6,"u":"7,47 €/L","img":"https://fd13-photos.leclercdrive.fr/image.ashx?id=2093463&use=l&cat=p&typeid=i","cat":289558},{"id":27941,"n":"Cotons Duo Démaquillants Inell Disques x110","p":0.97,"img":"https://fd13-photos.leclercdrive.fr/image.ashx?id=1709588&use=l&cat=p&typeid=i","cat":285593},{"id":27961,"n":"Poulet basquaise Marie Riz à la tomate - 900g","p":4.88,"u":"5,42 €/KG","img":"https://fd13-photos.leclercdrive.fr/image.ashx?id=2996779&use=l&cat=p&typeid=i","cat":284254},{"id":27977,"n":"Eau minérale naturelle Vittel 6x50cl","p":2.43,"u":"0,81 €/L","img":"https://fd13-photos.leclercdrive.fr/image.ashx?id=2999850&use=l&cat=p&typeid=i","cat":284535},{"id":28004,"n":"Sucre cristal Daddy Sac 5kg","p":7.82,"u":"1,56 €/KG","img":"https://fd13-photos.leclercdrive.fr/image.ashx?id=2936068&use=l&cat=p&typeid=i","cat":284502},{"id":28023,"n":"Duo céréales Comptoir du Grain  Quinoa et Boulgour - 400g","p":2.05,"u":"5,13 €/KG","img":"https://fd13-photos.leclercdrive.fr/image.ashx?id=3012830&use=l&cat=p&typeid=i","cat":284429},{"id":28078,"n":"Coton bébé Mots d'Enfants Duo maxi carrés - x80","p":1.79,"u":"0,02 €/P","img":"https://fd13-photos.leclercdrive.fr/image.ashx?id=3014206&use=l&cat=p&typeid=i","cat":284739},{"id":28083,"n":"Maïs Notre Jardin Tendre  - 2x300g","p":1.88,"u":"3,13 €/KG","img":"https://fd13-photos.leclercdrive.fr/image.ashx?id=3005661&use=l&cat=p&typeid=i","cat":312611},{"id":28099,"n":"Eau minérale gazeuse St Diery Naturelle - 6x1,25L","p":2.16,"u":"0,29 €/L","img":"https://fd13-photos.leclercdrive.fr/image.ashx?id=2863075&use=l&cat=p&typeid=i","cat":284536},{"id":28104,"n":"IGP Pays d'Oc Merlot vin rosé Vieux Carion 12.5% vol -75 cl","p":2.25,"u":"3,00 €/L","img":"https://fd13-photos.leclercdrive.fr/image.ashx?id=2903962&use=l&cat=p&typeid=i","cat":289558},{"id":28203,"n":"Fromage : Le Carré Les Croisés 23%mg - 230g","p":1.92,"u":"8,35 €/KG","img":"https://fd13-photos.leclercdrive.fr/image.ashx?id=2974801&use=l&cat=p&typeid=i","cat":314033},{"id":28209,"n":"Noix de cajou grillées Tokapi Salées - 125g","p":1.48,"u":"11,84 €/KG","img":"https://fd13-photos.leclercdrive.fr/image.ashx?id=2839821&use=l&cat=p&typeid=i","cat":284448},{"id":28211,"n":"Pistaches Tokapi Grillées et salées - 125g","p":1.85,"u":"14,80 €/KG","img":"https://fd13-photos.leclercdrive.fr/image.ashx?id=2795550&use=l&cat=p&typeid=i","cat":284448},{"id":28216,"n":"Café en grains Bio Village Bio 100% arabica - 250g","p":4.51,"u":"18,04 €/KG","img":"https://fd13-photos.leclercdrive.fr/image.ashx?id=1470434&use=l&cat=p&typeid=i","cat":293237},{"id":28217,"n":"Pain d'épices bio Bio Village Miel - Pré-tranché - 300g","p":1.65,"u":"5,50 €/KG","img":"https://fd13-photos.leclercdrive.fr/image.ashx?id=2355419&use=l&cat=p&typeid=i","cat":284493},{"id":28229,"n":"Gaufres au miel bio Bio Village 175g","p":1.81,"u":"10,34 €/KG","img":"https://fd13-photos.leclercdrive.fr/image.ashx?id=2652743&use=l&cat=p&typeid=i","cat":294777},{"id":28241,"n":"Savon mains en crème Manava Lait et miel - 300ml","p":1.05,"u":"3,50 €/L","img":"https://fd13-photos.leclercdrive.fr/image.ashx?id=2935486&use=l&cat=p&typeid=i","cat":284597},{"id":28278,"n":"Oranges à jus Panier du Primeur Filet 2kg","p":3.29,"u":"1,65 €/KG","img":"https://fd13-photos.leclercdrive.fr/image.ashx?id=2414570&use=l&cat=p&typeid=i","cat":284356},{"id":28279,"n":"Oranges Eco+ Filet 2kg","p":3.49,"u":"1,75 €/KG","img":"https://fd13-photos.leclercdrive.fr/image.ashx?id=636249&use=l&cat=p&typeid=i","cat":284356},{"id":28280,"n":"Flan entremets Tablier Blanc Vanille x4 192g","p":0.99,"u":"5,16 €/KG","img":"https://fd13-photos.leclercdrive.fr/image.ashx?id=2487464&use=l&cat=p&typeid=i","cat":284505},{"id":28281,"n":"Flan entremets Tablier Blanc Chocolat x4 232g","p":1.57,"u":"6,77 €/KG","img":"https://fd13-photos.leclercdrive.fr/image.ashx?id=2487461&use=l&cat=p&typeid=i","cat":284505},{"id":28311,"n":"Liqueur Grand Marnier Orange & Cognac - 40%vol - 70cl","p":22.96,"u":"32,80 €/L","img":"https://fd13-photos.leclercdrive.fr/image.ashx?id=3007909&use=l&cat=p&typeid=i","cat":286032},{"id":28353,"n":"AOP Reblochon de Savoie Pochat 45%mg - 450g","p":6.95,"u":"15,44 €/KG","img":"https://fd13-photos.leclercdrive.fr/image.ashx?id=2102761&use=l&cat=p&typeid=i","cat":314037},{"id":28386,"n":"Brioche de Lyon saucisson NRT 400g","p":4.99,"u":"12,48 €/KG","img":"https://fd13-photos.leclercdrive.fr/image.ashx?id=2743849&use=l&cat=p&typeid=i","cat":333671},{"id":28415,"n":"Colin d'Alaska Pêche Océan À la moutarde - MSC - 400g","p":2.99,"u":"7,48 €/KG","img":"https://fd13-photos.leclercdrive.fr/image.ashx?id=2930117&use=l&cat=p&typeid=i","cat":319786},{"id":28422,"n":"Choucroute d'Alsace NRT 920g","p":6.87,"u":"7,47 €/KG","img":"https://fd13-photos.leclercdrive.fr/image.ashx?id=2723243&use=l&cat=p&typeid=i","cat":333666},{"id":28423,"n":"Choucroute d'Alsace NRT 370g","p":3.04,"u":"8,22 €/KG","img":"https://fd13-photos.leclercdrive.fr/image.ashx?id=2723246&use=l&cat=p&typeid=i","cat":333665},{"id":28444,"n":"Fleur de sel de Camargue Le Saunier de Camargue - 125g","p":2.58,"u":"20,64 €/KG","img":"https://fd13-photos.leclercdrive.fr/image.ashx?id=2819343&use=l&cat=p&typeid=i","cat":284457},{"id":28551,"n":"Tartiflette NRT Reblochon Savoie Label Rouge - 300g","p":3.91,"u":"13,03 €/KG","img":"https://fd13-photos.leclercdrive.fr/image.ashx?id=2723216&use=l&cat=p&typeid=i","cat":333665},{"id":28614,"n":"Pur jus d'orange Eco+ Brique - 1L","p":1.87,"u":"1,87 €/L","img":"https://fd13-photos.leclercdrive.fr/image.ashx?id=2802260&use=l&cat=p&typeid=i","cat":284521},{"id":28710,"n":"Lingettes Mots d'Enfants Bio Bébé - x72 lingettes","p":2.53,"u":"0,04 €/P","img":"https://fd13-photos.leclercdrive.fr/image.ashx?id=2856504&use=l&cat=p&typeid=i","cat":284738},{"id":28724,"n":"Nettoyant écologique Uni Vert Spécial Vitres - 750ml","p":1.79,"u":"2,39 €/L","img":"https://fd13-photos.leclercdrive.fr/image.ashx?id=2370993&use=l&cat=p&typeid=i","cat":325363},{"id":28725,"n":"Nettoyant écologique Uni Vert Spécial Vitres - 750ml","p":1.47,"u":"1,96 €/L","img":"https://fd13-photos.leclercdrive.fr/image.ashx?id=2372341&use=l&cat=p&typeid=i","cat":325363},{"id":28727,"n":"Tablettes anti-calcaire Calgon  4 en 1 - x48","p":11.28,"u":"18,08 €/KG","img":"https://fd13-photos.leclercdrive.fr/image.ashx?id=2954881&use=l&cat=p&typeid=i","cat":284653},{"id":28753,"n":"Café Soluble Nescafé Cappuccino Café Viennois - 306g","p":4.8,"u":"15,69 €/KG","img":"https://fd13-photos.leclercdrive.fr/image.ashx?id=2874087&use=l&cat=p&typeid=i","cat":284843},{"id":28803,"n":"After Eight Chocolat Noël Nuit de Londres - 400g","p":6.61,"u":"16,53 €/KG","img":"https://fd13-photos.leclercdrive.fr/image.ashx?id=2918373&use=l&cat=p&typeid=i","cat":327595},{"id":28809,"n":"Pain burger géant Epi d'Or Nature x4 - 330g","p":0.87,"u":"2,64 €/KG","img":"https://fd13-photos.leclercdrive.fr/image.ashx?id=1861089&use=l&cat=p&typeid=i","cat":325067},{"id":28827,"n":"Chili con carne Côté Table Au piment de Cayenne - 820g","p":3.24,"u":"3,95 €/KG","img":"https://fd13-photos.leclercdrive.fr/image.ashx?id=2977156&use=l&cat=p&typeid=i","cat":325094},{"id":28828,"n":"Pâtes fraîches Turini Gnocchi 380g","p":1.09,"u":"2,87 €/KG","img":"https://fd13-photos.leclercdrive.fr/image.ashx?id=2254526&use=l&cat=p&typeid=i","cat":333682},{"id":28831,"n":"Cookies Méga pépites P'tit Déli Choco amandes caramelisées 184g","p":1.51,"u":"8,21 €/KG","img":"https://fd13-photos.leclercdrive.fr/image.ashx?id=2116128&use=l&cat=p&typeid=i","cat":325066},{"id":28832,"n":"Cookies Méga pépites P'tit Déli Chocolat 184g","p":1.51,"u":"8,21 €/KG","img":"https://fd13-photos.leclercdrive.fr/image.ashx?id=2722814&use=l&cat=p&typeid=i","cat":325066},{"id":28864,"n":"Cassoulet au confit canard NRT - 300g","p":2.97,"u":"9,90 €/KG","img":"https://fd13-photos.leclercdrive.fr/image.ashx?id=2723231&use=l&cat=p&typeid=i","cat":284953},{"id":28866,"n":"Coq au vin et ses torsades NRT 300g","p":2.61,"u":"8,70 €/KG","img":"https://fd13-photos.leclercdrive.fr/image.ashx?id=2723240&use=l&cat=p&typeid=i","cat":284953},{"id":28868,"n":"Grillons de canard du Perigord Nos Régions ont du Talent -180g","p":4.53,"u":"25,17 €/KG","img":"https://fd13-photos.leclercdrive.fr/image.ashx?id=2560503&use=l&cat=p&typeid=i","cat":305149},{"id":28869,"n":"Parmentier canard Sud Ouest NRT - 300g","p":2.99,"u":"9,97 €/KG","img":"https://fd13-photos.leclercdrive.fr/image.ashx?id=2925210&use=l&cat=p&typeid=i","cat":284953},{"id":28872,"n":"Saucisses de Toulouse lentilles NRT - 300g","p":2.36,"u":"7,87 €/KG","img":"https://fd13-photos.leclercdrive.fr/image.ashx?id=2723234&use=l&cat=p&typeid=i","cat":284953},{"id":28873,"n":"Thon blanc Bretagne NRT huile d'olive - 160g","p":2.88,"u":"18,00 €/KG","img":"https://fd13-photos.leclercdrive.fr/image.ashx?id=2791099&use=l&cat=p&typeid=i","cat":303867},{"id":28938,"n":"Velouté bio Bio Village Légumes variés  - 1L","p":2.06,"u":"2,06 €/L","img":"https://fd13-photos.leclercdrive.fr/image.ashx?id=2133954&use=l&cat=p&typeid=i","cat":284462},{"id":28966,"n":"Liqueur Malibu Coco 18% vol - 70cl","p":10.31,"u":"14,73 €/L","img":"https://fd13-photos.leclercdrive.fr/image.ashx?id=2993481&use=l&cat=p&typeid=i","cat":284551},{"id":28974,"n":"Saumon fumé MSC Sauvage Ronde des Mers x4T - 120g","p":6.65,"u":"55,42 €/KG","img":"https://fd13-photos.leclercdrive.fr/image.ashx?id=2837692&use=l&cat=p&typeid=i","cat":285188},{"id":28996,"n":"Mayonnaise de Dijon AMORA 235g","p":1.96,"u":"8,34 €/KG","img":"https://fd13-photos.leclercdrive.fr/image.ashx?id=2946649&use=l&cat=p&typeid=i","cat":298295},{"id":28999,"n":"Mayonnaise de Dijon Amora Sans conservateur  - 415g","p":2.24,"u":"5,40 €/KG","img":"https://fd13-photos.leclercdrive.fr/image.ashx?id=2964207&use=l&cat=p&typeid=i","cat":298295},{"id":29032,"n":"Chips Bret's Poulet braisé - 125g","p":1.17,"u":"9,36 €/KG","img":"https://fd13-photos.leclercdrive.fr/image.ashx?id=1927788&use=l&cat=p&typeid=i","cat":284447},{"id":29044,"n":"Cerneaux de noix Tablier Blanc 50g","p":1.3,"u":"26,00 €/KG","img":"https://fd13-photos.leclercdrive.fr/image.ashx?id=2460607&use=l&cat=p&typeid=i","cat":323809},{"id":29048,"n":"Pralin Tablier Blanc 100g","p":1.56,"u":"15,60 €/KG","img":"https://fd13-photos.leclercdrive.fr/image.ashx?id=2460604&use=l&cat=p&typeid=i","cat":284504},{"id":29052,"n":"Cocktail Old Nick Daiquiri 16%vol - 70cl","p":4.19,"u":"5,99 €/L","img":"https://fd13-photos.leclercdrive.fr/image.ashx?id=2999210&use=l&cat=p&typeid=i","cat":284551},{"id":29116,"n":"Bonbons sans sucres Confiséo Goût réglisse - 150g","p":2.64,"u":"17,60 €/KG","img":"https://fd13-photos.leclercdrive.fr/image.ashx?id=2061653&use=l&cat=p&typeid=i","cat":304250},{"id":29117,"n":"Bonbons sans sucres Confiséo Menthe - 150g","p":1.98,"u":"13,20 €/KG","img":"https://fd13-photos.leclercdrive.fr/image.ashx?id=2934697&use=l&cat=p&typeid=i","cat":304252},{"id":29128,"n":"Lentilles Raynal et Roquelaure À l'auvergnate - 2x820g","p":3.58,"u":"2,18 €/KG","img":"https://fd13-photos.leclercdrive.fr/image.ashx?id=1625547&use=l&cat=p&typeid=i","cat":312609},{"id":29134,"n":"Mousse coiffante Vitanove Effet boucles - 200ml","p":1.48,"u":"7,40 €/L","img":"https://fd13-photos.leclercdrive.fr/image.ashx?id=2490040&use=l&cat=p&typeid=i","cat":284609},{"id":29151,"n":"Plaisir au chocolat Lenôtre Macaron et Mousse - 405g","p":7.81,"u":"19,28 €/KG","img":"https://fd13-photos.leclercdrive.fr/image.ashx?id=2807744&use=l&cat=p&typeid=i","cat":284266},{"id":29182,"n":"AOC Bordeaux rouge Yvecourt - 75cl","p":4.34,"u":"5,79 €/L","img":"https://fd13-photos.leclercdrive.fr/image.ashx?id=2529297&use=l&cat=p&typeid=i","cat":289556},{"id":29323,"n":"Superlevure Gayelord Hauser Paillettes étui 150g","p":2.93,"u":"19,53 €/KG","img":"https://fd13-photos.leclercdrive.fr/image.ashx?id=2786012&use=l&cat=p&typeid=i","cat":294686},{"id":29358,"n":"Pur jus pamplemousse Jafaden Rose - 1L","p":1.67,"u":"1,67 €/L","img":"https://fd13-photos.leclercdrive.fr/image.ashx?id=2869269&use=l&cat=p&typeid=i","cat":284914},{"id":29360,"n":"AOP Cabernet d'Anjou vin rosé Les Caractères - BIB 5L","p":21.49,"u":"4,30 €/L","img":"https://fd13-photos.leclercdrive.fr/image.ashx?id=2913672&use=l&cat=p&typeid=i","cat":289560},{"id":29364,"n":"Boisson base vin rosé Festalie Pamplemousse - 7.5% - 75 cl","p":1.89,"u":"2,52 €/L","img":"https://fd13-photos.leclercdrive.fr/image.ashx?id=2774891&use=l&cat=p&typeid=i","cat":304569},{"id":29368,"n":"Boisson à base de vin blanc saveur pêche Festalie - 75 cl","p":2.75,"u":"3,67 €/L","img":"https://fd13-photos.leclercdrive.fr/image.ashx?id=2434936&use=l&cat=p&typeid=i","cat":304569},{"id":29369,"n":"AOC Côtes du Rhône vin rosé Grégoire XI - BIB 3L","p":9.99,"u":"3,33 €/L","img":"https://fd13-photos.leclercdrive.fr/image.ashx?id=2588213&use=l&cat=p&typeid=i","cat":289560},{"id":29389,"n":"AOC Coteaux d'Aix-en-Provence vin rosé Terres Ocrées - BIB 3L","p":15.99,"u":"5,33 €/L","img":"https://fd13-photos.leclercdrive.fr/image.ashx?id=2704487&use=l&cat=p&typeid=i","cat":289560},{"id":29419,"n":"Tortillas chips Tokapi Nature - 150g","p":0.55,"u":"3,67 €/KG","img":"https://fd13-photos.leclercdrive.fr/image.ashx?id=2647955&use=l&cat=p&typeid=i","cat":287899},{"id":29493,"n":"Tomato Ketchup Bio Heinz - 580g","p":2.56,"u":"4,41 €/KG","img":"https://fd13-photos.leclercdrive.fr/image.ashx?id=2927726&use=l&cat=p&typeid=i","cat":284455},{"id":29518,"n":"Glace Tyrolia Eskiss Caramel biscuit - 380g","p":2.57,"u":"6,76 €/KG","img":"https://fd13-photos.leclercdrive.fr/image.ashx?id=2075666&use=l&cat=p&typeid=i","cat":284266},{"id":29535,"n":"Croûtons Epi d'Or Ail - 2x90g","p":1.19,"u":"6,61 €/KG","img":"https://fd13-photos.leclercdrive.fr/image.ashx?id=2606049&use=l&cat=p&typeid=i","cat":284464},{"id":29570,"n":"Saucisson Petit Justin Bridou  Bâton de Berger Nature - 160g","p":3.43,"u":"21,44 €/KG","img":"https://fd13-photos.leclercdrive.fr/image.ashx?id=2894893&use=l&cat=p&typeid=i","cat":316006},{"id":29724,"n":"Escalope de dinde Le Gaulois Milanaise x2 - 240g","p":4.87,"u":"20,29 €/KG","img":"https://fd13-photos.leclercdrive.fr/image.ashx?id=2259652&use=l&cat=p&typeid=i","cat":284337},{"id":29753,"n":"Eau gazeuse La Pétillante Citron vert sans sucre - 1L","p":0.4,"u":"0,40 €/L","img":"https://fd13-photos.leclercdrive.fr/image.ashx?id=2669738&use=l&cat=p&typeid=i","cat":284536},{"id":29754,"n":"Eau gazeuse La Pétillante Citron sans sucre - 1L","p":0.4,"u":"0,40 €/L","img":"https://fd13-photos.leclercdrive.fr/image.ashx?id=2590442&use=l&cat=p&typeid=i","cat":284536},{"id":29764,"n":"Galettes blé noir Bio village Bio x4 - 200g","p":1.83,"u":"9,15 €/KG","img":"https://fd13-photos.leclercdrive.fr/image.ashx?id=2907258&use=l&cat=p&typeid=i","cat":333672},{"id":29765,"n":"Eau gazeuse aromatisée Badoit citron sans sucres - 1l","p":0.95,"u":"0,95 €/L","img":"https://fd13-photos.leclercdrive.fr/image.ashx?id=2730634&use=l&cat=p&typeid=i","cat":284537},{"id":29768,"n":"Bière blonde 1664 5,5° - 50cl canette","p":1.23,"u":"2,46 €/L","img":"https://fd13-photos.leclercdrive.fr/image.ashx?id=2887563&use=l&cat=p&typeid=i","cat":334853},{"id":29773,"n":"Eau minérale naturelle Mag Source de magnésium - 6x1L","p":2.28,"u":"0,38 €/L","img":"https://fd13-photos.leclercdrive.fr/image.ashx?id=2423517&use=l&cat=p&typeid=i","cat":284535},{"id":29794,"n":"Triangolo Fromage enfants vache Les Croisés 24 portions - 400g","p":2.67,"u":"6,68 €/KG","img":"https://fd13-photos.leclercdrive.fr/image.ashx?id=2791779&use=l&cat=p&typeid=i","cat":314030},{"id":29795,"n":"Fromage à tartiner Les Croisés Ail et fines herbes 24%mg 250g","p":2.09,"u":"8,36 €/KG","img":"https://fd13-photos.leclercdrive.fr/image.ashx?id=2476143&use=l&cat=p&typeid=i","cat":314029},{"id":29799,"n":"Galettes jambon emmental NRT x2 - 300g","p":3.78,"u":"12,60 €/KG","img":"https://fd13-photos.leclercdrive.fr/image.ashx?id=2743882&use=l&cat=p&typeid=i","cat":333672},{"id":29800,"n":"Galettes Pdt lardons oignons NRT x2 - 300g","p":3.79,"u":"12,63 €/KG","img":"https://fd13-photos.leclercdrive.fr/image.ashx?id=2714909&use=l&cat=p&typeid=i","cat":333672},{"id":29802,"n":"Kit Pâte à pizza Tablier Blanc 600g","p":2.59,"u":"4,32 €/KG","img":"https://fd13-photos.leclercdrive.fr/image.ashx?id=1731167&use=l&cat=p&typeid=i","cat":333681},{"id":29816,"n":"Bicarbonate alimentaire La Baleine - 800g","p":2.07,"u":"2,59 €/KG","img":"https://fd13-photos.leclercdrive.fr/image.ashx?id=2468335&use=l&cat=p&typeid=i","cat":284457},{"id":29840,"n":"Bouillon cubes herbes Knorr Huile d'olive Puget x15 -150g","p":1.34,"u":"8,93 €/KG","img":"https://fd13-photos.leclercdrive.fr/image.ashx?id=2890601&use=l&cat=p&typeid=i","cat":288379},{"id":29841,"n":"Bouillon de Poule KNORR 15 Tablettes - 150g","p":1.18,"u":"7,87 €/KG","img":"https://fd13-photos.leclercdrive.fr/image.ashx?id=2906043&use=l&cat=p&typeid=i","cat":288379},{"id":29854,"n":"Beurre de Bretagne Les Croisés Doux - 82% MG - 250g","p":2.61,"u":"10,44 €/KG","img":"https://fd13-photos.leclercdrive.fr/image.ashx?id=2943641&use=l&cat=p&typeid=i","cat":284379},{"id":29855,"n":"Beurre de Bretagne Les Croisés Demi-sel - 80% MG - 250g","p":2.61,"u":"10,44 €/KG","img":"https://fd13-photos.leclercdrive.fr/image.ashx?id=2943644&use=l&cat=p&typeid=i","cat":284379},{"id":29856,"n":"Beurre Extra fin Les Croisés Doux - 82 % MG - 125g","p":1.49,"u":"11,92 €/KG","img":"https://fd13-photos.leclercdrive.fr/image.ashx?id=2791272&use=l&cat=p&typeid=i","cat":284379},{"id":29864,"n":"Crème fraîche entière Délisse Fleurette - 30% MG - 40cl","p":1.72,"u":"4,30 €/L","img":"https://fd13-photos.leclercdrive.fr/image.ashx?id=3002575&use=l&cat=p&typeid=i","cat":284381},{"id":29865,"n":"Crème fraîche légère Délisse Fleurette - 12% MG - 40cl","p":1.62,"u":"4,05 €/L","img":"https://fd13-photos.leclercdrive.fr/image.ashx?id=3002578&use=l&cat=p&typeid=i","cat":284381},{"id":29869,"n":"Crème anglaise Délisse 1L","p":2.49,"u":"2,49 €/L","img":"https://fd13-photos.leclercdrive.fr/image.ashx?id=3002596&use=l&cat=p&typeid=i","cat":284382},{"id":29872,"n":"Crème semi-épaisse légère UHT Délisse 18%mg - 2x25cl","p":2.34,"u":"4,68 €/L","img":"https://fd13-photos.leclercdrive.fr/image.ashx?id=3002593&use=l&cat=p&typeid=i","cat":284381},{"id":29874,"n":"Emincés poireaux Notre Jardin A la crème 750g","p":2.55,"u":"3,40 €/KG","img":"https://fd13-photos.leclercdrive.fr/image.ashx?id=2873144&use=l&cat=p&typeid=i","cat":319805},{"id":29900,"n":"Bière belge Rince Cochon Blonde - 8.5%vol. - 33cl","p":2.05,"u":"6,21 €/L","img":"https://fd13-photos.leclercdrive.fr/image.ashx?id=2694695&use=l&cat=p&typeid=i","cat":334872},{"id":29913,"n":"Bière belge Rince Cochon Fruits rouges - 7.5%vol. - 33cl","p":2.19,"u":"6,64 €/L","img":"https://fd13-photos.leclercdrive.fr/image.ashx?id=2694698&use=l&cat=p&typeid=i","cat":334872},{"id":29927,"n":"Bière belge Rince Cochon Blonde - 8.5%vol. - 75cl","p":3.44,"u":"4,59 €/L","img":"https://fd13-photos.leclercdrive.fr/image.ashx?id=1741463&use=l&cat=p&typeid=i","cat":334872},{"id":29961,"n":"AOC Buzet rouge L'Excellence - 75cl","p":4.5,"u":"6,00 €/L","img":"https://fd13-photos.leclercdrive.fr/image.ashx?id=2831891&use=l&cat=p&typeid=i","cat":289556},{"id":29978,"n":"La Fermière Yaourt brassé crème de Marrons - 2x160g","p":2.24,"u":"7,00 €/KG","img":"https://fd13-photos.leclercdrive.fr/image.ashx?id=3004927&use=l&cat=p&typeid=i","cat":314999},{"id":29979,"n":"Paupiette de veau Marie  Jardinière de légumes - 300g","p":3.73,"u":"12,43 €/KG","img":"https://fd13-photos.leclercdrive.fr/image.ashx?id=2317420&use=l&cat=p&typeid=i","cat":333665},{"id":30029,"n":"Poêlée champignons Notre Jardin Forestière - 400g","p":4.66,"u":"11,65 €/KG","img":"https://fd13-photos.leclercdrive.fr/image.ashx?id=2771372&use=l&cat=p&typeid=i","cat":319823},{"id":30043,"n":"Lait frais Délisse Entier Bouteille - 1L","p":1.33,"u":"1,33 €/L","img":"https://fd13-photos.leclercdrive.fr/image.ashx?id=2970584&use=l&cat=p&typeid=i","cat":285609},{"id":30051,"n":"Mini gratins Côté Table Choux fleurs - x4 480g","p":3.19,"u":"6,65 €/KG","img":"https://fd13-photos.leclercdrive.fr/image.ashx?id=2029370&use=l&cat=p&typeid=i","cat":319802},{"id":30053,"n":"Nuggets de poulet Pic'Express x18 400g","p":4.15,"u":"10,38 €/KG","img":"https://fd13-photos.leclercdrive.fr/image.ashx?id=2823747&use=l&cat=p&typeid=i","cat":319780},{"id":30055,"n":"Légumes pour potage Bio Bio Village - 600g","p":1.99,"u":"3,32 €/KG","img":"https://fd13-photos.leclercdrive.fr/image.ashx?id=2891818&use=l&cat=p&typeid=i","cat":319805},{"id":30056,"n":"Ratatouille Bio Bio Village Cuisinée - 600g","p":3.49,"u":"5,82 €/KG","img":"https://fd13-photos.leclercdrive.fr/image.ashx?id=2891821&use=l&cat=p&typeid=i","cat":319823},{"id":30059,"n":"Trio de fleurette Notre Jardin 1kg","p":2.48,"u":"2,48 €/KG","img":"https://fd13-photos.leclercdrive.fr/image.ashx?id=2873141&use=l&cat=p&typeid=i","cat":319805},{"id":30067,"n":"Assaisonnement En Poudre KNORR Secret d’Arômes Tube - 60g","p":1.24,"u":"20,67 €/KG","img":"https://fd13-photos.leclercdrive.fr/image.ashx?id=3014401&use=l&cat=p&typeid=i","cat":298297},{"id":30084,"n":"Bacon Saint Azay 100g","p":1.62,"u":"16,20 €/KG","img":"https://fd13-photos.leclercdrive.fr/image.ashx?id=2943653&use=l&cat=p&typeid=i","cat":316007},{"id":30089,"n":"Blanc de poulet Tradilège 6 tranches - 180g","p":1.51,"u":"8,39 €/KG","img":"https://fd13-photos.leclercdrive.fr/image.ashx?id=2390386&use=l&cat=p&typeid=i","cat":316010},{"id":30091,"n":"Blanc de dinde Tradilège 6 tranches 180g","p":1.96,"u":"10,89 €/KG","img":"https://fd13-photos.leclercdrive.fr/image.ashx?id=2925744&use=l&cat=p&typeid=i","cat":316010},{"id":30094,"n":"Jambon à griller Tradilège 2 tranches 160g","p":2.42,"u":"15,13 €/KG","img":"https://fd13-photos.leclercdrive.fr/image.ashx?id=2064633&use=l&cat=p&typeid=i","cat":316009},{"id":30110,"n":"Pommes de terre NRT à la Sarladaise - 600g","p":2.99,"u":"4,98 €/KG","img":"https://fd13-photos.leclercdrive.fr/image.ashx?id=2699816&use=l&cat=p&typeid=i","cat":319823},{"id":30117,"n":"Sacs poubelle 50L Alfapac Coulissant végétal - x10","p":2.86,"img":"https://fd13-photos.leclercdrive.fr/image.ashx?id=2732362&use=l&cat=p&typeid=i","cat":285168},{"id":30124,"n":"Soupe Régal Soupe Tomate et vermicelles - 1L","p":1.8,"u":"1,80 €/L","img":"https://fd13-photos.leclercdrive.fr/image.ashx?id=2607518&use=l&cat=p&typeid=i","cat":284462},{"id":30128,"n":"Céréales Chocapic Nestlé Chocolat - 1kg","p":5.97,"u":"5,97 €/KG","img":"https://fd13-photos.leclercdrive.fr/image.ashx?id=2977729&use=l&cat=p&typeid=i","cat":309513},{"id":30144,"n":"Croquettes chiens adulte Ultima Medium/maxi - poulet 7.5kg","p":22.13,"u":"2,95 €/KG","img":"https://fd13-photos.leclercdrive.fr/image.ashx?id=2872033&use=l&cat=p&typeid=i","cat":284672},{"id":30150,"n":"Eau aromatisée Volvic Juicy Agrumes -1,5L","p":1.79,"u":"1,19 €/L","img":"https://fd13-photos.leclercdrive.fr/image.ashx?id=2961987&use=l&cat=p&typeid=i","cat":284537},{"id":30185,"n":"Haché moelleux oignon Férial x10 - 1kg","p":7.49,"u":"7,49 €/KG","img":"https://fd13-photos.leclercdrive.fr/image.ashx?id=2704517&use=l&cat=p&typeid=i","cat":319778},{"id":30186,"n":"Haché moelleux Férial x10 - 1kg","p":9.73,"u":"9,73 €/KG","img":"https://fd13-photos.leclercdrive.fr/image.ashx?id=2966514&use=l&cat=p&typeid=i","cat":319778},{"id":30188,"n":"Steak haché bio - Bio Village  15%mg x4 - 400g","p":8.25,"u":"20,63 €/KG","img":"https://fd13-photos.leclercdrive.fr/image.ashx?id=2840422&use=l&cat=p&typeid=i","cat":319778},{"id":30189,"n":"Tortillas chips Tokapi Chili - 150g","p":0.99,"u":"6,60 €/KG","img":"https://fd13-photos.leclercdrive.fr/image.ashx?id=2647958&use=l&cat=p&typeid=i","cat":287899},{"id":30202,"n":"Soupe poisson sétoise Coudène + Rouille - 780g","p":5.99,"u":"7,68 €/KG","img":"https://fd13-photos.leclercdrive.fr/image.ashx?id=2393134&use=l&cat=p&typeid=i","cat":285192},{"id":30212,"n":"Soufflés l'Original Curly Cacahuète - 100g","p":0.88,"u":"8,80 €/KG","img":"https://fd13-photos.leclercdrive.fr/image.ashx?id=2693635&use=l&cat=p&typeid=i","cat":284449},{"id":30213,"n":"Soufflés l'Original Curly Cacahuète - 2x100g","p":1.74,"u":"8,70 €/KG","img":"https://fd13-photos.leclercdrive.fr/image.ashx?id=2962887&use=l&cat=p&typeid=i","cat":284449},{"id":30235,"n":"Bonbons Tic Tac  Menthe x100 - 49g","p":1.6,"u":"32,65 €/KG","img":"https://fd13-photos.leclercdrive.fr/image.ashx?id=2729470&use=l&cat=p&typeid=i","cat":304256},{"id":30256,"n":"Pâte à tartiner Nutella 825g","p":5.77,"u":"6,99 €/KG","img":"https://fd13-photos.leclercdrive.fr/image.ashx?id=2961813&use=l&cat=p&typeid=i","cat":284481},{"id":30272,"n":"IGP Pays d'Oc rouge Merlot Les Ormes de Cambras 12.5% BIB 5L","p":15.55,"u":"3,11 €/L","img":"https://fd13-photos.leclercdrive.fr/image.ashx?id=2443871&use=l&cat=p&typeid=i","cat":289560},{"id":30273,"n":"IGP Pays d'OC rouge Les Ormes De Cambras Sauvignon 12% BIB 5L","p":15.68,"u":"3,14 €/L","img":"https://fd13-photos.leclercdrive.fr/image.ashx?id=2445115&use=l&cat=p&typeid=i","cat":289560},{"id":30360,"n":"Bonbons Tic Tac 100 pastilles citron vert et orange - 49g","p":1.6,"u":"32,65 €/KG","img":"https://fd13-photos.leclercdrive.fr/image.ashx?id=2736280&use=l&cat=p&typeid=i","cat":304256},{"id":30362,"n":"Fleur de maïs Maïzena 400g","p":1.41,"u":"3,53 €/KG","img":"https://fd13-photos.leclercdrive.fr/image.ashx?id=2312770&use=l&cat=p&typeid=i","cat":288382},{"id":30372,"n":"Fleur de Maïs Maïzena Sans Gluten Format Famille 700g","p":2.48,"u":"3,54 €/KG","img":"https://fd13-photos.leclercdrive.fr/image.ashx?id=2773907&use=l&cat=p&typeid=i","cat":288382},{"id":30379,"n":"Fixateur chantilly Sainte Lucie Sachet x5 15g","p":1.45,"u":"96,67 €/KG","img":"https://fd13-photos.leclercdrive.fr/image.ashx?id=2513313&use=l&cat=p&typeid=i","cat":284504},{"id":30393,"n":"Mélange Ducros Cuisine à l'italienne - 30g","p":1.9,"u":"63,33 €/KG","img":"https://fd13-photos.leclercdrive.fr/image.ashx?id=2559454&use=l&cat=p&typeid=i","cat":298297},{"id":30394,"n":"Mélange malin Ducros Pour pâtes - 30g","p":2.6,"u":"86,67 €/KG","img":"https://fd13-photos.leclercdrive.fr/image.ashx?id=2559457&use=l&cat=p&typeid=i","cat":298297},{"id":30407,"n":"Dés de fromage salade Boursin Ail & fines herbes -120g","p":2.4,"u":"20,00 €/KG","img":"https://fd13-photos.leclercdrive.fr/image.ashx?id=2864366&use=l&cat=p&typeid=i","cat":314027},{"id":30413,"n":"Pommeau de Normandie NRT  17%vol. - 70cl","p":8.6,"u":"12,29 €/L","img":"https://fd13-photos.leclercdrive.fr/image.ashx?id=1647898&use=l&cat=p&typeid=i","cat":284913},{"id":30415,"n":"IGP Pays d'Oc rouge J-P Chenet Cabernet Syrah 13% vol - BIB 3L","p":10.42,"u":"3,47 €/L","img":"https://fd13-photos.leclercdrive.fr/image.ashx?id=2837451&use=l&cat=p&typeid=i","cat":289560},{"id":30420,"n":"Pizza Cuite sur pierre Turini Royale familiale - 570g","p":2.84,"u":"4,98 €/KG","img":"https://fd13-photos.leclercdrive.fr/image.ashx?id=2815241&use=l&cat=p&typeid=i","cat":284256},{"id":30477,"n":"Chocolat Pâtissier Nestlé Dessert : Praliné - 170g","p":3.11,"u":"18,29 €/KG","img":"https://fd13-photos.leclercdrive.fr/image.ashx?id=2895637&use=l&cat=p&typeid=i","cat":285562},{"id":30520,"n":"Fromage apéritif BoursinFromage Ail et fines herbes 20 roulés","p":3.47,"u":"34,70 €/KG","img":"https://fd13-photos.leclercdrive.fr/image.ashx?id=2918589&use=l&cat=p&typeid=i","cat":314027},{"id":30572,"n":"Pur jus de pomme Jafaden 1L","p":2.15,"u":"2,15 €/L","img":"https://fd13-photos.leclercdrive.fr/image.ashx?id=2916701&use=l&cat=p&typeid=i","cat":285435},{"id":30573,"n":"Edulcorant sucralose Canderel Briquet x300","p":2.97,"u":"95,81 €/KG","img":"https://fd13-photos.leclercdrive.fr/image.ashx?id=2811014&use=l&cat=p&typeid=i","cat":324846},{"id":30576,"n":"Zanzigliss Haribo Sachet bonbons réglisse - 300g","p":1.49,"u":"4,97 €/KG","img":"https://fd13-photos.leclercdrive.fr/image.ashx?id=2802347&use=l&cat=p&typeid=i","cat":304250},{"id":30578,"n":"Bonbons LUTTI Scoubidou Doux Fruits - 200g","p":1.27,"u":"6,35 €/KG","img":"https://fd13-photos.leclercdrive.fr/image.ashx?id=2817434&use=l&cat=p&typeid=i","cat":304250},{"id":30582,"n":"Petit pot de crème Délisse Vanille - 8x100g","p":3.48,"u":"4,35 €/KG","img":"https://fd13-photos.leclercdrive.fr/image.ashx?id=2544976&use=l&cat=p&typeid=i","cat":285041},{"id":30588,"n":"Yaourts de Savoie NRT  Pêche Abricot - 4x150g","p":2.35,"u":"3,92 €/KG","img":"https://fd13-photos.leclercdrive.fr/image.ashx?id=2920806&use=l&cat=p&typeid=i","cat":284410},{"id":30591,"n":"Yaourts Savoie NRT  Poire Mirabelle - 4x150g","p":2.35,"u":"3,92 €/KG","img":"https://fd13-photos.leclercdrive.fr/image.ashx?id=2920809&use=l&cat=p&typeid=i","cat":284410},{"id":30592,"n":"Fromage blanc Délisse Sucré 3% MG - 8x100g","p":2.29,"u":"2,86 €/KG","img":"https://fd13-photos.leclercdrive.fr/image.ashx?id=3012833&use=l&cat=p&typeid=i","cat":284409},{"id":30600,"n":"Billes Chocolat au Lait KitKat Sachet  - 250g","p":3.96,"u":"15,84 €/KG","img":"https://fd13-photos.leclercdrive.fr/image.ashx?id=2806063&use=l&cat=p&typeid=i","cat":304238},{"id":30619,"n":"Jambon cru Aoste Quart Tranché  sans conservateur -  x18 - 220g","p":5.47,"u":"24,86 €/KG","img":"https://fd13-photos.leclercdrive.fr/image.ashx?id=2948057&use=l&cat=p&typeid=i","cat":316007},{"id":30640,"n":"Lapin chasseur Côté Table 280g","p":2.2,"u":"7,86 €/KG","img":"https://fd13-photos.leclercdrive.fr/image.ashx?id=2393866&use=l&cat=p&typeid=i","cat":284953},{"id":30646,"n":"Salade Notre Jardin Feuille de chêne - 125g","p":0.99,"u":"7,92 €/KG","img":"https://fd13-photos.leclercdrive.fr/image.ashx?id=2669717&use=l&cat=p&typeid=i","cat":284353},{"id":30656,"n":"Bandes de cire froide Siliss Maillot aisselles - x16","p":2.19,"u":"0,14 €/P","img":"https://fd13-photos.leclercdrive.fr/image.ashx?id=2699450&use=l&cat=p&typeid=i","cat":325351},{"id":30729,"n":"Crème Dépilatoire Siliss Maillot aisselles - 100ml","p":1.79,"u":"17,90 €/L","img":"https://fd13-photos.leclercdrive.fr/image.ashx?id=2699687&use=l&cat=p&typeid=i","cat":325351},{"id":30780,"n":"Sacs poubelle 30L Eco+ x20","p":0.57,"u":"0,03 €/P","img":"https://fd13-photos.leclercdrive.fr/image.ashx?id=2801768&use=l&cat=p&typeid=i","cat":285168},{"id":30791,"n":"Mouchoirs blancs 2 plis Eco+ Boîte mouchoirs en papier- x150","p":0.62,"img":"https://fd13-photos.leclercdrive.fr/image.ashx?id=2882990&use=l&cat=p&typeid=i","cat":284638},{"id":30808,"n":"Coton-tiges Eco+ Tige papier x200 bâtonnets","p":0.34,"img":"https://fd13-photos.leclercdrive.fr/image.ashx?id=2940893&use=l&cat=p&typeid=i","cat":284636},{"id":30813,"n":"Crème adhésive Dentamyl Hypoallergénique 50g","p":2.99,"u":"59,80 €/KG","img":"https://fd13-photos.leclercdrive.fr/image.ashx?id=2643378&use=l&cat=p&typeid=i","cat":285158},{"id":30815,"n":"Dissolvant Eco+ 250ml","p":1.33,"u":"5,32 €/L","img":"https://fd13-photos.leclercdrive.fr/image.ashx?id=1873934&use=l&cat=p&typeid=i","cat":325347},{"id":30816,"n":"Film étirable Eco+ 50m","p":0.95,"img":"https://fd13-photos.leclercdrive.fr/image.ashx?id=2751847&use=l&cat=p&typeid=i","cat":334134},{"id":30850,"n":"Blanquette veau Côté Table Champignons 285g","p":2.2,"u":"7,72 €/KG","img":"https://fd13-photos.leclercdrive.fr/image.ashx?id=2064822&use=l&cat=p&typeid=i","cat":284953},{"id":30851,"n":"Cuisse Dinde Label Rouge x 1  IGP Volailles du Maine  - 750g","p":4.58,"u":"6,11 €/KG","img":"https://fd13-photos.leclercdrive.fr/image.ashx?id=2250570&use=l&cat=p&typeid=i","cat":284337},{"id":30856,"n":"Emincés de poulet Tradilège Rôti - 2x75g","p":2.09,"u":"13,93 €/KG","img":"https://fd13-photos.leclercdrive.fr/image.ashx?id=2930775&use=l&cat=p&typeid=i","cat":316011},{"id":30900,"n":"Biscuits sablés Sans gluten Chocolat noir - 150g","p":3.46,"u":"23,07 €/KG","img":"https://fd13-photos.leclercdrive.fr/image.ashx?id=2669741&use=l&cat=p&typeid=i","cat":318654},{"id":30907,"n":"Madeleine aux Oeufs GERBLE  Sans Gluten 200 g","p":3.37,"u":"16,85 €/KG","img":"https://fd13-photos.leclercdrive.fr/image.ashx?id=2662802&use=l&cat=p&typeid=i","cat":318654},{"id":30910,"n":"Pain façon campagnard Chaque Jour Sans Gluten - 400g","p":4.0,"u":"10,00 €/KG","img":"https://fd13-photos.leclercdrive.fr/image.ashx?id=2710795&use=l&cat=p&typeid=i","cat":325069},{"id":30916,"n":"Ciboulette Sainte Lucie Tubulaire - 5g","p":1.23,"u":"246,00 €/KG","img":"https://fd13-photos.leclercdrive.fr/image.ashx?id=2974336&use=l&cat=p&typeid=i","cat":298297},{"id":30917,"n":"Pâtes Escalope volaille Marie Crème champignons - 900g","p":4.96,"u":"5,51 €/KG","img":"https://fd13-photos.leclercdrive.fr/image.ashx?id=2996794&use=l&cat=p&typeid=i","cat":284254},{"id":30928,"n":"Fumet de poisson Rustica Déshydraté - 90g","p":2.05,"u":"22,78 €/KG","img":"https://fd13-photos.leclercdrive.fr/image.ashx?id=2188685&use=l&cat=p&typeid=i","cat":288379},{"id":30929,"n":"Tortillas chips Tables du Monde Nature - 200g","p":1.15,"u":"5,75 €/KG","img":"https://fd13-photos.leclercdrive.fr/image.ashx?id=2655695&use=l&cat=p&typeid=i","cat":288993},{"id":30947,"n":"Pâtes Collezione Barilla Tagliatelle - 500g","p":1.58,"u":"3,16 €/KG","img":"https://fd13-photos.leclercdrive.fr/image.ashx?id=2654119&use=l&cat=p&typeid=i","cat":284427},{"id":30949,"n":"plat cuisiné quinoa tomates olives bio bjorg- 250g","p":1.76,"u":"7,04 €/KG","img":"https://fd13-photos.leclercdrive.fr/image.ashx?id=2854444&use=l&cat=p&typeid=i","cat":287600},{"id":30969,"n":"Glace Cône Nestlé Extrême Sorbet fruits rouges x6 - 426g","p":3.22,"u":"7,56 €/KG","img":"https://fd13-photos.leclercdrive.fr/image.ashx?id=2729845&use=l&cat=p&typeid=i","cat":284264},{"id":30983,"n":"Filets de limande Pêche Océan Meunière - MSC - 400g","p":6.85,"u":"17,13 €/KG","img":"https://fd13-photos.leclercdrive.fr/image.ashx?id=2489122&use=l&cat=p&typeid=i","cat":319788},{"id":30989,"n":"Quiche lorraine Côté Table 2x150g","p":2.92,"u":"9,73 €/KG","img":"https://fd13-photos.leclercdrive.fr/image.ashx?id=2791770&use=l&cat=p&typeid=i","cat":284257},{"id":31003,"n":"Jus de citron jaune 50cl","p":1.99,"u":"3,98 €/L","img":"https://fd13-photos.leclercdrive.fr/image.ashx?id=2656982&use=l&cat=p&typeid=i","cat":288383},{"id":31021,"n":"Gnocchi Turini 800g","p":2.29,"u":"2,86 €/KG","img":"https://fd13-photos.leclercdrive.fr/image.ashx?id=2254529&use=l&cat=p&typeid=i","cat":333682},{"id":31022,"n":"Gnocchi à poêler Turini 500g","p":1.42,"u":"2,84 €/KG","img":"https://fd13-photos.leclercdrive.fr/image.ashx?id=2606822&use=l&cat=p&typeid=i","cat":333682},{"id":31023,"n":"Ravioli Ricotta épinards Bio  Bio village - 250g","p":2.99,"u":"11,96 €/KG","img":"https://fd13-photos.leclercdrive.fr/image.ashx?id=2650252&use=l&cat=p&typeid=i","cat":333682},{"id":31027,"n":"Cappuccino soluble Plantation nature - 280g","p":3.21,"u":"11,46 €/KG","img":"https://fd13-photos.leclercdrive.fr/image.ashx?id=2819274&use=l&cat=p&typeid=i","cat":284843},{"id":31029,"n":"Escalope Cordon Bleu Père Dodu  Dinde - Comté x2 - 200g","p":2.43,"u":"12,15 €/KG","img":"https://fd13-photos.leclercdrive.fr/image.ashx?id=2957179&use=l&cat=p&typeid=i","cat":333683},{"id":31035,"n":"Chips La classique Vico Nature - 135g","p":1.28,"u":"9,48 €/KG","img":"https://fd13-photos.leclercdrive.fr/image.ashx?id=2917801&use=l&cat=p&typeid=i","cat":284447},{"id":31046,"n":"Assortiment crackers Tokapi Emmental - 100g","p":0.64,"u":"6,40 €/KG","img":"https://fd13-photos.leclercdrive.fr/image.ashx?id=2034386&use=l&cat=p&typeid=i","cat":297000},{"id":31050,"n":"Biscuits pavot citron GERBLE  - 4x4  200g","p":1.39,"u":"6,95 €/KG","img":"https://fd13-photos.leclercdrive.fr/image.ashx?id=2967001&use=l&cat=p&typeid=i","cat":318651},{"id":31052,"n":"Biscuits figue et son GERBLE   - 5x5, 210g","p":1.4,"u":"6,67 €/KG","img":"https://fd13-photos.leclercdrive.fr/image.ashx?id=2662319&use=l&cat=p&typeid=i","cat":318651},{"id":31054,"n":"Bouillon Cube Maggi Vollaile - x12 cubes - 120g","p":1.67,"u":"13,92 €/KG","img":"https://fd13-photos.leclercdrive.fr/image.ashx?id=2736982&use=l&cat=p&typeid=i","cat":288379},{"id":31058,"n":"Pâtes Barilla Capellini n°1 - 500g","p":0.99,"u":"1,98 €/KG","img":"https://fd13-photos.leclercdrive.fr/image.ashx?id=2392194&use=l&cat=p&typeid=i","cat":284427},{"id":31084,"n":"Crackers Tokapi Sésame et pavot - 100g","p":0.69,"u":"6,90 €/KG","img":"https://fd13-photos.leclercdrive.fr/image.ashx?id=1921880&use=l&cat=p&typeid=i","cat":297000},{"id":31086,"n":"Capsules Nescafé Dolce Gusto  Lungo Décaféiné - x16","p":4.98,"u":"44,46 €/KG","img":"https://fd13-photos.leclercdrive.fr/image.ashx?id=2836676&use=l&cat=p&typeid=i","cat":293239},{"id":31088,"n":"Coeurs d'artichaut Notre Jardin 245g","p":3.49,"u":"14,24 €/KG","img":"https://fd13-photos.leclercdrive.fr/image.ashx?id=2607918&use=l&cat=p&typeid=i","cat":312611},{"id":31095,"n":"Filets maquereaux Pêche Océan Citron olives - 176g","p":1.78,"u":"10,11 €/KG","img":"https://fd13-photos.leclercdrive.fr/image.ashx?id=2515679&use=l&cat=p&typeid=i","cat":303868},{"id":31097,"n":"Feuilletés Tokapi Emmental - 85g","p":0.98,"u":"11,53 €/KG","img":"https://fd13-photos.leclercdrive.fr/image.ashx?id=1884022&use=l&cat=p&typeid=i","cat":297000},{"id":31098,"n":"Capsules Nescafé Dolce Gusto  Café au Lait - x16","p":4.71,"u":"29,44 €/KG","img":"https://fd13-photos.leclercdrive.fr/image.ashx?id=2946637&use=l&cat=p&typeid=i","cat":293239},{"id":31101,"n":"Filets maquereaux Pêche Océan Sauce escabèche - 169g","p":1.15,"u":"6,80 €/KG","img":"https://fd13-photos.leclercdrive.fr/image.ashx?id=2394666&use=l&cat=p&typeid=i","cat":303868},{"id":31105,"n":"Gaufrettes P'tit Déli Praliné noisette x15 110g","p":0.87,"u":"7,91 €/KG","img":"https://fd13-photos.leclercdrive.fr/image.ashx?id=2418245&use=l&cat=p&typeid=i","cat":284488},{"id":31106,"n":"Gaufrettes P'tit Déli Chocolat x15 110g","p":1.1,"u":"10,00 €/KG","img":"https://fd13-photos.leclercdrive.fr/image.ashx?id=2436020&use=l&cat=p&typeid=i","cat":284488},{"id":31107,"n":"Gâteau P'tit Déli Tout chocolat 300g","p":2.15,"u":"7,17 €/KG","img":"https://fd13-photos.leclercdrive.fr/image.ashx?id=2562707&use=l&cat=p&typeid=i","cat":294776},{"id":31116,"n":"Pâtes bio Jardin Bio' Tire-bouchon semi-complet  500g","p":1.84,"u":"3,68 €/KG","img":"https://fd13-photos.leclercdrive.fr/image.ashx?id=2961116&use=l&cat=p&typeid=i","cat":284427},{"id":31132,"n":"Tartine croustillante Epi d'Or Céréales - 250g","p":1.41,"u":"5,64 €/KG","img":"https://fd13-photos.leclercdrive.fr/image.ashx?id=2535256&use=l&cat=p&typeid=i","cat":284479},{"id":31135,"n":"Terrine de lapin Côté Table A la moutarde - 180g","p":2.49,"u":"13,83 €/KG","img":"https://fd13-photos.leclercdrive.fr/image.ashx?id=2476125&use=l&cat=p&typeid=i","cat":305149},{"id":31136,"n":"Pâtes Torti Panzani 3 Minutes - 1Kg","p":2.25,"u":"2,25 €/KG","img":"https://fd13-photos.leclercdrive.fr/image.ashx?id=2896099&use=l&cat=p&typeid=i","cat":284427},{"id":31139,"n":"Tortillas chips Tables du Monde Chili - 200g","p":1.39,"u":"6,95 €/KG","img":"https://fd13-photos.leclercdrive.fr/image.ashx?id=2661544&use=l&cat=p&typeid=i","cat":288993},{"id":31143,"n":"Lait concentré sucré Délisse 397g","p":1.35,"u":"3,40 €/KG","img":"https://fd13-photos.leclercdrive.fr/image.ashx?id=2576588&use=l&cat=p&typeid=i","cat":299162},{"id":31146,"n":"Madeleines P'tit Déli Longues fourrées 240g","p":2.35,"u":"9,79 €/KG","img":"https://fd13-photos.leclercdrive.fr/image.ashx?id=2754204&use=l&cat=p&typeid=i","cat":284492},{"id":31149,"n":"Les p'tites spirales P'tit Déli Fraise 150g","p":1.55,"u":"10,33 €/KG","img":"https://fd13-photos.leclercdrive.fr/image.ashx?id=2660419&use=l&cat=p&typeid=i","cat":284495},{"id":31174,"n":"Pâtes penne rigate Panzani 1kg","p":2.01,"u":"2,01 €/KG","img":"https://fd13-photos.leclercdrive.fr/image.ashx?id=2876020&use=l&cat=p&typeid=i","cat":284427},{"id":31178,"n":"Pois apéritif Tanoshi wasabi - sachet 100g","p":1.8,"u":"18,00 €/KG","img":"https://fd13-photos.leclercdrive.fr/image.ashx?id=2928522&use=l&cat=p&typeid=i","cat":288992},{"id":31183,"n":"Pain campagnard Schar 240g","p":3.49,"u":"14,54 €/KG","img":"https://fd13-photos.leclercdrive.fr/image.ashx?id=2267978&use=l&cat=p&typeid=i","cat":325069},{"id":31193,"n":"Biscuit apéritif ancel Bretzels Sticks - 200g","p":1.02,"u":"5,10 €/KG","img":"https://fd13-photos.leclercdrive.fr/image.ashx?id=2895178&use=l&cat=p&typeid=i","cat":297000},{"id":31200,"n":"AOP Bordeaux rouge Baron de Lestac - BIB 3L","p":13.99,"u":"4,66 €/L","img":"https://fd13-photos.leclercdrive.fr/image.ashx?id=2420910&use=l&cat=p&typeid=i","cat":289560},{"id":31211,"n":"Grana Padano AOP Casa Azzurra Râpé -  100g","p":1.97,"u":"19,70 €/KG","img":"https://fd13-photos.leclercdrive.fr/image.ashx?id=2284730&use=l&cat=p&typeid=i","cat":314035},{"id":31223,"n":"Bain Dissolvant Inell Bain sans acétone - 75ml","p":3.99,"u":"53,20 €/L","img":"https://fd13-photos.leclercdrive.fr/image.ashx?id=2244820&use=l&cat=p&typeid=i","cat":325347},{"id":31265,"n":"Friandises chats Félix Original  Party mix - 60g","p":1.2,"u":"20,00 €/KG","img":"https://fd13-photos.leclercdrive.fr/image.ashx?id=2683346&use=l&cat=p&typeid=i","cat":285285},{"id":31289,"n":"Emmental râpé Entremont 3x70g","p":2.41,"u":"11,48 €/KG","img":"https://fd13-photos.leclercdrive.fr/image.ashx?id=2983150&use=l&cat=p&typeid=i","cat":314035},{"id":31297,"n":"Fromage crémeux Les Croisés 36%mg - 200g","p":2.43,"u":"12,15 €/KG","img":"https://fd13-photos.leclercdrive.fr/image.ashx?id=2037379&use=l&cat=p&typeid=i","cat":329558},{"id":31301,"n":"Steak haché Férial  15%mg - X10 - 1kg","p":11.9,"u":"11,90 €/KG","img":"https://fd13-photos.leclercdrive.fr/image.ashx?id=3004657&use=l&cat=p&typeid=i","cat":319778},{"id":31389,"n":"Menus gourmands Tous mes amis pour chatons - 12x100g","p":4.29,"u":"3,58 €/KG","img":"https://fd13-photos.leclercdrive.fr/image.ashx?id=2027595&use=l&cat=p&typeid=i","cat":285286},{"id":31447,"n":"Tablette Chocolat Lait Crunch Céréales Croustillantes 2x100g","p":2.7,"u":"13,50 €/KG","img":"https://fd13-photos.leclercdrive.fr/image.ashx?id=2899740&use=l&cat=p&typeid=i","cat":284497},{"id":31458,"n":"Moutarde de Dijon Rustica  Fine et forte - 160g","p":0.95,"u":"5,94 €/KG","img":"https://fd13-photos.leclercdrive.fr/image.ashx?id=2954367&use=l&cat=p&typeid=i","cat":288850},{"id":31590,"n":"Cahier de musique 48 pages 17x22","p":0.99,"img":"https://fd13-photos.leclercdrive.fr/image.ashx?id=1690925&use=l&cat=p&typeid=i","cat":284697},{"id":31641,"n":"Poulet basquaise Côté Table Riz 285g","p":1.81,"u":"6,35 €/KG","img":"https://fd13-photos.leclercdrive.fr/image.ashx?id=2476149&use=l&cat=p&typeid=i","cat":284953},{"id":31659,"n":"Sirop La Maison Guiot Cerise - 70cl","p":3.18,"u":"4,54 €/L","img":"https://fd13-photos.leclercdrive.fr/image.ashx?id=2857201&use=l&cat=p&typeid=i","cat":295020},{"id":31660,"n":"Sirop La Maison Guiot Fraise des bois - 70cl","p":3.5,"u":"5,00 €/L","img":"https://fd13-photos.leclercdrive.fr/image.ashx?id=2857207&use=l&cat=p&typeid=i","cat":295020},{"id":31661,"n":"Sirop La Maison Guiot Pêche blanche - 70cl","p":3.34,"u":"4,77 €/L","img":"https://fd13-photos.leclercdrive.fr/image.ashx?id=2857198&use=l&cat=p&typeid=i","cat":295020},{"id":31662,"n":"Sirop La Maison Guiot Mûre / Cassis - 70cl","p":3.18,"u":"4,54 €/L","img":"https://fd13-photos.leclercdrive.fr/image.ashx?id=2857186&use=l&cat=p&typeid=i","cat":295020},{"id":31682,"n":"Sachet repas chat Tous mes amis Viande en sauces - 4x100g","p":1.49,"u":"3,73 €/KG","img":"https://fd13-photos.leclercdrive.fr/image.ashx?id=2043005&use=l&cat=p&typeid=i","cat":285286},{"id":31709,"n":"Viande boeuf séchée Saint Azay 10 tranches - 80g","p":3.78,"u":"47,25 €/KG","img":"https://fd13-photos.leclercdrive.fr/image.ashx?id=2071366&use=l&cat=p&typeid=i","cat":316007},{"id":31714,"n":"Pur jus de pomme Bio Village Bio - 6x20cl","p":3.25,"u":"2,71 €/L","img":"https://fd13-photos.leclercdrive.fr/image.ashx?id=2077442&use=l&cat=p&typeid=i","cat":284524},{"id":31717,"n":"Parmigiano Reg AOP Casa Azzurra Râpé -  60g","p":1.47,"u":"24,50 €/KG","img":"https://fd13-photos.leclercdrive.fr/image.ashx?id=2261951&use=l&cat=p&typeid=i","cat":314035},{"id":31725,"n":"Boisson énergisante X-tense Canette - 4x50cl","p":3.12,"u":"1,56 €/L","img":"https://fd13-photos.leclercdrive.fr/image.ashx?id=2956068&use=l&cat=p&typeid=i","cat":284533},{"id":31728,"n":"Jus de pomme Jafaden Nectar - 2L","p":2.15,"u":"1,08 €/L","img":"https://fd13-photos.leclercdrive.fr/image.ashx?id=2956077&use=l&cat=p&typeid=i","cat":284522},{"id":31729,"n":"Jus de pomme Jafaden A base de concentré - 1L","p":0.95,"u":"0,95 €/L","img":"https://fd13-photos.leclercdrive.fr/image.ashx?id=2550842&use=l&cat=p&typeid=i","cat":284522},{"id":31730,"n":"Pur jus de pomme Jafaden 1L","p":0.99,"u":"0,99 €/L","img":"https://fd13-photos.leclercdrive.fr/image.ashx?id=1936638&use=l&cat=p&typeid=i","cat":284522},{"id":31731,"n":"Thé glacé Fresh Tea Pêche - 1L","p":1.03,"u":"1,03 €/L","img":"https://fd13-photos.leclercdrive.fr/image.ashx?id=2622251&use=l&cat=p&typeid=i","cat":295019},{"id":31733,"n":"Pur jus multifruits Jafaden 1L","p":1.39,"u":"1,39 €/L","img":"https://fd13-photos.leclercdrive.fr/image.ashx?id=2890006&use=l&cat=p&typeid=i","cat":284917},{"id":31736,"n":"Nectar Jafaden Goyave - 1L","p":2.08,"u":"2,08 €/L","img":"https://fd13-photos.leclercdrive.fr/image.ashx?id=2956095&use=l&cat=p&typeid=i","cat":284916},{"id":31737,"n":"Nectar Jafaden Passion - 1L","p":2.71,"u":"2,71 €/L","img":"https://fd13-photos.leclercdrive.fr/image.ashx?id=2959602&use=l&cat=p&typeid=i","cat":284916},{"id":31830,"n":"Sachet repas chat Tous mes amis Viande en sauce - 12x100g","p":3.65,"u":"3,04 €/KG","img":"https://fd13-photos.leclercdrive.fr/image.ashx?id=2677077&use=l&cat=p&typeid=i","cat":285286},{"id":31899,"n":"Huile OPTIMA Tramier  1L","p":5.19,"u":"5,19 €/L","img":"https://fd13-photos.leclercdrive.fr/image.ashx?id=2680407&use=l&cat=p&typeid=i","cat":284453},{"id":31915,"n":"Mayonnaise à la moutarde de Dij  de Dijon Rustica - 235 g","p":1.25,"u":"5,32 €/KG","img":"https://fd13-photos.leclercdrive.fr/image.ashx?id=2954355&use=l&cat=p&typeid=i","cat":298295},{"id":31918,"n":"Sucre Tablier Blanc En morceaux - 1kg","p":1.99,"u":"1,99 €/KG","img":"https://fd13-photos.leclercdrive.fr/image.ashx?id=3010425&use=l&cat=p&typeid=i","cat":284502},{"id":31920,"n":"Matière grasse Rustica à tartiner 50%MG Omega 3 - 500g","p":1.98,"u":"3,96 €/KG","img":"https://fd13-photos.leclercdrive.fr/image.ashx?id=2904556&use=l&cat=p&typeid=i","cat":315229},{"id":31924,"n":"Déodorant bille Manava Peaux sensibles 50ml","p":1.15,"u":"23,00 €/L","img":"https://fd13-photos.leclercdrive.fr/image.ashx?id=2481222&use=l&cat=p&typeid=i","cat":284595},{"id":31941,"n":"IGP Ardèche rouge Pont d'Arc 13.5% vol - BIB 5L","p":11.2,"u":"2,24 €/L","img":"https://fd13-photos.leclercdrive.fr/image.ashx?id=2527913&use=l&cat=p&typeid=i","cat":289560},{"id":31976,"n":"Sucre vanillé bio Bio Village 6x7.5g","p":1.85,"u":"41,11 €/KG","img":"https://fd13-photos.leclercdrive.fr/image.ashx?id=2166521&use=l&cat=p&typeid=i","cat":294686},{"id":31983,"n":"Cidre rosé Les Goelleries 2.5%vol. - 75cl","p":2.29,"u":"3,05 €/L","img":"https://fd13-photos.leclercdrive.fr/image.ashx?id=2842295&use=l&cat=p&typeid=i","cat":334880},{"id":31988,"n":"Sachet repas chat Tous mes amis Poissons en gelée - 4x100g","p":1.33,"u":"3,33 €/KG","img":"https://fd13-photos.leclercdrive.fr/image.ashx?id=2043002&use=l&cat=p&typeid=i","cat":285286},{"id":32054,"n":"Eau minérale gazeuse St Diery  Naturelle - 6x50cl","p":1.45,"u":"0,48 €/L","img":"https://fd13-photos.leclercdrive.fr/image.ashx?id=2423532&use=l&cat=p&typeid=i","cat":284536},{"id":32058,"n":"Amandes Tokapi Fumé - 125g","p":2.69,"u":"21,52 €/KG","img":"https://fd13-photos.leclercdrive.fr/image.ashx?id=2795556&use=l&cat=p&typeid=i","cat":284448},{"id":32059,"n":"Sachet repas chat Tous mes amis Viande en geléé - 12x100g","p":3.65,"u":"3,04 €/KG","img":"https://fd13-photos.leclercdrive.fr/image.ashx?id=2027598&use=l&cat=p&typeid=i","cat":285286},{"id":32064,"n":"Mousse à raser Carré Homme Sensible - 250ml","p":1.39,"u":"5,56 €/L","img":"https://fd13-photos.leclercdrive.fr/image.ashx?id=2704681&use=l&cat=p&typeid=i","cat":284617},{"id":32065,"n":"Couches bébé Mots d'Enfants T4 Douceur - 7/18kg - x74 changes","p":10.6,"u":"0,14 €/P","img":"https://fd13-photos.leclercdrive.fr/image.ashx?id=2907192&use=l&cat=p&typeid=i","cat":284737},{"id":32098,"n":"Biscuits Dinosaurus Lotus  Chocolat noir - 225g","p":2.14,"u":"9,51 €/KG","img":"https://fd13-photos.leclercdrive.fr/image.ashx?id=2859812&use=l&cat=p&typeid=i","cat":284488},{"id":32103,"n":"Goûter laitier Récré O'Lé Gourdes Chocolat - 4x85g","p":2.29,"u":"6,74 €/KG","img":"https://fd13-photos.leclercdrive.fr/image.ashx?id=3008824&use=l&cat=p&typeid=i","cat":284506},{"id":32125,"n":"Mélange Fruité Tokapi Fruits et graines - 110g","p":1.65,"u":"15,00 €/KG","img":"https://fd13-photos.leclercdrive.fr/image.ashx?id=2794003&use=l&cat=p&typeid=i","cat":284448},{"id":32183,"n":"Couches bébé Mots d'Enfants T4+ Douceur - 9/20kg - x70 changes","p":10.8,"u":"0,15 €/P","img":"https://fd13-photos.leclercdrive.fr/image.ashx?id=2904574&use=l&cat=p&typeid=i","cat":284737},{"id":32186,"n":"Couches bébé Mots d'Enfants T5 Douceur - 11/25kg - x66","p":10.7,"u":"0,16 €/P","img":"https://fd13-photos.leclercdrive.fr/image.ashx?id=2907195&use=l&cat=p&typeid=i","cat":284737},{"id":32202,"n":"Couches bébé Mots d'Enfants T3 Douceur - 4/9kg - x90 changes","p":11.4,"u":"0,13 €/P","img":"https://fd13-photos.leclercdrive.fr/image.ashx?id=2904571&use=l&cat=p&typeid=i","cat":284737},{"id":32216,"n":"Sandwich XXL Daunat Poulet rôti Mayonnaise - 230g","p":2.23,"u":"9,70 €/KG","img":"https://fd13-photos.leclercdrive.fr/image.ashx?id=2892706&use=l&cat=p&typeid=i","cat":333658},{"id":32217,"n":"Sandwich XXL Daunat Thon Oeuf Crudités - 230g","p":1.89,"u":"8,22 €/KG","img":"https://fd13-photos.leclercdrive.fr/image.ashx?id=2892697&use=l&cat=p&typeid=i","cat":333658},{"id":32255,"n":"Déodorant Manava Pierre d'alun/Aloé véra - 200ml","p":1.44,"u":"7,20 €/L","img":"https://fd13-photos.leclercdrive.fr/image.ashx?id=2710494&use=l&cat=p&typeid=i","cat":284595},{"id":32267,"n":"Emmental fromage rapé Les Croisés - 325g","p":2.65,"u":"8,15 €/KG","img":"https://fd13-photos.leclercdrive.fr/image.ashx?id=2805027&use=l&cat=p&typeid=i","cat":314035},{"id":32271,"n":"Pizza Turini Jambon emmental - 200g","p":1.22,"u":"6,10 €/KG","img":"https://fd13-photos.leclercdrive.fr/image.ashx?id=2989670&use=l&cat=p&typeid=i","cat":333679},{"id":32293,"n":"Sucre de canne Tablier Blanc Cassonade 750g","p":1.55,"u":"2,07 €/KG","img":"https://fd13-photos.leclercdrive.fr/image.ashx?id=2501676&use=l&cat=p&typeid=i","cat":284502},{"id":32301,"n":"Biscuit Petit beurre P'tit Déli Tablette chocolat blanc - 150g","p":1.49,"u":"9,93 €/KG","img":"https://fd13-photos.leclercdrive.fr/image.ashx?id=2517772&use=l&cat=p&typeid=i","cat":284488},{"id":32307,"n":"Le Rossignol Les Croisés 29%mg - 250g","p":2.16,"u":"8,64 €/KG","img":"https://fd13-photos.leclercdrive.fr/image.ashx?id=2343100&use=l&cat=p&typeid=i","cat":329558},{"id":32352,"n":"Emmental fromage râpé bio Bio village - 200g","p":2.31,"u":"11,55 €/KG","img":"https://fd13-photos.leclercdrive.fr/image.ashx?id=1972558&use=l&cat=p&typeid=i","cat":314035},{"id":32371,"n":"Petits pots  Babybio Bio Carotte quinoa - 8mois 2x200g","p":2.54,"u":"6,35 €/KG","img":"https://fd13-photos.leclercdrive.fr/image.ashx?id=2834512&use=l&cat=p&typeid=i","cat":312239},{"id":32380,"n":"Farine de blé Eco+ 1kg","p":0.54,"u":"0,54 €/KG","img":"https://fd13-photos.leclercdrive.fr/image.ashx?id=720217&use=l&cat=p&typeid=i","cat":284503},{"id":32386,"n":"Mélange forestier Notre Jardin 225g","p":2.57,"u":"11,42 €/KG","img":"https://fd13-photos.leclercdrive.fr/image.ashx?id=2804329&use=l&cat=p&typeid=i","cat":312612},{"id":32388,"n":"Maïs Notre Jardin Aux 2 poivrons - 270g","p":1.19,"u":"4,41 €/KG","img":"https://fd13-photos.leclercdrive.fr/image.ashx?id=2988057&use=l&cat=p&typeid=i","cat":312611},{"id":32390,"n":"Cuisse poulet jaune Volandrie x2 - 500g","p":2.85,"u":"5,70 €/KG","img":"https://fd13-photos.leclercdrive.fr/image.ashx?id=2804187&use=l&cat=p&typeid=i","cat":284336},{"id":32391,"n":"Poulet blanc St Charmin Entier - 1.25kg","p":8.99,"u":"7,19 €/KG","img":"https://fd13-photos.leclercdrive.fr/image.ashx?id=2486092&use=l&cat=p&typeid=i","cat":284336},{"id":32393,"n":"Filet de poulet St Charmin Blanc Val de Loire x2 - 240g","p":5.49,"u":"22,88 €/KG","img":"https://fd13-photos.leclercdrive.fr/image.ashx?id=1921506&use=l&cat=p&typeid=i","cat":284336},{"id":32422,"n":"Poulet rôti Purée à l'ancienne La Cuisine d'Océane 300g","p":2.86,"u":"9,53 €/KG","img":"https://fd13-photos.leclercdrive.fr/image.ashx?id=2962377&use=l&cat=p&typeid=i","cat":284953},{"id":32423,"n":"Sauté de porc Pommes de terre La Cuisine d'Océane 300g","p":2.74,"u":"9,13 €/KG","img":"https://fd13-photos.leclercdrive.fr/image.ashx?id=2962380&use=l&cat=p&typeid=i","cat":284953},{"id":32480,"n":"Culotte absorbante Tena Taille M - Plus - x9","p":7.68,"u":"0,85 €/P","img":"https://fd13-photos.leclercdrive.fr/image.ashx?id=2428591&use=l&cat=p&typeid=i","cat":284628},{"id":32492,"n":"Crème glacée L'Angelys Vanille - 450g","p":5.22,"u":"11,60 €/KG","img":"https://fd13-photos.leclercdrive.fr/image.ashx?id=2963574&use=l&cat=p&typeid=i","cat":284263},{"id":32493,"n":"Crème glacée L'Angelys Caramel beurre salé - 450g","p":5.21,"u":"11,58 €/KG","img":"https://fd13-photos.leclercdrive.fr/image.ashx?id=2883188&use=l&cat=p&typeid=i","cat":284263},{"id":32516,"n":"Saumon fumé Bio Bio Village Atlantique x4T - 120g","p":5.77,"u":"48,08 €/KG","img":"https://fd13-photos.leclercdrive.fr/image.ashx?id=2374606&use=l&cat=p&typeid=i","cat":285188},{"id":32555,"n":"Fromage Maasdam Les Croisés tranches x14 - 27.1%mg - 350g","p":3.23,"u":"9,23 €/KG","img":"https://fd13-photos.leclercdrive.fr/image.ashx?id=2026322&use=l&cat=p&typeid=i","cat":314028},{"id":32558,"n":"Mimolette Les Croisés 23.7%mg portion - 250g","p":2.97,"u":"11,88 €/KG","img":"https://fd13-photos.leclercdrive.fr/image.ashx?id=2796049&use=l&cat=p&typeid=i","cat":314034},{"id":32631,"n":"Biscuits palmier Bio Village Bio - 100g","p":1.27,"u":"12,70 €/KG","img":"https://fd13-photos.leclercdrive.fr/image.ashx?id=2610729&use=l&cat=p&typeid=i","cat":284487},{"id":32632,"n":"AOP Côtes du Rhône rosé Cellier des Dauphins - 6x75cl","p":19.15,"u":"4,26 €/L","img":"https://fd13-photos.leclercdrive.fr/image.ashx?id=2179806&use=l&cat=p&typeid=i","cat":289558},{"id":32643,"n":"Pruneaux d'Agen Couleurs Vives Dénoyautés - 500g","p":3.99,"u":"7,98 €/KG","img":"https://fd13-photos.leclercdrive.fr/image.ashx?id=2124107&use=l&cat=p&typeid=i","cat":284357},{"id":32653,"n":"Kiwis jaunes 4p","p":3.99,"img":"https://fd13-photos.leclercdrive.fr/image.ashx?id=1633952&use=l&cat=p&typeid=i","cat":284356},{"id":32707,"n":"Poisson pané  Cabillaud Findus MSC x4 - 400g","p":6.98,"u":"17,45 €/KG","img":"https://fd13-photos.leclercdrive.fr/image.ashx?id=2650666&use=l&cat=p&typeid=i","cat":319788},{"id":32724,"n":"Pain grillé bio Bio Village Céréales et graines - 225g","p":1.59,"u":"7,07 €/KG","img":"https://fd13-photos.leclercdrive.fr/image.ashx?id=2595119&use=l&cat=p&typeid=i","cat":284479},{"id":32765,"n":"Bonbons Copains Copines Planch' acid goût fruit 225g","p":1.11,"u":"4,93 €/KG","img":"https://fd13-photos.leclercdrive.fr/image.ashx?id=2934709&use=l&cat=p&typeid=i","cat":304250},{"id":32804,"n":"Poulet jaune St Charmin Val de Loire - 1.25kg","p":8.99,"u":"7,19 €/KG","img":"https://fd13-photos.leclercdrive.fr/image.ashx?id=2933304&use=l&cat=p&typeid=i","cat":284336},{"id":32806,"n":"Cuisse poulet jaune St Charmin Val de Loire x2 - 480g","p":4.08,"u":"8,50 €/KG","img":"https://fd13-photos.leclercdrive.fr/image.ashx?id=2933307&use=l&cat=p&typeid=i","cat":284336},{"id":32809,"n":"Filets de poulet St Charmin Val de Loire x2 - 240g","p":5.49,"u":"22,88 €/KG","img":"https://fd13-photos.leclercdrive.fr/image.ashx?id=2933310&use=l&cat=p&typeid=i","cat":284336},{"id":32878,"n":"Biscuits fins P'tit Déli Assortiment - 400g","p":4.57,"u":"11,43 €/KG","img":"https://fd13-photos.leclercdrive.fr/image.ashx?id=2563154&use=l&cat=p&typeid=i","cat":284490},{"id":32901,"n":"Escalopes de dinde Volandrie x2 - 240g","p":3.49,"u":"14,54 €/KG","img":"https://fd13-photos.leclercdrive.fr/image.ashx?id=2048860&use=l&cat=p&typeid=i","cat":284337},{"id":32902,"n":"Escalope de dinde Volandrie Extra fines x2 - 240g","p":3.49,"u":"14,54 €/KG","img":"https://fd13-photos.leclercdrive.fr/image.ashx?id=2048863&use=l&cat=p&typeid=i","cat":284337},{"id":32915,"n":"Oignons frits Colona 100g","p":1.35,"u":"13,50 €/KG","img":"https://fd13-photos.leclercdrive.fr/image.ashx?id=2687230&use=l&cat=p&typeid=i","cat":298297},{"id":32949,"n":"Gel Douche Fa Cap tonique mixte flacon- 250ml","p":1.48,"u":"5,92 €/L","img":"https://fd13-photos.leclercdrive.fr/image.ashx?id=2995418&use=l&cat=p&typeid=i","cat":284594},{"id":32969,"n":"Mousse à raser Carré Homme Menthol 250ml","p":1.39,"u":"5,56 €/L","img":"https://fd13-photos.leclercdrive.fr/image.ashx?id=2704705&use=l&cat=p&typeid=i","cat":284617},{"id":32970,"n":"Lingettes Bionaïa Démaquillantes Bio x25","p":1.04,"u":"0,04 €/P","img":"https://fd13-photos.leclercdrive.fr/image.ashx?id=2376025&use=l&cat=p&typeid=i","cat":284603},{"id":32972,"n":"Gel nettoyant Inell Visage 3 en 1 - 150ml","p":2.95,"u":"19,67 €/L","img":"https://fd13-photos.leclercdrive.fr/image.ashx?id=2644849&use=l&cat=p&typeid=i","cat":284603},{"id":32973,"n":"Eau micellaire Inell 500ml","p":2.36,"u":"4,72 €/L","img":"https://fd13-photos.leclercdrive.fr/image.ashx?id=1938870&use=l&cat=p&typeid=i","cat":284603},{"id":32981,"n":"Biscuits sec thé P'tit Déli 340g","p":1.21,"u":"3,56 €/KG","img":"https://fd13-photos.leclercdrive.fr/image.ashx?id=2679488&use=l&cat=p&typeid=i","cat":284487},{"id":32982,"n":"Pâtes coquillettes Turini Les 3 min - 1kg","p":1.43,"u":"1,43 €/KG","img":"https://fd13-photos.leclercdrive.fr/image.ashx?id=2607530&use=l&cat=p&typeid=i","cat":284427},{"id":32985,"n":"Riz long Comptoir du Grain Cuisson rapide - 2kg","p":3.36,"u":"1,68 €/KG","img":"https://fd13-photos.leclercdrive.fr/image.ashx?id=2226197&use=l&cat=p&typeid=i","cat":284428},{"id":32986,"n":"Pâtes penne Turini Les 3 min - 500g","p":0.99,"u":"1,98 €/KG","img":"https://fd13-photos.leclercdrive.fr/image.ashx?id=2744240&use=l&cat=p&typeid=i","cat":284427},{"id":33063,"n":"Lait de toilette Mots d'Enfants Extra-doux - 750ml","p":3.69,"u":"4,92 €/L","img":"https://fd13-photos.leclercdrive.fr/image.ashx?id=2266495&use=l&cat=p&typeid=i","cat":284741},{"id":33097,"n":"Steak haché façon bouchère 560g Férial - 15%mg - X4","p":9.45,"u":"16,88 €/KG","img":"https://fd13-photos.leclercdrive.fr/image.ashx?id=3004660&use=l&cat=p&typeid=i","cat":319778},{"id":33098,"n":"Viande hachée Férial 15%mg - 400G","p":5.49,"u":"13,73 €/KG","img":"https://fd13-photos.leclercdrive.fr/image.ashx?id=2966517&use=l&cat=p&typeid=i","cat":319779},{"id":33151,"n":"Préparation culinaire Soja Délisse - 5%mg - 3x20cl","p":1.89,"u":"3,15 €/L","img":"https://fd13-photos.leclercdrive.fr/image.ashx?id=2852115&use=l&cat=p&typeid=i","cat":316069},{"id":33197,"n":"Café moulu Plantation Colombie - 250g","p":3.87,"u":"15,48 €/KG","img":"https://fd13-photos.leclercdrive.fr/image.ashx?id=2824268&use=l&cat=p&typeid=i","cat":284750},{"id":33207,"n":"Gaufres fourrées vergeoises NRT 280g","p":3.59,"u":"12,82 €/KG","img":"https://fd13-photos.leclercdrive.fr/image.ashx?id=2622332&use=l&cat=p&typeid=i","cat":294777},{"id":33213,"n":"IGP Pays d'oc rosé Bio Grenache Autrement - 75cl","p":5.98,"u":"7,97 €/L","img":"https://fd13-photos.leclercdrive.fr/image.ashx?id=3005095&use=l&cat=p&typeid=i","cat":289558},{"id":33219,"n":"Truite fumée Ovive Aquitaine 4 tranches - 120g","p":5.82,"u":"48,50 €/KG","img":"https://fd13-photos.leclercdrive.fr/image.ashx?id=2996941&use=l&cat=p&typeid=i","cat":285188},{"id":33251,"n":"Déodorant Manava peux sensibles Anti-transpirant spray - 200ml","p":1.29,"u":"6,45 €/L","img":"https://fd13-photos.leclercdrive.fr/image.ashx?id=2886454&use=l&cat=p&typeid=i","cat":284595},{"id":33255,"n":"Pâtes farfalle Turini Les 3 min - 500g","p":1.07,"u":"2,14 €/KG","img":"https://fd13-photos.leclercdrive.fr/image.ashx?id=2669723&use=l&cat=p&typeid=i","cat":284427},{"id":33256,"n":"Sachet cuisson Rustica Poulet herbes de provence - 34g","p":0.6,"u":"17,65 €/KG","img":"https://fd13-photos.leclercdrive.fr/image.ashx?id=1886674&use=l&cat=p&typeid=i","cat":288380},{"id":33260,"n":"Sachet cuisson Rustica Porc goût barbecue - 28g","p":0.61,"u":"21,79 €/KG","img":"https://fd13-photos.leclercdrive.fr/image.ashx?id=1886677&use=l&cat=p&typeid=i","cat":288380},{"id":33262,"n":"Céréales Corn Flakes Kellogg's 500g","p":2.44,"u":"4,88 €/KG","img":"https://fd13-photos.leclercdrive.fr/image.ashx?id=2522005&use=l&cat=p&typeid=i","cat":309513},{"id":33266,"n":"Céréales Smacks Kellogg's 400g","p":2.41,"u":"6,03 €/KG","img":"https://fd13-photos.leclercdrive.fr/image.ashx?id=2584235&use=l&cat=p&typeid=i","cat":309513},{"id":33269,"n":"Pommes de terre Pom'lisse Grenaille - 450g","p":2.49,"u":"5,53 €/KG","img":"https://fd13-photos.leclercdrive.fr/image.ashx?id=2704708&use=l&cat=p&typeid=i","cat":319792},{"id":33274,"n":"Pâtes spaghetti Turini Les 3 min - 1kg","p":1.55,"u":"1,55 €/KG","img":"https://fd13-photos.leclercdrive.fr/image.ashx?id=2607533&use=l&cat=p&typeid=i","cat":284427},{"id":33292,"n":"Pruneaux d'Agen Couleurs Vives Dénoyautés - 1kg","p":7.93,"u":"7,93 €/KG","img":"https://fd13-photos.leclercdrive.fr/image.ashx?id=2128537&use=l&cat=p&typeid=i","cat":284357},{"id":33299,"n":"Sérum physiologique Mots d'Enfants 5ml x40","p":2.19,"u":"10,95 €/L","img":"https://fd13-photos.leclercdrive.fr/image.ashx?id=3014209&use=l&cat=p&typeid=i","cat":284741},{"id":33302,"n":"Pâtes cannelloni Turini 250g","p":0.99,"u":"3,96 €/KG","img":"https://fd13-photos.leclercdrive.fr/image.ashx?id=2980468&use=l&cat=p&typeid=i","cat":284427},{"id":33304,"n":"Soja cuisine Bio Village Fluide bio - 3x20cl","p":1.61,"u":"2,68 €/L","img":"https://fd13-photos.leclercdrive.fr/image.ashx?id=2493679&use=l&cat=p&typeid=i","cat":316069},{"id":33305,"n":"Mélange Cocktail Tokapi Ananas et raisins - 120g","p":1.53,"u":"12,75 €/KG","img":"https://fd13-photos.leclercdrive.fr/image.ashx?id=2795559&use=l&cat=p&typeid=i","cat":284448},{"id":33306,"n":"Sucre pure canne Bio Village En poudre bio - 500g","p":1.66,"u":"3,32 €/KG","img":"https://fd13-photos.leclercdrive.fr/image.ashx?id=2115878&use=l&cat=p&typeid=i","cat":284502},{"id":33334,"n":"Crème hydratante Mots d'Enfants Bébé - 100ml","p":2.38,"u":"23,80 €/L","img":"https://fd13-photos.leclercdrive.fr/image.ashx?id=3014218&use=l&cat=p&typeid=i","cat":284741},{"id":33335,"n":"Eau nettoyante Mots d'Enfants Hydratante - 750ml","p":3.15,"u":"4,20 €/L","img":"https://fd13-photos.leclercdrive.fr/image.ashx?id=3015075&use=l&cat=p&typeid=i","cat":284741},{"id":33336,"n":"Gel lavant bébé Mots d'Enfants Corps et cheveux - 750ml","p":3.15,"u":"4,20 €/L","img":"https://fd13-photos.leclercdrive.fr/image.ashx?id=3014224&use=l&cat=p&typeid=i","cat":284740},{"id":33442,"n":"Cocktail fruits de mer Escal 900g","p":10.49,"u":"11,66 €/KG","img":"https://fd13-photos.leclercdrive.fr/image.ashx?id=2438609&use=l&cat=p&typeid=i","cat":319787},{"id":33579,"n":"Fromage à tartiner Boursin Echalote ciboulette 10 portions","p":2.64,"u":"16,50 €/KG","img":"https://fd13-photos.leclercdrive.fr/image.ashx?id=2962056&use=l&cat=p&typeid=i","cat":314029},{"id":33582,"n":"Fromage à tartiner Boursin Poivre - 150g","p":2.2,"u":"14,67 €/KG","img":"https://fd13-photos.leclercdrive.fr/image.ashx?id=2962284&use=l&cat=p&typeid=i","cat":314029},{"id":33583,"n":"Dés de fromage salade Boursin Figue et 3 noix - 120g","p":2.25,"u":"18,75 €/KG","img":"https://fd13-photos.leclercdrive.fr/image.ashx?id=2865668&use=l&cat=p&typeid=i","cat":314027},{"id":33594,"n":"Cacahuètes  Benenuts Grillées salées - 220g","p":1.31,"u":"5,95 €/KG","img":"https://fd13-photos.leclercdrive.fr/image.ashx?id=2418762&use=l&cat=p&typeid=i","cat":284448},{"id":33596,"n":"Monster Munch Jambon fromage - 85g","p":1.04,"u":"12,24 €/KG","img":"https://fd13-photos.leclercdrive.fr/image.ashx?id=2971604&use=l&cat=p&typeid=i","cat":284449},{"id":33600,"n":"Monster Munch Ketchup - 85g","p":1.07,"u":"12,59 €/KG","img":"https://fd13-photos.leclercdrive.fr/image.ashx?id=2996932&use=l&cat=p&typeid=i","cat":284449},{"id":33649,"n":"Blanc de poulet Fleury Michon Halal x6 - 180g","p":2.79,"u":"15,50 €/KG","img":"https://fd13-photos.leclercdrive.fr/image.ashx?id=2886717&use=l&cat=p&typeid=i","cat":316013},{"id":33667,"n":"Crème de cassis Auguste Mugniot 15%vol. - 70cl","p":4.89,"u":"6,99 €/L","img":"https://fd13-photos.leclercdrive.fr/image.ashx?id=1211501&use=l&cat=p&typeid=i","cat":286032},{"id":33680,"n":"Croquettes grands chiens Lydog Boeuf Volaille - 14.5kg","p":18.7,"u":"1,29 €/KG","img":"https://fd13-photos.leclercdrive.fr/image.ashx?id=2054975&use=l&cat=p&typeid=i","cat":284672},{"id":33698,"n":"Cuisse de poulet Maître Coq Jaune avec partie dos 1.4kg","p":5.56,"u":"3,97 €/KG","img":"https://fd13-photos.leclercdrive.fr/image.ashx?id=2551129&use=l&cat=p&typeid=i","cat":284336},{"id":33745,"n":"IGP Pays d'Oc rosé Cinsault  Syrah Ormes de Cambras - BIB 5L","p":15.9,"u":"3,18 €/L","img":"https://fd13-photos.leclercdrive.fr/image.ashx?id=2445118&use=l&cat=p&typeid=i","cat":289560},{"id":33749,"n":"IGP Terres du Midi Listel Vin rosé 12% vol - BIB 3L","p":13.0,"u":"4,33 €/L","img":"https://fd13-photos.leclercdrive.fr/image.ashx?id=2883468&use=l&cat=p&typeid=i","cat":289560},{"id":33757,"n":"Vin blanc  Mâcon Villages - 75cl","p":7.25,"u":"9,67 €/L","img":"https://fd13-photos.leclercdrive.fr/image.ashx?id=1758376&use=l&cat=p&typeid=i","cat":289557},{"id":33773,"n":"Biscuits petit dej P'tit Déli  Multi céréales - 400g","p":1.84,"u":"4,60 €/KG","img":"https://fd13-photos.leclercdrive.fr/image.ashx?id=2999505&use=l&cat=p&typeid=i","cat":284491},{"id":33792,"n":"Crème mains bio Bio NaÏa Hydratante - 100ml","p":1.99,"u":"19,90 €/L","img":"https://fd13-photos.leclercdrive.fr/image.ashx?id=2558811&use=l&cat=p&typeid=i","cat":325354},{"id":33804,"n":"Déodorant Manava Douceur satin 200ml","p":1.44,"u":"7,20 €/L","img":"https://fd13-photos.leclercdrive.fr/image.ashx?id=2835202&use=l&cat=p&typeid=i","cat":284595},{"id":33805,"n":"Lingettes désinfectantes Clair Anti-bactériennes x40","p":1.05,"u":"0,03 €/P","img":"https://fd13-photos.leclercdrive.fr/image.ashx?id=2768095&use=l&cat=p&typeid=i","cat":325358},{"id":33811,"n":"Pastis de Marseille 45%vol - 1L","p":16.35,"u":"16,35 €/L","img":"https://fd13-photos.leclercdrive.fr/image.ashx?id=2637817&use=l&cat=p&typeid=i","cat":284548},{"id":33816,"n":"Bâtonnets Dentastix Pedigree Moyen chien x56 - 1440g","p":14.04,"u":"10,03 €/KG","img":"https://fd13-photos.leclercdrive.fr/image.ashx?id=2980185&use=l&cat=p&typeid=i","cat":294527},{"id":33819,"n":"Friandises chien Pedigree  Rodeo bœuf x4 - 70g","p":0.79,"u":"11,29 €/KG","img":"https://fd13-photos.leclercdrive.fr/image.ashx?id=2997202&use=l&cat=p&typeid=i","cat":294527},{"id":33820,"n":"Friandises chat Catisfactions Saumon - 60g","p":1.15,"u":"19,17 €/KG","img":"https://fd13-photos.leclercdrive.fr/image.ashx?id=2912605&use=l&cat=p&typeid=i","cat":285285},{"id":33847,"n":"Pur jus multifruits Jafaden Orange Ananas Mangue - 1L","p":2.29,"u":"2,29 €/L","img":"https://fd13-photos.leclercdrive.fr/image.ashx?id=2841160&use=l&cat=p&typeid=i","cat":284917},{"id":33848,"n":"Pur jus multifruits Jafaden  Orange Clémentine Banane - 1L","p":2.35,"u":"2,35 €/L","img":"https://fd13-photos.leclercdrive.fr/image.ashx?id=2841163&use=l&cat=p&typeid=i","cat":284917},{"id":33849,"n":"Shampooing bio Bio naïa 250ml","p":1.8,"u":"7,20 €/L","img":"https://fd13-photos.leclercdrive.fr/image.ashx?id=2822117&use=l&cat=p&typeid=i","cat":284606},{"id":33850,"n":"Eponges multi-usage Mamison Vertes - X6","p":1.75,"u":"0,29 €/P","img":"https://fd13-photos.leclercdrive.fr/image.ashx?id=2175768&use=l&cat=p&typeid=i","cat":284667},{"id":33882,"n":"Farfalle Bio Village Bio Au blé complet - 500g","p":1.95,"u":"3,90 €/KG","img":"https://fd13-photos.leclercdrive.fr/image.ashx?id=2625373&use=l&cat=p&typeid=i","cat":284427},{"id":33885,"n":"Olives noires  Rustica Dénoyautées - 180g","p":1.23,"u":"6,83 €/KG","img":"https://fd13-photos.leclercdrive.fr/image.ashx?id=1698893&use=l&cat=p&typeid=i","cat":284458},{"id":33887,"n":"Pains grillés complet Epi d'or 400g","p":1.57,"u":"3,93 €/KG","img":"https://fd13-photos.leclercdrive.fr/image.ashx?id=2982610&use=l&cat=p&typeid=i","cat":284479},{"id":33889,"n":"Pain précuit Epi d'or Petits pains x6 - 300g","p":0.99,"u":"3,30 €/KG","img":"https://fd13-photos.leclercdrive.fr/image.ashx?id=1905869&use=l&cat=p&typeid=i","cat":325069},{"id":33891,"n":"Paëlla royale Côté Table 300g","p":3.39,"u":"11,30 €/KG","img":"https://fd13-photos.leclercdrive.fr/image.ashx?id=2393872&use=l&cat=p&typeid=i","cat":284953},{"id":33892,"n":"Poule au riz Côté table 300g","p":2.31,"u":"7,70 €/KG","img":"https://fd13-photos.leclercdrive.fr/image.ashx?id=2393875&use=l&cat=p&typeid=i","cat":284953},{"id":33893,"n":"Penne Bio Village  Bio - 500g","p":0.89,"u":"1,78 €/KG","img":"https://fd13-photos.leclercdrive.fr/image.ashx?id=2625370&use=l&cat=p&typeid=i","cat":284427},{"id":33910,"n":"Biscuit Petit beurre P'tit Déli Chocolat noir pocket - 250g","p":2.39,"u":"9,56 €/KG","img":"https://fd13-photos.leclercdrive.fr/image.ashx?id=2919616&use=l&cat=p&typeid=i","cat":284488},{"id":33914,"n":"Tartines craquante  Sans Gluten - 2x125g","p":2.59,"u":"10,36 €/KG","img":"https://fd13-photos.leclercdrive.fr/image.ashx?id=2518550&use=l&cat=p&typeid=i","cat":318654},{"id":33915,"n":"Veau aux légumes Côté table Barquette 280g","p":2.29,"u":"8,18 €/KG","img":"https://fd13-photos.leclercdrive.fr/image.ashx?id=2476152&use=l&cat=p&typeid=i","cat":284953},{"id":33917,"n":"Thon entier Pêche Océan Huile d'olive - 160g","p":2.29,"u":"14,31 €/KG","img":"https://fd13-photos.leclercdrive.fr/image.ashx?id=2942199&use=l&cat=p&typeid=i","cat":303867},{"id":33918,"n":"Pâtes torsettes Turini Blé complet - 500g","p":0.99,"u":"1,98 €/KG","img":"https://fd13-photos.leclercdrive.fr/image.ashx?id=2607527&use=l&cat=p&typeid=i","cat":284427},{"id":33924,"n":"Betterave Notre Jardin Rouge entière - 250g","p":0.66,"u":"2,64 €/KG","img":"https://fd13-photos.leclercdrive.fr/image.ashx?id=2587106&use=l&cat=p&typeid=i","cat":284352},{"id":33970,"n":"Manchons de poulet Côté Croc Nature - 500g","p":4.89,"u":"9,78 €/KG","img":"https://fd13-photos.leclercdrive.fr/image.ashx?id=2921366&use=l&cat=p&typeid=i","cat":333685},{"id":33971,"n":"Manchons de poulet Côté Croc Mexicain - 500g","p":4.89,"u":"9,78 €/KG","img":"https://fd13-photos.leclercdrive.fr/image.ashx?id=2921369&use=l&cat=p&typeid=i","cat":333685},{"id":33988,"n":"Bloc WC Syphon Activ' Effect Marine x1","p":1.58,"img":"https://fd13-photos.leclercdrive.fr/image.ashx?id=2302690&use=l&cat=p&typeid=i","cat":284662},{"id":33989,"n":"Coq au vin Côté Table 400g","p":2.54,"u":"6,35 €/KG","img":"https://fd13-photos.leclercdrive.fr/image.ashx?id=3014212&use=l&cat=p&typeid=i","cat":284441},{"id":34006,"n":"Boisson aux fruits Capri Sun Tropical - 10x20cl","p":3.38,"u":"1,69 €/L","img":"https://fd13-photos.leclercdrive.fr/image.ashx?id=2506399&use=l&cat=p&typeid=i","cat":295018},{"id":34007,"n":"Bâtonnets Dentastix Pedigree  Fresh Moyen chien x7 - 180g","p":2.54,"u":"14,11 €/KG","img":"https://fd13-photos.leclercdrive.fr/image.ashx?id=2850171&use=l&cat=p&typeid=i","cat":294527},{"id":34106,"n":"Dosettes café Plantation  Classique - x36 - 250g","p":3.72,"u":"14,88 €/KG","img":"https://fd13-photos.leclercdrive.fr/image.ashx?id=2622109&use=l&cat=p&typeid=i","cat":293238},{"id":34107,"n":"Dosettes café Plantation  Corsé - x36 - 250g","p":3.72,"u":"14,88 €/KG","img":"https://fd13-photos.leclercdrive.fr/image.ashx?id=2622112&use=l&cat=p&typeid=i","cat":293238},{"id":34175,"n":"Bouillon de boeuf Jardin Bio' Bio cube sans huile palme - x8","p":2.19,"u":"27,38 €/KG","img":"https://fd13-photos.leclercdrive.fr/image.ashx?id=2535532&use=l&cat=p&typeid=i","cat":288379},{"id":34176,"n":"Bouillon de légumes Jardin Bio' Bio cube sans huile palme x10","p":1.8,"u":"20,00 €/KG","img":"https://fd13-photos.leclercdrive.fr/image.ashx?id=2990844&use=l&cat=p&typeid=i","cat":288379},{"id":34177,"n":"Effilés aux legumes Purina One Poulet / Boeufs - 4x85g","p":2.15,"u":"6,32 €/KG","img":"https://fd13-photos.leclercdrive.fr/image.ashx?id=2467483&use=l&cat=p&typeid=i","cat":285286},{"id":34178,"n":"Sachet repas chats Purina One Viandes et Poissons - 4x85g","p":2.14,"u":"6,29 €/KG","img":"https://fd13-photos.leclercdrive.fr/image.ashx?id=2467486&use=l&cat=p&typeid=i","cat":285286},{"id":34183,"n":"Tortilla Tables du monde Oignons 500g","p":2.89,"u":"5,78 €/KG","img":"https://fd13-photos.leclercdrive.fr/image.ashx?id=794123&use=l&cat=p&typeid=i","cat":333673},{"id":34184,"n":"Filets poulet blanc Maître Coq 600g","p":6.1,"u":"10,17 €/KG","img":"https://fd13-photos.leclercdrive.fr/image.ashx?id=2551156&use=l&cat=p&typeid=i","cat":284336},{"id":34185,"n":"Filets poulet jaune Maitre coq 600g","p":6.22,"u":"10,37 €/KG","img":"https://fd13-photos.leclercdrive.fr/image.ashx?id=2551159&use=l&cat=p&typeid=i","cat":284336},{"id":34186,"n":"Aiguillettes poulet Maitre coq Blanc - 450g","p":6.58,"u":"14,62 €/KG","img":"https://fd13-photos.leclercdrive.fr/image.ashx?id=2551162&use=l&cat=p&typeid=i","cat":284336},{"id":34189,"n":"Poulet Label Rouge Jaune  IGP Volailles du Maine  1,25kg","p":8.54,"u":"6,83 €/KG","img":"https://fd13-photos.leclercdrive.fr/image.ashx?id=2411749&use=l&cat=p&typeid=i","cat":284336},{"id":34196,"n":"Gratin Fleury Michon Choux-fleur jambon 280g","p":3.18,"u":"11,36 €/KG","img":"https://fd13-photos.leclercdrive.fr/image.ashx?id=3003293&use=l&cat=p&typeid=i","cat":333665},{"id":34241,"n":"Manchons de poulet Côté Croc Barbecue - 250g","p":2.49,"u":"9,96 €/KG","img":"https://fd13-photos.leclercdrive.fr/image.ashx?id=2560482&use=l&cat=p&typeid=i","cat":333685},{"id":34327,"n":"Dosettes café Plantation Noisette - x10 - 70g","p":1.82,"u":"26,00 €/KG","img":"https://fd13-photos.leclercdrive.fr/image.ashx?id=2664578&use=l&cat=p&typeid=i","cat":293238},{"id":34332,"n":"Vodka Sobieski  37,5%vol - 1L","p":15.72,"u":"15,72 €/L","img":"https://fd13-photos.leclercdrive.fr/image.ashx?id=2948477&use=l&cat=p&typeid=i","cat":284550},{"id":34333,"n":"Boisson à base de vin rosé Very Framboise - 75cl","p":2.85,"u":"3,80 €/L","img":"https://fd13-photos.leclercdrive.fr/image.ashx?id=2446632&use=l&cat=p&typeid=i","cat":304569},{"id":34334,"n":"Boisson à base de vin blanc  Very Pech'- Pêche - 75cl","p":2.61,"u":"3,48 €/L","img":"https://fd13-photos.leclercdrive.fr/image.ashx?id=2443874&use=l&cat=p&typeid=i","cat":304569},{"id":34361,"n":"Préparation pain Tablier Blanc Farine pour pain nature - 1kg","p":1.35,"u":"1,35 €/KG","img":"https://fd13-photos.leclercdrive.fr/image.ashx?id=2832951&use=l&cat=p&typeid=i","cat":284503},{"id":34406,"n":"Dosettes café Plantation  Décaféiné - x36 - 250g","p":3.99,"u":"15,96 €/KG","img":"https://fd13-photos.leclercdrive.fr/image.ashx?id=2824274&use=l&cat=p&typeid=i","cat":293238},{"id":34500,"n":"Dosettes café Plantation  Classique - x48 - 336g","p":4.95,"u":"14,73 €/KG","img":"https://fd13-photos.leclercdrive.fr/image.ashx?id=2824271&use=l&cat=p&typeid=i","cat":293238},{"id":34521,"n":"Bière blonde Falsbourg 4.2%vol. - 24x25cl","p":8.55,"u":"1,43 €/L","img":"https://fd13-photos.leclercdrive.fr/image.ashx?id=2637910&use=l&cat=p&typeid=i","cat":334873},{"id":34633,"n":"Vinaigre blanc Saas Melfor Vinaigre d'alcool - 1L","p":0.8,"u":"0,80 €/L","img":"https://fd13-photos.leclercdrive.fr/image.ashx?id=2354812&use=l&cat=p&typeid=i","cat":298543},{"id":34658,"n":"Dosettes Bio Village Amerique Latine Bio - x18 - 125g","p":2.99,"u":"23,92 €/KG","img":"https://fd13-photos.leclercdrive.fr/image.ashx?id=3003067&use=l&cat=p&typeid=i","cat":293238},{"id":34660,"n":"Pruneaux d'Agen Couleurs Vives Dénoyautés - 250g","p":2.99,"u":"11,96 €/KG","img":"https://fd13-photos.leclercdrive.fr/image.ashx?id=995342&use=l&cat=p&typeid=i","cat":284357},{"id":34670,"n":"Oignons jaunes Filière Panier du Primeur Filet 1kg","p":1.99,"u":"1,99 €/KG","img":"https://fd13-photos.leclercdrive.fr/image.ashx?id=2953734&use=l&cat=p&typeid=i","cat":284352},{"id":34671,"n":"Echalote traditionnelle filière Panier du Primeur Filet 250g","p":0.99,"u":"3,96 €/KG","img":"https://fd13-photos.leclercdrive.fr/image.ashx?id=2965500&use=l&cat=p&typeid=i","cat":284352},{"id":34672,"n":"Ail blanc Panier du Primeur A mijoter et à confire x3","p":2.49,"u":"0,83 €/P","img":"https://fd13-photos.leclercdrive.fr/image.ashx?id=2958720&use=l&cat=p&typeid=i","cat":284352},{"id":34679,"n":"Eponges grattantes Mamison Couleurs pop x2","p":1.38,"u":"0,69 €/P","img":"https://fd13-photos.leclercdrive.fr/image.ashx?id=2207724&use=l&cat=p&typeid=i","cat":284667},{"id":34693,"n":"Briochettes pépites Epi d'Or Chocolat au lait x12 - 500g","p":2.44,"u":"4,88 €/KG","img":"https://fd13-photos.leclercdrive.fr/image.ashx?id=2867913&use=l&cat=p&typeid=i","cat":293505},{"id":34694,"n":"Briochettes pépites Epi d'Or Chocolat - x12 500g","p":2.79,"u":"5,58 €/KG","img":"https://fd13-photos.leclercdrive.fr/image.ashx?id=2867910&use=l&cat=p&typeid=i","cat":293505},{"id":34718,"n":"Épinards à cuire Panier Primeur 400g","p":1.99,"u":"4,98 €/KG","img":"https://fd13-photos.leclercdrive.fr/image.ashx?id=2635538&use=l&cat=p&typeid=i","cat":284353},{"id":34813,"n":"Thé Britley Citron - x25 - 40g","p":0.88,"u":"22,00 €/KG","img":"https://fd13-photos.leclercdrive.fr/image.ashx?id=2897784&use=l&cat=p&typeid=i","cat":293233},{"id":34841,"n":"Rillettes Tradilège poulet rôti 220g","p":1.79,"u":"8,14 €/KG","img":"https://fd13-photos.leclercdrive.fr/image.ashx?id=2548127&use=l&cat=p&typeid=i","cat":316008},{"id":34845,"n":"IGP Vinaigre balsamique Maille 50cl","p":3.15,"u":"6,30 €/L","img":"https://fd13-photos.leclercdrive.fr/image.ashx?id=2866178&use=l&cat=p&typeid=i","cat":298543},{"id":34908,"n":"Fromage frais Petit Yoplait Nature 3.8%MG - 6x60g","p":1.38,"u":"3,83 €/KG","img":"https://fd13-photos.leclercdrive.fr/image.ashx?id=2811026&use=l&cat=p&typeid=i","cat":284409},{"id":34915,"n":"Fromage frais Petit Yoplait Nature 3.8%MG - 12x60g","p":1.91,"u":"2,65 €/KG","img":"https://fd13-photos.leclercdrive.fr/image.ashx?id=2811029&use=l&cat=p&typeid=i","cat":284409},{"id":34919,"n":"Fromage frais Petit Yoplait Nature 0%MG - 12x60g","p":2.29,"u":"3,18 €/KG","img":"https://fd13-photos.leclercdrive.fr/image.ashx?id=2811023&use=l&cat=p&typeid=i","cat":315000},{"id":34928,"n":"Bière blonde Falsbourg 4.2%vol. - 10x25cl","p":4.59,"u":"1,84 €/L","img":"https://fd13-photos.leclercdrive.fr/image.ashx?id=2637907&use=l&cat=p&typeid=i","cat":334873},{"id":34943,"n":"Blanc de poulet Fleury Michon rôti à la broche x4 - 120g","p":1.62,"u":"13,50 €/KG","img":"https://fd13-photos.leclercdrive.fr/image.ashx?id=2977288&use=l&cat=p&typeid=i","cat":316010},{"id":34952,"n":"Ratatouille à la Provençale NRT 650g","p":3.3,"u":"5,08 €/KG","img":"https://fd13-photos.leclercdrive.fr/image.ashx?id=2771390&use=l&cat=p&typeid=i","cat":312612},{"id":34975,"n":"Bière Cuvée des Trolls Blonde - 7.5%vol. - 75cl","p":5.06,"u":"6,75 €/L","img":"https://fd13-photos.leclercdrive.fr/image.ashx?id=2611083&use=l&cat=p&typeid=i","cat":334872},{"id":34982,"n":"Bûche chèvre Soignon 200g","p":2.25,"u":"11,25 €/KG","img":"https://fd13-photos.leclercdrive.fr/image.ashx?id=2995325&use=l&cat=p&typeid=i","cat":314031},{"id":35008,"n":"Céréales Special K Kellogg's Nature - 750g","p":3.83,"u":"5,11 €/KG","img":"https://fd13-photos.leclercdrive.fr/image.ashx?id=2586288&use=l&cat=p&typeid=i","cat":309512},{"id":35018,"n":"Bouillon de poule Jardin Bio' Bio cube sans huile palme - x8","p":1.79,"u":"22,38 €/KG","img":"https://fd13-photos.leclercdrive.fr/image.ashx?id=2535004&use=l&cat=p&typeid=i","cat":288379},{"id":35023,"n":"Sirop d'agave bio Jardin Bio' 50cl","p":6.45,"u":"12,90 €/L","img":"https://fd13-photos.leclercdrive.fr/image.ashx?id=2747061&use=l&cat=p&typeid=i","cat":287643},{"id":35026,"n":"Concentré de tomate Jardin Bio Bio Double concentré - 200g","p":1.75,"u":"8,75 €/KG","img":"https://fd13-photos.leclercdrive.fr/image.ashx?id=2535469&use=l&cat=p&typeid=i","cat":288384},{"id":35027,"n":"Dessert fruitier bio Jardin Bio Pomme poire 680g","p":2.68,"u":"3,94 €/KG","img":"https://fd13-photos.leclercdrive.fr/image.ashx?id=2939877&use=l&cat=p&typeid=i","cat":284508},{"id":35034,"n":"Eau minérale gazeuse Perrier  Canettes - 6x33cl","p":2.79,"u":"1,41 €/L","img":"https://fd13-photos.leclercdrive.fr/image.ashx?id=2672554&use=l&cat=p&typeid=i","cat":284536},{"id":35039,"n":"Dosettes café Plantation Corsé - x48 - 336g","p":4.95,"u":"14,73 €/KG","img":"https://fd13-photos.leclercdrive.fr/image.ashx?id=2622115&use=l&cat=p&typeid=i","cat":293238},{"id":35117,"n":"Riste d'aubergines provençale NRT - 650g","p":3.99,"u":"6,14 €/KG","img":"https://fd13-photos.leclercdrive.fr/image.ashx?id=2771387&use=l&cat=p&typeid=i","cat":284441},{"id":35138,"n":"Yaourt SMARTIES Vanille bonbons chocolat 4x120g","p":2.18,"u":"4,54 €/KG","img":"https://fd13-photos.leclercdrive.fr/image.ashx?id=2571038&use=l&cat=p&typeid=i","cat":284414},{"id":35146,"n":"Fromages râpé spécial Pizza  Les Croisés - 125g","p":1.62,"u":"12,96 €/KG","img":"https://fd13-photos.leclercdrive.fr/image.ashx?id=2946175&use=l&cat=p&typeid=i","cat":314035},{"id":35155,"n":"Tablette de chocolat noir Lindt Fleur de sel - 100g","p":2.25,"u":"22,50 €/KG","img":"https://fd13-photos.leclercdrive.fr/image.ashx?id=2681595&use=l&cat=p&typeid=i","cat":284956},{"id":35159,"n":"Croco Haribo Sachet bonbons - 280g","p":1.27,"u":"4,54 €/KG","img":"https://fd13-photos.leclercdrive.fr/image.ashx?id=2446467&use=l&cat=p&typeid=i","cat":304250},{"id":35160,"n":"Croissants Pasquier x16 - 640g","p":3.75,"u":"5,86 €/KG","img":"https://fd13-photos.leclercdrive.fr/image.ashx?id=2853056&use=l&cat=p&typeid=i","cat":296366},{"id":35161,"n":"Bonbon réglisse Ricola Sans sucre - 50g","p":1.64,"u":"32,80 €/KG","img":"https://fd13-photos.leclercdrive.fr/image.ashx?id=2382216&use=l&cat=p&typeid=i","cat":304256},{"id":35182,"n":"Boisson énergisante Monster Original - 50cl","p":1.29,"u":"2,58 €/L","img":"https://fd13-photos.leclercdrive.fr/image.ashx?id=2510163&use=l&cat=p&typeid=i","cat":284533},{"id":35183,"n":"Boisson énergisante Monster Original Canette - 4x50cl","p":4.7,"u":"2,35 €/L","img":"https://fd13-photos.leclercdrive.fr/image.ashx?id=2210242&use=l&cat=p&typeid=i","cat":284533},{"id":35185,"n":"Eau aromatisée Volvic Juicy Citronnade - 1,5L","p":1.6,"u":"1,07 €/L","img":"https://fd13-photos.leclercdrive.fr/image.ashx?id=3011008&use=l&cat=p&typeid=i","cat":284537},{"id":35230,"n":"Nonnettes de Dijon NRT Orange - 200g","p":3.99,"u":"19,95 €/KG","img":"https://fd13-photos.leclercdrive.fr/image.ashx?id=2622326&use=l&cat=p&typeid=i","cat":284493},{"id":35262,"n":"yaourt aux fruits bifidus activia 0%mg - 12x125g","p":4.76,"u":"3,17 €/KG","img":"https://fd13-photos.leclercdrive.fr/image.ashx?id=2741697&use=l&cat=p&typeid=i","cat":315000},{"id":35285,"n":"Petits muffins Bonne Maman Chocolat - 235g","p":2.39,"u":"10,17 €/KG","img":"https://fd13-photos.leclercdrive.fr/image.ashx?id=2744052&use=l&cat=p&typeid=i","cat":284495},{"id":35300,"n":"Jambon supérieur Tradilège À l'étouffée 6 tranches - 240g","p":2.92,"u":"12,17 €/KG","img":"https://fd13-photos.leclercdrive.fr/image.ashx?id=2155339&use=l&cat=p&typeid=i","cat":316009},{"id":35308,"n":"Beurre Tendre Elle&Vire Demi-Sel - 80% MG - 250g","p":2.95,"u":"11,80 €/KG","img":"https://fd13-photos.leclercdrive.fr/image.ashx?id=2604773&use=l&cat=p&typeid=i","cat":284379},{"id":35309,"n":"Beurre Tendre Elle&Vire Doux - 82% MG - 250g","p":2.95,"u":"11,80 €/KG","img":"https://fd13-photos.leclercdrive.fr/image.ashx?id=2765629&use=l&cat=p&typeid=i","cat":284379},{"id":35327,"n":"Miel de Poitou-Charentes  NRT - 375g","p":5.79,"u":"15,44 €/KG","img":"https://fd13-photos.leclercdrive.fr/image.ashx?id=2771396&use=l&cat=p&typeid=i","cat":287643},{"id":35333,"n":"Bain de bouche Sanogyl Multi Protection - 500ml","p":3.37,"u":"6,74 €/L","img":"https://fd13-photos.leclercdrive.fr/image.ashx?id=2638256&use=l&cat=p&typeid=i","cat":284613},{"id":35425,"n":"Déodorant spray Monsavon Fleur de cerisier - 100ml","p":2.59,"u":"25,90 €/L","img":"https://fd13-photos.leclercdrive.fr/image.ashx?id=2904628&use=l&cat=p&typeid=i","cat":284595},{"id":35433,"n":"Tampons Doulys Compact Super plus - x20","p":2.6,"u":"0,13 €/P","img":"https://fd13-photos.leclercdrive.fr/image.ashx?id=2965509&use=l&cat=p&typeid=i","cat":284626},{"id":35450,"n":"Recharge Savon Mains Dettol Aloe Vera Hydratant 250ml","p":2.97,"u":"11,88 €/L","img":"https://fd13-photos.leclercdrive.fr/image.ashx?id=2879134&use=l&cat=p&typeid=i","cat":284597},{"id":35537,"n":"Recharge savon mains Palmolive Antibactérien -  250ml","p":0.63,"u":"2,52 €/L","img":"https://fd13-photos.leclercdrive.fr/image.ashx?id=2833180&use=l&cat=p&typeid=i","cat":284597},{"id":35643,"n":"Lasagne à la bolognaise Marie 2x300g","p":6.75,"u":"11,25 €/KG","img":"https://fd13-photos.leclercdrive.fr/image.ashx?id=2331816&use=l&cat=p&typeid=i","cat":333665},{"id":35646,"n":"Bière blonde Falsbourg Canette - 4.2%vol. - 50cl","p":0.69,"u":"1,38 €/L","img":"https://fd13-photos.leclercdrive.fr/image.ashx?id=2637904&use=l&cat=p&typeid=i","cat":334853},{"id":35647,"n":"Bière blonde Falsbourg Canette - 4.2%vol. - 6x33cl","p":2.69,"u":"1,36 €/L","img":"https://fd13-photos.leclercdrive.fr/image.ashx?id=2637913&use=l&cat=p&typeid=i","cat":334853},{"id":35716,"n":"Gourdes Goûters lactés Délisse Vanille - 4x85g","p":1.81,"u":"5,32 €/KG","img":"https://fd13-photos.leclercdrive.fr/image.ashx?id=2681427&use=l&cat=p&typeid=i","cat":284506},{"id":35729,"n":"Tiramisu Délisse Au café - 4x80g","p":2.49,"u":"7,78 €/KG","img":"https://fd13-photos.leclercdrive.fr/image.ashx?id=2711604&use=l&cat=p&typeid=i","cat":284419},{"id":35731,"n":"Crème dessert Chocolat Délisse Mix'n croc color 4x120g","p":2.09,"u":"4,35 €/KG","img":"https://fd13-photos.leclercdrive.fr/image.ashx?id=2965506&use=l&cat=p&typeid=i","cat":285041},{"id":35760,"n":"Céréales Miel Pops Kellogg's 620g","p":3.27,"u":"5,27 €/KG","img":"https://fd13-photos.leclercdrive.fr/image.ashx?id=2596952&use=l&cat=p&typeid=i","cat":309513},{"id":35784,"n":"Bière triple Maredsous Blonde - 10%vol. - 33cl","p":2.14,"u":"6,48 €/L","img":"https://fd13-photos.leclercdrive.fr/image.ashx?id=2371278&use=l&cat=p&typeid=i","cat":334872},{"id":35788,"n":"Café Soluble Nescafé 200g","p":5.85,"u":"29,25 €/KG","img":"https://fd13-photos.leclercdrive.fr/image.ashx?id=2810627&use=l&cat=p&typeid=i","cat":284843},{"id":35790,"n":"Nettoyant ménager Uni Vert Multi-surfaces 1L","p":1.53,"u":"1,53 €/L","img":"https://fd13-photos.leclercdrive.fr/image.ashx?id=2520837&use=l&cat=p&typeid=i","cat":284907},{"id":35791,"n":"Flammekueche d'Alsace NRT 600g","p":4.35,"u":"7,25 €/KG","img":"https://fd13-photos.leclercdrive.fr/image.ashx?id=2743894&use=l&cat=p&typeid=i","cat":333680},{"id":35820,"n":"Liquide pour cuisson Rustica végétal - 500ml","p":2.09,"u":"4,18 €/L","img":"https://fd13-photos.leclercdrive.fr/image.ashx?id=2903950&use=l&cat=p&typeid=i","cat":315229},{"id":35825,"n":"Fromage Pavé d'Affinois Original - 200g","p":2.5,"u":"12,50 €/KG","img":"https://fd13-photos.leclercdrive.fr/image.ashx?id=3002078&use=l&cat=p&typeid=i","cat":314033},{"id":35830,"n":"Yaourt La Laitière   Fruits panachés - 8x125g","p":3.79,"u":"3,79 €/KG","img":"https://fd13-photos.leclercdrive.fr/image.ashx?id=2744590&use=l&cat=p&typeid=i","cat":286006},{"id":35833,"n":"Yaourt La Laitière Citron - 4x125g","p":1.94,"u":"3,88 €/KG","img":"https://fd13-photos.leclercdrive.fr/image.ashx?id=2904065&use=l&cat=p&typeid=i","cat":286006},{"id":35906,"n":"Gourdes Goûters lactés Délisse Chocolat - 4x85g","p":1.75,"u":"5,15 €/KG","img":"https://fd13-photos.leclercdrive.fr/image.ashx?id=2681424&use=l&cat=p&typeid=i","cat":284506},{"id":35907,"n":"Cassoulet mitonné   William Saurin - 840g","p":2.95,"u":"3,51 €/KG","img":"https://fd13-photos.leclercdrive.fr/image.ashx?id=2890148&use=l&cat=p&typeid=i","cat":284440},{"id":35908,"n":"Cassoulet mitonné   William Saurin - 420g","p":1.87,"u":"4,45 €/KG","img":"https://fd13-photos.leclercdrive.fr/image.ashx?id=2890151&use=l&cat=p&typeid=i","cat":284441},{"id":35918,"n":"Jus de pomme Jafaden A base de concentré - 6x20cl","p":1.32,"u":"1,10 €/L","img":"https://fd13-photos.leclercdrive.fr/image.ashx?id=2366881&use=l&cat=p&typeid=i","cat":284524},{"id":35921,"n":"Pur jus de pomme Jafaden 1,5L","p":1.48,"u":"0,99 €/L","img":"https://fd13-photos.leclercdrive.fr/image.ashx?id=1936641&use=l&cat=p&typeid=i","cat":284522},{"id":35927,"n":"Cocktail Mojito Lagoa 15%vol - 70cl","p":4.99,"u":"7,13 €/L","img":"https://fd13-photos.leclercdrive.fr/image.ashx?id=2958344&use=l&cat=p&typeid=i","cat":284551},{"id":35979,"n":"Gaufrettes amusantes Nord NRT 175g","p":2.45,"u":"14,00 €/KG","img":"https://fd13-photos.leclercdrive.fr/image.ashx?id=2622335&use=l&cat=p&typeid=i","cat":284487},{"id":35995,"n":"Lait de toilette Mots d'Enfants Bio - 250ml","p":2.35,"u":"9,40 €/L","img":"https://fd13-photos.leclercdrive.fr/image.ashx?id=2485080&use=l&cat=p&typeid=i","cat":284741},{"id":36037,"n":"Crème UHT Elle&Vire Fluide Entière - 30% MG - 3x20cl","p":3.29,"u":"5,48 €/L","img":"https://fd13-photos.leclercdrive.fr/image.ashx?id=3008551&use=l&cat=p&typeid=i","cat":284381},{"id":36039,"n":"Crème légère fluide UHT Délisse 12%mg - 3x20cl","p":1.84,"u":"3,07 €/L","img":"https://fd13-photos.leclercdrive.fr/image.ashx?id=2909392&use=l&cat=p&typeid=i","cat":284381},{"id":36040,"n":"Spécialité laitière UHT Délisse Semi-épaisse 4%mg - 3x20cl","p":2.21,"u":"3,68 €/L","img":"https://fd13-photos.leclercdrive.fr/image.ashx?id=3002599&use=l&cat=p&typeid=i","cat":284381},{"id":36041,"n":"Crème semi-épaisse entière UHT Délisse 30%mg - 3x20cl","p":3.5,"u":"5,83 €/L","img":"https://fd13-photos.leclercdrive.fr/image.ashx?id=2494099&use=l&cat=p&typeid=i","cat":284381},{"id":36194,"n":"Dés de jambon Tradilège Maxi format 2x125g","p":2.47,"u":"9,88 €/KG","img":"https://fd13-photos.leclercdrive.fr/image.ashx?id=2643411&use=l&cat=p&typeid=i","cat":316011},{"id":36197,"n":"Truite fumée Landvika Mini tranches - 100g","p":2.71,"u":"27,10 €/KG","img":"https://fd13-photos.leclercdrive.fr/image.ashx?id=2159415&use=l&cat=p&typeid=i","cat":285188},{"id":36198,"n":"Lardons supérieurs Tradilège Fumés maxi format 2x200g","p":3.39,"u":"8,48 €/KG","img":"https://fd13-photos.leclercdrive.fr/image.ashx?id=2816657&use=l&cat=p&typeid=i","cat":316011},{"id":36199,"n":"Bougies Eco+ Blanche x10","p":2.97,"img":"https://fd13-photos.leclercdrive.fr/image.ashx?id=2635547&use=l&cat=p&typeid=i","cat":335913},{"id":36202,"n":"Recharge crème lavante Eco+ Amande miel - 750ml","p":1.11,"u":"1,48 €/L","img":"https://fd13-photos.leclercdrive.fr/image.ashx?id=2933295&use=l&cat=p&typeid=i","cat":284597},{"id":36203,"n":"Gel douche Eco+ Peaux sensibles - 500ml","p":0.99,"u":"1,98 €/L","img":"https://fd13-photos.leclercdrive.fr/image.ashx?id=2174660&use=l&cat=p&typeid=i","cat":284594},{"id":36204,"n":"Crème lavante Eco+ Amande miel 750ml","p":1.33,"u":"1,77 €/L","img":"https://fd13-photos.leclercdrive.fr/image.ashx?id=2931938&use=l&cat=p&typeid=i","cat":284597},{"id":36206,"n":"Mousse à raser hydratante Eco+ Peaux normales - 300ml","p":0.85,"u":"2,83 €/L","img":"https://fd13-photos.leclercdrive.fr/image.ashx?id=2422683&use=l&cat=p&typeid=i","cat":284617},{"id":36268,"n":"Soufflés ExtraTerrestres Tokapi Jambon fromage - 80g","p":0.84,"u":"10,50 €/KG","img":"https://fd13-photos.leclercdrive.fr/image.ashx?id=2922929&use=l&cat=p&typeid=i","cat":284449},{"id":36270,"n":"Soufflés ExtraTerrestres Tokapi Salé - 80g","p":0.79,"u":"9,88 €/KG","img":"https://fd13-photos.leclercdrive.fr/image.ashx?id=1932960&use=l&cat=p&typeid=i","cat":284449},{"id":36309,"n":"Shampooing Nateïs Cranberry Huile de jojoba 250ml","p":1.4,"u":"5,60 €/L","img":"https://fd13-photos.leclercdrive.fr/image.ashx?id=2358700&use=l&cat=p&typeid=i","cat":284606},{"id":36310,"n":"Shampooing Nateïs Argile Pamplemousse - 250ml","p":1.39,"u":"5,56 €/L","img":"https://fd13-photos.leclercdrive.fr/image.ashx?id=2358697&use=l&cat=p&typeid=i","cat":284606},{"id":36312,"n":"Shampooing Nateïs Henné / Cassis - 250ml","p":1.57,"u":"6,28 €/L","img":"https://fd13-photos.leclercdrive.fr/image.ashx?id=2652903&use=l&cat=p&typeid=i","cat":284606},{"id":36313,"n":"Shampooing extra-doux Nateïs Karité / Huile d'avocat - 250ml","p":1.39,"u":"5,56 €/L","img":"https://fd13-photos.leclercdrive.fr/image.ashx?id=2345559&use=l&cat=p&typeid=i","cat":284606},{"id":36314,"n":"Shampooing Nateïs Fleur de tilleul pomme verte - 250ml","p":1.27,"u":"5,08 €/L","img":"https://fd13-photos.leclercdrive.fr/image.ashx?id=2369645&use=l&cat=p&typeid=i","cat":284606},{"id":36317,"n":"Dessert fruitier pomme Douceur Verger s/sucre 8x100g","p":1.99,"u":"2,49 €/KG","img":"https://fd13-photos.leclercdrive.fr/image.ashx?id=2416321&use=l&cat=p&typeid=i","cat":284416},{"id":36354,"n":"Crème hydratante Mots d'Enfants Bio visage et corps - 75ml","p":2.19,"u":"29,20 €/L","img":"https://fd13-photos.leclercdrive.fr/image.ashx?id=3015078&use=l&cat=p&typeid=i","cat":284741},{"id":36355,"n":"Compote Douceur du Verger  Pomme Rhubarbe - 4x100g","p":1.28,"u":"3,20 €/KG","img":"https://fd13-photos.leclercdrive.fr/image.ashx?id=2554581&use=l&cat=p&typeid=i","cat":284416},{"id":36356,"n":"Compote Douceur du Verger Pomme Framboise - 4x100g","p":1.46,"u":"3,65 €/KG","img":"https://fd13-photos.leclercdrive.fr/image.ashx?id=2192679&use=l&cat=p&typeid=i","cat":284416},{"id":36394,"n":"Yaourt aromatisé aux Fruits Panachés Frulos - 16x125g","p":3.2,"u":"1,60 €/KG","img":"https://fd13-photos.leclercdrive.fr/image.ashx?id=2799895&use=l&cat=p&typeid=i","cat":286006},{"id":36395,"n":"Yaourt Nature Sucré Yoplait - 12x125g","p":2.73,"u":"1,82 €/KG","img":"https://fd13-photos.leclercdrive.fr/image.ashx?id=2796827&use=l&cat=p&typeid=i","cat":284409},{"id":36396,"n":"Gâteau fourré Mini BN Chocolat 175g","p":1.87,"u":"10,69 €/KG","img":"https://fd13-photos.leclercdrive.fr/image.ashx?id=2746854&use=l&cat=p&typeid=i","cat":284488},{"id":36397,"n":"Biscuits Mini BN Goûter à la fraise - 175g","p":1.9,"u":"10,86 €/KG","img":"https://fd13-photos.leclercdrive.fr/image.ashx?id=2748212&use=l&cat=p&typeid=i","cat":284489},{"id":36399,"n":"Pizza La Pizz Sodebo Chèvre lardons - 470g","p":3.47,"u":"7,38 €/KG","img":"https://fd13-photos.leclercdrive.fr/image.ashx?id=2851494&use=l&cat=p&typeid=i","cat":333679},{"id":36400,"n":"Pizza La Pizz Sodebo 4 fromages - 470g","p":3.58,"u":"7,62 €/KG","img":"https://fd13-photos.leclercdrive.fr/image.ashx?id=2905366&use=l&cat=p&typeid=i","cat":333679},{"id":36401,"n":"Pizza Dolce Sodebo 4 fromaggi - 380g","p":4.27,"u":"11,24 €/KG","img":"https://fd13-photos.leclercdrive.fr/image.ashx?id=2921636&use=l&cat=p&typeid=i","cat":333679},{"id":36402,"n":"Pizza Dolce Sodebo Prosciutto Jambon Mozza - 400g","p":3.51,"u":"8,78 €/KG","img":"https://fd13-photos.leclercdrive.fr/image.ashx?id=2919277&use=l&cat=p&typeid=i","cat":333679},{"id":36404,"n":"Pizza Dolce Sodebo Regina Jambon Champignons 400g","p":3.9,"u":"9,75 €/KG","img":"https://fd13-photos.leclercdrive.fr/image.ashx?id=3008251&use=l&cat=p&typeid=i","cat":333679},{"id":36412,"n":"Compote Douceur du Verger Coupelle pomme - 16x100g","p":3.09,"u":"1,93 €/KG","img":"https://fd13-photos.leclercdrive.fr/image.ashx?id=2663512&use=l&cat=p&typeid=i","cat":284508},{"id":36414,"n":"Compote Douceur du Verger Coupelle pomme - 8x100g","p":1.89,"u":"2,36 €/KG","img":"https://fd13-photos.leclercdrive.fr/image.ashx?id=2663506&use=l&cat=p&typeid=i","cat":284508},{"id":36417,"n":"Compote Douceur du Verger Gourdes multivariétés - 4x90g","p":1.69,"u":"4,69 €/KG","img":"https://fd13-photos.leclercdrive.fr/image.ashx?id=2805030&use=l&cat=p&typeid=i","cat":284508},{"id":36418,"n":"Compote Douceur du Verger Gourdes Pomme Poire - 4x90g","p":1.49,"u":"4,14 €/KG","img":"https://fd13-photos.leclercdrive.fr/image.ashx?id=2837054&use=l&cat=p&typeid=i","cat":284508},{"id":36419,"n":"Compote Douceur du Verger Coupelle pomme - 4x100g","p":0.99,"u":"2,48 €/KG","img":"https://fd13-photos.leclercdrive.fr/image.ashx?id=2663524&use=l&cat=p&typeid=i","cat":284508},{"id":36424,"n":"Brownie P'tit Deli Chocolat noisette 285g","p":1.85,"u":"6,49 €/KG","img":"https://fd13-photos.leclercdrive.fr/image.ashx?id=2892055&use=l&cat=p&typeid=i","cat":294776},{"id":36437,"n":"Friandises pour chien Lydog Assortiment sticks - x15 126g","p":1.33,"u":"10,56 €/KG","img":"https://fd13-photos.leclercdrive.fr/image.ashx?id=1947271&use=l&cat=p&typeid=i","cat":294527},{"id":36438,"n":"Sticks dentaires Lydog Petit chien - x7 110g","p":0.99,"u":"9,00 €/KG","img":"https://fd13-photos.leclercdrive.fr/image.ashx?id=1878604&use=l&cat=p&typeid=i","cat":294527},{"id":36441,"n":"Aiguillettes poulet Tradilège Rôti - 2x75g","p":2.02,"u":"13,47 €/KG","img":"https://fd13-photos.leclercdrive.fr/image.ashx?id=2930781&use=l&cat=p&typeid=i","cat":316011},{"id":36445,"n":"Râpé de jambon Tradilège Fumé - 150g","p":1.79,"u":"11,93 €/KG","img":"https://fd13-photos.leclercdrive.fr/image.ashx?id=2905970&use=l&cat=p&typeid=i","cat":316011},{"id":36454,"n":"Pastilles NRT  Du Bassin de Vichy - 230g","p":0.98,"u":"4,26 €/KG","img":"https://fd13-photos.leclercdrive.fr/image.ashx?id=2771079&use=l&cat=p&typeid=i","cat":304252},{"id":36504,"n":"Pizza La Pizz Sodebo Jambon emmental - 470g","p":2.92,"u":"6,21 €/KG","img":"https://fd13-photos.leclercdrive.fr/image.ashx?id=2886786&use=l&cat=p&typeid=i","cat":333679},{"id":36515,"n":"Dragées Choco Peanuts Cacahuètes - 300g","p":2.39,"u":"7,97 €/KG","img":"https://fd13-photos.leclercdrive.fr/image.ashx?id=2474063&use=l&cat=p&typeid=i","cat":304238},{"id":36633,"n":"Glace Cône Nestlé Extrême Crème brulée x6 - 426g","p":3.22,"u":"7,56 €/KG","img":"https://fd13-photos.leclercdrive.fr/image.ashx?id=2831672&use=l&cat=p&typeid=i","cat":284264},{"id":36650,"n":"Barres céréales Bio Village Bio Fraise x6 125g","p":1.79,"u":"14,32 €/KG","img":"https://fd13-photos.leclercdrive.fr/image.ashx?id=2807306&use=l&cat=p&typeid=i","cat":285869},{"id":36651,"n":"Barres céréales Bio Village Bio Chocolat noir x6 125g","p":1.95,"u":"15,60 €/KG","img":"https://fd13-photos.leclercdrive.fr/image.ashx?id=2807309&use=l&cat=p&typeid=i","cat":285869},{"id":36656,"n":"Soupe liquide Liebig  Velouté 10 légumes - Brique 1L","p":1.68,"u":"1,68 €/L","img":"https://fd13-photos.leclercdrive.fr/image.ashx?id=2892133&use=l&cat=p&typeid=i","cat":284462},{"id":36658,"n":"Soupe liquide Liebig  Mouliné 10 légumes - Brique 1L","p":1.68,"u":"1,68 €/L","img":"https://fd13-photos.leclercdrive.fr/image.ashx?id=2651396&use=l&cat=p&typeid=i","cat":284462},{"id":36666,"n":"Miel Languedoc-Roussillon Nos Régions ont du Talent 375g","p":5.99,"u":"15,97 €/KG","img":"https://fd13-photos.leclercdrive.fr/image.ashx?id=2771402&use=l&cat=p&typeid=i","cat":287643},{"id":36704,"n":"Sucre en morceaux Daddy Demi-morceaux rond - 750g","p":1.73,"u":"2,31 €/KG","img":"https://fd13-photos.leclercdrive.fr/image.ashx?id=2907947&use=l&cat=p&typeid=i","cat":284502},{"id":36706,"n":"Sucre glace Daddy Sachet 1kg","p":2.68,"u":"2,68 €/KG","img":"https://fd13-photos.leclercdrive.fr/image.ashx?id=2973589&use=l&cat=p&typeid=i","cat":284502},{"id":36710,"n":"Sucre canne Béghin Say Pure - en morceaux - 750g","p":2.47,"u":"3,29 €/KG","img":"https://fd13-photos.leclercdrive.fr/image.ashx?id=2948830&use=l&cat=p&typeid=i","cat":284502},{"id":36711,"n":"Sucre cassonade Béghin Say En poudre - 750g","p":2.4,"u":"3,20 €/KG","img":"https://fd13-photos.leclercdrive.fr/image.ashx?id=2949928&use=l&cat=p&typeid=i","cat":284502},{"id":36721,"n":"Lait chat et chaton Whiskas 3x200ml","p":2.69,"u":"4,48 €/L","img":"https://fd13-photos.leclercdrive.fr/image.ashx?id=2759670&use=l&cat=p&typeid=i","cat":285285},{"id":36821,"n":"Biscuits M&M's  x10 - 198g","p":2.14,"u":"10,81 €/KG","img":"https://fd13-photos.leclercdrive.fr/image.ashx?id=2148416&use=l&cat=p&typeid=i","cat":284488},{"id":36825,"n":"Tablette chocolat Minis Milka Chocolat au lait - 200g","p":3.78,"u":"18,90 €/KG","img":"https://fd13-photos.leclercdrive.fr/image.ashx?id=2188521&use=l&cat=p&typeid=i","cat":284497},{"id":36833,"n":"BB Crème teintée médium Inell Hydratante 5 en 1 - 50ml","p":3.45,"u":"69,00 €/L","img":"https://fd13-photos.leclercdrive.fr/image.ashx?id=2822120&use=l&cat=p&typeid=i","cat":325345},{"id":36834,"n":"BB Crème teintée clair Inell  Hydratante 5en1 - 50ml","p":3.45,"u":"69,00 €/L","img":"https://fd13-photos.leclercdrive.fr/image.ashx?id=2691649&use=l&cat=p&typeid=i","cat":325345},{"id":36835,"n":"Crochets anti-mites Insectivor Lavande 2x3ml","p":1.69,"u":"0,85 €/P","img":"https://fd13-photos.leclercdrive.fr/image.ashx?id=1195921&use=l&cat=p&typeid=i","cat":298368},{"id":36849,"n":"Recharges plumeaux Clair Jetables x10","p":4.46,"u":"0,45 €/P","img":"https://fd13-photos.leclercdrive.fr/image.ashx?id=2832948&use=l&cat=p&typeid=i","cat":325364},{"id":36916,"n":"Brioche vendéenne IGP NRT Tranchée - 450g","p":3.24,"u":"7,20 €/KG","img":"https://fd13-photos.leclercdrive.fr/image.ashx?id=1944658&use=l&cat=p&typeid=i","cat":284478},{"id":36917,"n":"Canistrelli Corse NRT Amandes - 300g","p":3.65,"u":"12,17 €/KG","img":"https://fd13-photos.leclercdrive.fr/image.ashx?id=2909422&use=l&cat=p&typeid=i","cat":284487},{"id":36920,"n":"Protège-slips Doulys Ultra-mince - Large - x30","p":0.82,"u":"0,03 €/P","img":"https://fd13-photos.leclercdrive.fr/image.ashx?id=2847967&use=l&cat=p&typeid=i","cat":284625},{"id":37030,"n":"Farine suprême Francine 1kg","p":1.71,"u":"1,71 €/KG","img":"https://fd13-photos.leclercdrive.fr/image.ashx?id=2902654&use=l&cat=p&typeid=i","cat":284503},{"id":37033,"n":"Douceur Crème balsamique  Rustica - 25cl","p":1.79,"u":"7,16 €/L","img":"https://fd13-photos.leclercdrive.fr/image.ashx?id=2781877&use=l&cat=p&typeid=i","cat":284456},{"id":37049,"n":"Sauce Samourai Amora 255g","p":1.44,"u":"6,40 €/KG","img":"https://fd13-photos.leclercdrive.fr/image.ashx?id=2893838&use=l&cat=p&typeid=i","cat":318431},{"id":37054,"n":"Sucre pure canne Beghin Say Morceaux - 1kg","p":2.65,"u":"2,65 €/KG","img":"https://fd13-photos.leclercdrive.fr/image.ashx?id=2978688&use=l&cat=p&typeid=i","cat":284502},{"id":37149,"n":"Cookies Méga pépites P'tit Déli Chocolat noisettes 184g","p":1.51,"u":"8,21 €/KG","img":"https://fd13-photos.leclercdrive.fr/image.ashx?id=2116149&use=l&cat=p&typeid=i","cat":325066},{"id":37198,"n":"Poêlée Notre Jardin Méditerranéenne 750g","p":3.17,"u":"4,23 €/KG","img":"https://fd13-photos.leclercdrive.fr/image.ashx?id=2835029&use=l&cat=p&typeid=i","cat":319823},{"id":37255,"n":"Céréales Extra Kellogg's Noisettes Caramelisées - 500g","p":3.13,"u":"6,26 €/KG","img":"https://fd13-photos.leclercdrive.fr/image.ashx?id=2736598&use=l&cat=p&typeid=i","cat":309512},{"id":37260,"n":"Boisson au thé Fresh Tea Citron vert - 1,5L","p":1.22,"u":"0,81 €/L","img":"https://fd13-photos.leclercdrive.fr/image.ashx?id=2622257&use=l&cat=p&typeid=i","cat":295019},{"id":37261,"n":"Boisson au thé Fresh Tea Mangue - 1,5L","p":1.24,"u":"0,83 €/L","img":"https://fd13-photos.leclercdrive.fr/image.ashx?id=2622260&use=l&cat=p&typeid=i","cat":295019},{"id":37262,"n":"Boisson au thé Fresh Tea Framboise - 1,5L","p":1.33,"u":"0,89 €/L","img":"https://fd13-photos.leclercdrive.fr/image.ashx?id=2622254&use=l&cat=p&typeid=i","cat":295019},{"id":37281,"n":"Bonbons Longfizz Lutti 200g","p":1.34,"u":"6,70 €/KG","img":"https://fd13-photos.leclercdrive.fr/image.ashx?id=2962173&use=l&cat=p&typeid=i","cat":304250},{"id":37283,"n":"Compote bio Bio Village Pomme châtaigne - 4x100g","p":1.89,"u":"4,73 €/KG","img":"https://fd13-photos.leclercdrive.fr/image.ashx?id=1956865&use=l&cat=p&typeid=i","cat":284416},{"id":37286,"n":"Paëlla royale Marie 900g","p":4.69,"u":"5,21 €/KG","img":"https://fd13-photos.leclercdrive.fr/image.ashx?id=2996770&use=l&cat=p&typeid=i","cat":284254},{"id":37365,"n":"Barres céréales Nesquik Nestlé 8x25g + 4x25g offertes","p":3.11,"u":"10,37 €/KG","img":"https://fd13-photos.leclercdrive.fr/image.ashx?id=1709857&use=l&cat=p&typeid=i","cat":300032},{"id":37403,"n":"Sachet fraîcheur chien Pedigree  Mixte en sauce - 12x100g","p":5.2,"u":"4,33 €/KG","img":"https://fd13-photos.leclercdrive.fr/image.ashx?id=2870242&use=l&cat=p&typeid=i","cat":284673},{"id":37405,"n":"Foie de morue Connétable MSC Nature - 121g","p":2.22,"u":"18,35 €/KG","img":"https://fd13-photos.leclercdrive.fr/image.ashx?id=2918718&use=l&cat=p&typeid=i","cat":305147},{"id":37417,"n":"Boisson à base de vin rosé  Festalie - 75 cl","p":2.52,"u":"3,36 €/L","img":"https://fd13-photos.leclercdrive.fr/image.ashx?id=2436513&use=l&cat=p&typeid=i","cat":304569},{"id":37426,"n":"Bière blonde Kronenbourg 4,2° - 6x50cl canettes","p":5.59,"u":"1,86 €/L","img":"https://fd13-photos.leclercdrive.fr/image.ashx?id=2203508&use=l&cat=p&typeid=i","cat":334853},{"id":37453,"n":"Lardons de volaille Tradilège Fumés 2x75g","p":1.75,"u":"11,67 €/KG","img":"https://fd13-photos.leclercdrive.fr/image.ashx?id=2751952&use=l&cat=p&typeid=i","cat":316011},{"id":37455,"n":"Viande hachée de porc Férial  350g","p":4.59,"u":"13,11 €/KG","img":"https://fd13-photos.leclercdrive.fr/image.ashx?id=2922959&use=l&cat=p&typeid=i","cat":284332},{"id":37467,"n":"Infusion Tiséa Fruits rouges 25 sachets 40g","p":0.92,"u":"23,00 €/KG","img":"https://fd13-photos.leclercdrive.fr/image.ashx?id=2922506&use=l&cat=p&typeid=i","cat":293234},{"id":37468,"n":"Jambon cru Fine Fondante Aoste Sans conservateur - x6 - 100g","p":3.59,"u":"35,90 €/KG","img":"https://fd13-photos.leclercdrive.fr/image.ashx?id=2937172&use=l&cat=p&typeid=i","cat":316007},{"id":37540,"n":"Compote bébé Bio Village Bio Pomme vanille 4 mois 4x100g","p":1.99,"u":"4,98 €/KG","img":"https://fd13-photos.leclercdrive.fr/image.ashx?id=2704750&use=l&cat=p&typeid=i","cat":312387},{"id":37580,"n":"Soupe Régal Soupe Légumes et vermicelles - 1L","p":1.84,"u":"1,84 €/L","img":"https://fd13-photos.leclercdrive.fr/image.ashx?id=2607539&use=l&cat=p&typeid=i","cat":284462},{"id":37595,"n":"Snacks chats Tous mes amis Saumon - 60g","p":0.89,"u":"14,83 €/KG","img":"https://fd13-photos.leclercdrive.fr/image.ashx?id=1938588&use=l&cat=p&typeid=i","cat":285285},{"id":37596,"n":"Snacks chats Tous mes amis Contre les boules de poils- 60g","p":0.99,"u":"16,50 €/KG","img":"https://fd13-photos.leclercdrive.fr/image.ashx?id=726858&use=l&cat=p&typeid=i","cat":285285},{"id":37623,"n":"Trancetto Balconi Cacao x10 280g","p":1.39,"u":"4,96 €/KG","img":"https://fd13-photos.leclercdrive.fr/image.ashx?id=2878414&use=l&cat=p&typeid=i","cat":284495},{"id":37706,"n":"St Marcellin Etoile du Vercors 50% mg. 3x80g","p":3.69,"u":"15,38 €/KG","img":"https://fd13-photos.leclercdrive.fr/image.ashx?id=2647489&use=l&cat=p&typeid=i","cat":329558},{"id":37712,"n":"Haricots Verts Cassegrain Extra Fins Cueillis main 390g","p":3.07,"u":"7,87 €/KG","img":"https://fd13-photos.leclercdrive.fr/image.ashx?id=2913025&use=l&cat=p&typeid=i","cat":312606},{"id":37713,"n":"Harissa Phare du Cap Bon Tube - 140g","p":0.64,"u":"4,57 €/KG","img":"https://fd13-photos.leclercdrive.fr/image.ashx?id=2239044&use=l&cat=p&typeid=i","cat":289013},{"id":37719,"n":"Noix de macadamia Tokapi 100g","p":2.48,"u":"24,80 €/KG","img":"https://fd13-photos.leclercdrive.fr/image.ashx?id=2790519&use=l&cat=p&typeid=i","cat":284448},{"id":37720,"n":"Noix d'amazonie Tokapi 100g","p":2.22,"u":"22,20 €/KG","img":"https://fd13-photos.leclercdrive.fr/image.ashx?id=2790522&use=l&cat=p&typeid=i","cat":284448},{"id":37774,"n":"Recharge Dentamyl Brosse à dents électrique x2","p":6.99,"u":"3,50 €/P","img":"https://fd13-photos.leclercdrive.fr/image.ashx?id=2790967&use=l&cat=p&typeid=i","cat":297133},{"id":37842,"n":"Thé glacé zéro Fresh Tea  Pêche - 1,5L","p":1.29,"u":"0,86 €/L","img":"https://fd13-photos.leclercdrive.fr/image.ashx?id=2622266&use=l&cat=p&typeid=i","cat":295019},{"id":37864,"n":"Bouchons oreilles Primoplast Mousse x8","p":3.99,"u":"0,50 €/P","img":"https://fd13-photos.leclercdrive.fr/image.ashx?id=2856513&use=l&cat=p&typeid=i","cat":284630},{"id":37866,"n":"Lavette Mamisson Microfibre spécial vitres x1","p":0.85,"img":"https://fd13-photos.leclercdrive.fr/image.ashx?id=2595107&use=l&cat=p&typeid=i","cat":284667},{"id":38022,"n":"Barquette allégée Elle&Vire Doux - 20% MG - 250g","p":1.93,"u":"7,72 €/KG","img":"https://fd13-photos.leclercdrive.fr/image.ashx?id=2763460&use=l&cat=p&typeid=i","cat":284379},{"id":38026,"n":"Soufflés Frites Tokapi Bacon - 80g","p":0.79,"u":"9,88 €/KG","img":"https://fd13-photos.leclercdrive.fr/image.ashx?id=2597028&use=l&cat=p&typeid=i","cat":284449},{"id":38027,"n":"Quinoa gourmand Tipiak 400g","p":2.43,"u":"6,08 €/KG","img":"https://fd13-photos.leclercdrive.fr/image.ashx?id=2640617&use=l&cat=p&typeid=i","cat":284429},{"id":38035,"n":"Shampooing Petit Nateis 2en1 Enfants - 250ml","p":1.35,"u":"5,40 €/L","img":"https://fd13-photos.leclercdrive.fr/image.ashx?id=2626799&use=l&cat=p&typeid=i","cat":284606},{"id":38100,"n":"Chocolat en poudre Nesquik Boîte 490g","p":3.69,"u":"7,53 €/KG","img":"https://fd13-photos.leclercdrive.fr/image.ashx?id=3005305&use=l&cat=p&typeid=i","cat":293235},{"id":38227,"n":"Compresses stériles Primoplast Gaze x10","p":1.3,"u":"0,13 €/P","img":"https://fd13-photos.leclercdrive.fr/image.ashx?id=2856510&use=l&cat=p&typeid=i","cat":284630},{"id":38228,"n":"Vaseline Primoplast Tube 50ml","p":1.47,"u":"29,40 €/L","img":"https://fd13-photos.leclercdrive.fr/image.ashx?id=2856519&use=l&cat=p&typeid=i","cat":284630},{"id":38234,"n":"Dessert - P'tit Brassé Nestlé Banane - dès 6 mois - 4x100g","p":2.59,"u":"6,48 €/KG","img":"https://fd13-photos.leclercdrive.fr/image.ashx?id=2615131&use=l&cat=p&typeid=i","cat":312392},{"id":38235,"n":"Dessert - P'tit Brassé Nestlé Framboise - dès 6 mois - 4x100g","p":1.69,"u":"4,23 €/KG","img":"https://fd13-photos.leclercdrive.fr/image.ashx?id=2604876&use=l&cat=p&typeid=i","cat":312392},{"id":38236,"n":"Dessert - P'tit Brassé Nestlé Abricot - dès 6 mois - 4x100g","p":1.69,"u":"4,23 €/KG","img":"https://fd13-photos.leclercdrive.fr/image.ashx?id=2600569&use=l&cat=p&typeid=i","cat":312392},{"id":38237,"n":"Dessert - P'tit Brassé Nestlé Poire - dès 6 mois - 4x100g","p":2.59,"u":"6,48 €/KG","img":"https://fd13-photos.leclercdrive.fr/image.ashx?id=2615756&use=l&cat=p&typeid=i","cat":312392},{"id":38238,"n":"Dessert - P'tit Brassé Nestlé Fraise - dès 6 mois - 4x100g","p":1.69,"u":"4,23 €/KG","img":"https://fd13-photos.leclercdrive.fr/image.ashx?id=2510187&use=l&cat=p&typeid=i","cat":312392},{"id":38239,"n":"Dessert - P'tit Brassé Nestlé Myrtille - dès 6 mois - 4x100g","p":2.18,"u":"5,45 €/KG","img":"https://fd13-photos.leclercdrive.fr/image.ashx?id=2583235&use=l&cat=p&typeid=i","cat":312392},{"id":38298,"n":"Matière grasse St Hubert Omega 3 - 52%mg - doux - 510g","p":3.39,"u":"6,65 €/KG","img":"https://fd13-photos.leclercdrive.fr/image.ashx?id=2734108&use=l&cat=p&typeid=i","cat":315229},{"id":38304,"n":"Taboulé Pierre Martinet Au poulet - 300g","p":1.74,"u":"5,80 €/KG","img":"https://fd13-photos.leclercdrive.fr/image.ashx?id=2990529&use=l&cat=p&typeid=i","cat":333657},{"id":38337,"n":"Huile sèche corps Inell Nourrissante - 150ml","p":3.82,"u":"25,47 €/L","img":"https://fd13-photos.leclercdrive.fr/image.ashx?id=2604349&use=l&cat=p&typeid=i","cat":325349},{"id":38374,"n":"Brosse à dents Dentamyl Super pro interdent x1","p":1.3,"img":"https://fd13-photos.leclercdrive.fr/image.ashx?id=2790970&use=l&cat=p&typeid=i","cat":284614},{"id":38379,"n":"Shampooing Manava Aux oeufs 500ml","p":1.0,"u":"2,00 €/L","img":"https://fd13-photos.leclercdrive.fr/image.ashx?id=2852243&use=l&cat=p&typeid=i","cat":284606},{"id":38524,"n":"Tendres perles Blé Tipiak Prêt en 5 min - 350g","p":1.62,"u":"4,63 €/KG","img":"https://fd13-photos.leclercdrive.fr/image.ashx?id=2640614&use=l&cat=p&typeid=i","cat":284429},{"id":38562,"n":"Cône Nestlé Extrême  Vanille de Madagascar x6 - 426g","p":3.49,"u":"8,19 €/KG","img":"https://fd13-photos.leclercdrive.fr/image.ashx?id=3000432&use=l&cat=p&typeid=i","cat":284264},{"id":38563,"n":"Cône Extrême Nestlé Chocolat intense 6x71g","p":3.5,"u":"8,22 €/KG","img":"https://fd13-photos.leclercdrive.fr/image.ashx?id=2353089&use=l&cat=p&typeid=i","cat":284264},{"id":38607,"n":"Surligneurs Stabilo Boss x4 Boss Original + 2 Swing Cool","p":5.62,"img":"https://fd13-photos.leclercdrive.fr/image.ashx?id=2010956&use=l&cat=p&typeid=i","cat":284696},{"id":38630,"n":"Cahier de musique Esquisse Bleu- 48 pages 24x32cm","p":1.99,"img":"https://fd13-photos.leclercdrive.fr/image.ashx?id=1689387&use=l&cat=p&typeid=i","cat":284697},{"id":38631,"n":"Stylo bille Esquisse 4 couleurs différentes - x10","p":1.75,"u":"0,18 €/P","img":"https://fd13-photos.leclercdrive.fr/image.ashx?id=1928839&use=l&cat=p&typeid=i","cat":284696},{"id":38705,"n":"Chocolat Pâtissier Nestlé Dessert - 2x205g","p":5.86,"u":"14,29 €/KG","img":"https://fd13-photos.leclercdrive.fr/image.ashx?id=2959491&use=l&cat=p&typeid=i","cat":285562},{"id":38724,"n":"Madeleines coquilles NRT 330g","p":3.29,"u":"9,97 €/KG","img":"https://fd13-photos.leclercdrive.fr/image.ashx?id=2704903&use=l&cat=p&typeid=i","cat":284492},{"id":38744,"n":"Beurre allégé Les Croisés Demi-sel - 60% MG - 250g","p":1.89,"u":"7,56 €/KG","img":"https://fd13-photos.leclercdrive.fr/image.ashx?id=2897787&use=l&cat=p&typeid=i","cat":284379},{"id":38781,"n":"Mouchoirs blancs 4 plis Caresse Boîte mouchoirs papier - x80","p":1.1,"u":"0,01 €/P","img":"https://fd13-photos.leclercdrive.fr/image.ashx?id=2801049&use=l&cat=p&typeid=i","cat":284638},{"id":38787,"n":"Huggies® Little Swimmers® Maxipack Taille 5-6 x19","p":11.85,"u":"0,62 €/P","img":"https://fd13-photos.leclercdrive.fr/image.ashx?id=2844709&use=l&cat=p&typeid=i","cat":290634},{"id":38799,"n":"Essuie-tout Mimosa Demi-feuille - x3","p":4.9,"u":"1,63 €/P","img":"https://fd13-photos.leclercdrive.fr/image.ashx?id=2727389&use=l&cat=p&typeid=i","cat":284635},{"id":38803,"n":"Déodorant spray grenade Manava A l'huile sauge sclarée - 100ml","p":1.39,"u":"13,90 €/L","img":"https://fd13-photos.leclercdrive.fr/image.ashx?id=2656448&use=l&cat=p&typeid=i","cat":284595},{"id":38812,"n":"Pains au lait Pasquier x10 - 350g","p":1.45,"u":"4,14 €/KG","img":"https://fd13-photos.leclercdrive.fr/image.ashx?id=2576940&use=l&cat=p&typeid=i","cat":293505},{"id":38818,"n":"Biscuits fourrés Bio Bjorg Chocolat lait - 3x225g","p":5.73,"u":"8,49 €/KG","img":"https://fd13-photos.leclercdrive.fr/image.ashx?id=2861524&use=l&cat=p&typeid=i","cat":284488},{"id":38857,"n":"Fromage Boursin cuisine Ail & fines herbes - 240g","p":2.47,"u":"10,29 €/KG","img":"https://fd13-photos.leclercdrive.fr/image.ashx?id=2615418&use=l&cat=p&typeid=i","cat":314029},{"id":38868,"n":"Chips ondulées Pom'Lisse Poulet rôti - 135g","p":1.05,"u":"7,78 €/KG","img":"https://fd13-photos.leclercdrive.fr/image.ashx?id=2919625&use=l&cat=p&typeid=i","cat":284447},{"id":39051,"n":"AOC Buzet rosé L'Excellence - 75cl","p":4.5,"u":"6,00 €/L","img":"https://fd13-photos.leclercdrive.fr/image.ashx?id=2833420&use=l&cat=p&typeid=i","cat":289558},{"id":39059,"n":"Salade Maxi sachet Bonduelle Mesclun - 145g","p":2.39,"u":"16,48 €/KG","img":"https://fd13-photos.leclercdrive.fr/image.ashx?id=2939244&use=l&cat=p&typeid=i","cat":284353},{"id":39061,"n":"Film étirable Alfapac Rouleau 35m x 29cm","p":1.55,"img":"https://fd13-photos.leclercdrive.fr/image.ashx?id=2918268&use=l&cat=p&typeid=i","cat":334134},{"id":39067,"n":"Tablettes lave vaisselle Sun Classic x60 - 570g","p":7.25,"u":"12,72 €/KG","img":"https://fd13-photos.leclercdrive.fr/image.ashx?id=2775745&use=l&cat=p&typeid=i","cat":284656},{"id":39100,"n":"Rasoirs jetables Bic 3 lames - 2x8","p":6.79,"u":"0,42 €/P","img":"https://fd13-photos.leclercdrive.fr/image.ashx?id=2957005&use=l&cat=p&typeid=i","cat":284616},{"id":39107,"n":"Gel lavant Manava Savon de Marseille - 300ml","p":1.06,"u":"3,53 €/L","img":"https://fd13-photos.leclercdrive.fr/image.ashx?id=2935498&use=l&cat=p&typeid=i","cat":284597},{"id":39122,"n":"Fromage de chèvre Soignon Bûche Sainte Maure - 300g","p":3.24,"u":"10,80 €/KG","img":"https://fd13-photos.leclercdrive.fr/image.ashx?id=2963331&use=l&cat=p&typeid=i","cat":314031},{"id":39145,"n":"Mouchoirs blancs 4 plis Caresse Etuis x15 - Mentholés","p":1.98,"u":"0,13 €/P","img":"https://fd13-photos.leclercdrive.fr/image.ashx?id=2572996&use=l&cat=p&typeid=i","cat":284638},{"id":39182,"n":"Pain de mie 100% Mie Harrys Complet sans croûte Maxi - 650g","p":2.29,"u":"3,52 €/KG","img":"https://fd13-photos.leclercdrive.fr/image.ashx?id=2517438&use=l&cat=p&typeid=i","cat":284477},{"id":39199,"n":"Pizza Turini Cuite sur pierre Campagnarde - 400g","p":2.99,"u":"7,48 €/KG","img":"https://fd13-photos.leclercdrive.fr/image.ashx?id=2816576&use=l&cat=p&typeid=i","cat":284256},{"id":39232,"n":"AOP Champagne rosé Demoiselle Brut Vranken - 75cl","p":30.03,"u":"40,04 €/L","img":"https://fd13-photos.leclercdrive.fr/image.ashx?id=2020254&use=l&cat=p&typeid=i","cat":284542},{"id":39271,"n":"AOP Alsace Pinot gris  vin blanc Rebmann - 75 cl","p":4.99,"u":"6,65 €/L","img":"https://fd13-photos.leclercdrive.fr/image.ashx?id=2709686&use=l&cat=p&typeid=i","cat":289557},{"id":39328,"n":"Vin mousseux Kriter Brut 3x20cl","p":4.6,"u":"7,67 €/L","img":"https://fd13-photos.leclercdrive.fr/image.ashx?id=2538509&use=l&cat=p&typeid=i","cat":284544},{"id":39331,"n":"Shampooing Manava Beurre de karité 500ml","p":1.35,"u":"2,70 €/L","img":"https://fd13-photos.leclercdrive.fr/image.ashx?id=1884643&use=l&cat=p&typeid=i","cat":284606},{"id":39332,"n":"Shampooing Manava Cheveux normaux à gras 500ml","p":1.28,"u":"2,56 €/L","img":"https://fd13-photos.leclercdrive.fr/image.ashx?id=1885059&use=l&cat=p&typeid=i","cat":284606},{"id":39338,"n":"Moutarde Savora Amora 385g","p":2.29,"u":"5,95 €/KG","img":"https://fd13-photos.leclercdrive.fr/image.ashx?id=2775685&use=l&cat=p&typeid=i","cat":288850},{"id":39339,"n":"Moutarde Amora Fine & douce - 190g","p":1.64,"u":"8,63 €/KG","img":"https://fd13-photos.leclercdrive.fr/image.ashx?id=2738791&use=l&cat=p&typeid=i","cat":288850},{"id":39388,"n":"Haricots verts Bio Village Bio - 360g","p":1.89,"u":"5,25 €/KG","img":"https://fd13-photos.leclercdrive.fr/image.ashx?id=3002659&use=l&cat=p&typeid=i","cat":312606},{"id":39389,"n":"Haricots beurre Notre Jardin Extra fins 1kg","p":2.29,"u":"2,29 €/KG","img":"https://fd13-photos.leclercdrive.fr/image.ashx?id=2431134&use=l&cat=p&typeid=i","cat":319805},{"id":39417,"n":"Boisson Sunny Delight Florida - 1,25L","p":2.35,"u":"1,88 €/L","img":"https://fd13-photos.leclercdrive.fr/image.ashx?id=2309960&use=l&cat=p&typeid=i","cat":285435},{"id":39418,"n":"Boisson Sunny Delight Doux California - 1,25L","p":2.19,"u":"1,75 €/L","img":"https://fd13-photos.leclercdrive.fr/image.ashx?id=2309963&use=l&cat=p&typeid=i","cat":285435},{"id":39443,"n":"Jus innocent  orange avec pulpe 1.5L","p":4.0,"u":"2,67 €/L","img":"https://fd13-photos.leclercdrive.fr/image.ashx?id=2891223&use=l&cat=p&typeid=i","cat":285435},{"id":39444,"n":"Jus innocent orange avec pulpe 900ml","p":2.76,"u":"3,07 €/L","img":"https://fd13-photos.leclercdrive.fr/image.ashx?id=2891700&use=l&cat=p&typeid=i","cat":285435},{"id":39445,"n":"Confiture Douceur Du Verger Extra myrtilles allegée - 340g","p":1.89,"u":"5,56 €/KG","img":"https://fd13-photos.leclercdrive.fr/image.ashx?id=2965515&use=l&cat=p&typeid=i","cat":284480},{"id":39472,"n":"Mousse aux oeufs Bonne Maman Chocolat au lait - 4x50g","p":1.92,"u":"9,60 €/KG","img":"https://fd13-photos.leclercdrive.fr/image.ashx?id=2571512&use=l&cat=p&typeid=i","cat":284417},{"id":39480,"n":"Chips ondulées Pom'Lisse Nature - 6x30g","p":1.57,"u":"8,72 €/KG","img":"https://fd13-photos.leclercdrive.fr/image.ashx?id=2728246&use=l&cat=p&typeid=i","cat":284447},{"id":39482,"n":"Brownie P'tit Déli Chocolat noisette - 240g","p":1.83,"u":"7,63 €/KG","img":"https://fd13-photos.leclercdrive.fr/image.ashx?id=2891779&use=l&cat=p&typeid=i","cat":294776},{"id":39497,"n":"Barre chocolatée P'tit Déli Bille de riz - 162g","p":1.5,"u":"9,26 €/KG","img":"https://fd13-photos.leclercdrive.fr/image.ashx?id=2529599&use=l&cat=p&typeid=i","cat":284488},{"id":39498,"n":"Biscottes Epi d'Or Gout brioché x36 - 300g","p":1.51,"u":"5,03 €/KG","img":"https://fd13-photos.leclercdrive.fr/image.ashx?id=2684028&use=l&cat=p&typeid=i","cat":284479},{"id":39502,"n":"Biscuits Cookies P'tit Déli Coeur fondant noisette - 200g","p":1.44,"u":"7,20 €/KG","img":"https://fd13-photos.leclercdrive.fr/image.ashx?id=2577296&use=l&cat=p&typeid=i","cat":325066},{"id":39507,"n":"Moutarde Rustica Douce - 435g","p":1.39,"u":"3,20 €/KG","img":"https://fd13-photos.leclercdrive.fr/image.ashx?id=2052019&use=l&cat=p&typeid=i","cat":288850},{"id":39508,"n":"Mini canapés Epi d'Or Nature - 255g","p":1.12,"u":"4,39 €/KG","img":"https://fd13-photos.leclercdrive.fr/image.ashx?id=2610220&use=l&cat=p&typeid=i","cat":285454},{"id":39511,"n":"Thé lady grey Twinings x20 sachets -  40g","p":2.51,"u":"62,75 €/KG","img":"https://fd13-photos.leclercdrive.fr/image.ashx?id=2875552&use=l&cat=p&typeid=i","cat":293233},{"id":39517,"n":"Thé vert Twinings Citron x25 sachets -50g","p":2.28,"u":"45,60 €/KG","img":"https://fd13-photos.leclercdrive.fr/image.ashx?id=2893012&use=l&cat=p&typeid=i","cat":293233},{"id":39521,"n":"Cacahuètes enrobées Tokapi Salées - 150g","p":0.85,"u":"5,67 €/KG","img":"https://fd13-photos.leclercdrive.fr/image.ashx?id=1957812&use=l&cat=p&typeid=i","cat":284448},{"id":39522,"n":"Cacahuètes enrobées Tokapi Bacon - 150g","p":0.85,"u":"5,67 €/KG","img":"https://fd13-photos.leclercdrive.fr/image.ashx?id=1951858&use=l&cat=p&typeid=i","cat":284448},{"id":39524,"n":"Cacahuètes enrobées Tokapi Epicées - 150g","p":0.85,"u":"5,67 €/KG","img":"https://fd13-photos.leclercdrive.fr/image.ashx?id=763519&use=l&cat=p&typeid=i","cat":284448},{"id":39529,"n":"Jus de citron Rustica Sicile - 50cl","p":1.67,"u":"3,34 €/L","img":"https://fd13-photos.leclercdrive.fr/image.ashx?id=2974804&use=l&cat=p&typeid=i","cat":288383},{"id":39530,"n":"Dessert bébé BabyBio Bio 6 mois Pomme / Fraise - 260g","p":1.95,"u":"7,50 €/KG","img":"https://fd13-photos.leclercdrive.fr/image.ashx?id=2827509&use=l&cat=p&typeid=i","cat":312388},{"id":39531,"n":"Compote bébé Babybio Bio 4 mois Pomme / Mangue - 260g","p":1.89,"u":"7,27 €/KG","img":"https://fd13-photos.leclercdrive.fr/image.ashx?id=2827500&use=l&cat=p&typeid=i","cat":312387},{"id":39545,"n":"Soupe Poule au pot Régal Soupe  Déshydratée - 72g","p":0.84,"u":"11,67 €/KG","img":"https://fd13-photos.leclercdrive.fr/image.ashx?id=2656381&use=l&cat=p&typeid=i","cat":284463},{"id":39548,"n":"Haricots verts Notre Jardin Extra fins - 3x110g","p":1.83,"u":"5,55 €/KG","img":"https://fd13-photos.leclercdrive.fr/image.ashx?id=3002605&use=l&cat=p&typeid=i","cat":312606},{"id":39550,"n":"Sirop d'agave bio Bio Village 345g","p":1.99,"u":"5,77 €/KG","img":"https://fd13-photos.leclercdrive.fr/image.ashx?id=2764961&use=l&cat=p&typeid=i","cat":287643},{"id":39558,"n":"Croquettes chat Tous mes amis Stérilisés - 2kg","p":3.24,"u":"1,62 €/KG","img":"https://fd13-photos.leclercdrive.fr/image.ashx?id=2301490&use=l&cat=p&typeid=i","cat":284680},{"id":39559,"n":"Céréales Jordans Spécial Muesli Fruits et Noix - 750g","p":3.55,"u":"4,73 €/KG","img":"https://fd13-photos.leclercdrive.fr/image.ashx?id=2966770&use=l&cat=p&typeid=i","cat":309512},{"id":39560,"n":"Duo Haricots verts et beurre Notre Jardin - 455g","p":1.99,"u":"4,37 €/KG","img":"https://fd13-photos.leclercdrive.fr/image.ashx?id=2291408&use=l&cat=p&typeid=i","cat":312606},{"id":39562,"n":"Céréales Bio Jordans Muesli - 500g","p":3.07,"u":"6,14 €/KG","img":"https://fd13-photos.leclercdrive.fr/image.ashx?id=2475897&use=l&cat=p&typeid=i","cat":309512},{"id":39569,"n":"Céréales Jordans Country Crisp Chocolat Noir 70% - 550g","p":3.61,"u":"6,56 €/KG","img":"https://fd13-photos.leclercdrive.fr/image.ashx?id=3000836&use=l&cat=p&typeid=i","cat":309512},{"id":39570,"n":"Céréales Jordans Country Crisp 4 Noix - 550g","p":3.23,"u":"5,87 €/KG","img":"https://fd13-photos.leclercdrive.fr/image.ashx?id=2973487&use=l&cat=p&typeid=i","cat":309512},{"id":39576,"n":"AOP Côtes de Provence rosé Berne Grande récolte - 75cl","p":9.9,"u":"13,20 €/L","img":"https://fd13-photos.leclercdrive.fr/image.ashx?id=2857530&use=l&cat=p&typeid=i","cat":289558},{"id":39616,"n":"Sirop Moulin de Valdonne Fraise - 70cl","p":3.31,"u":"4,73 €/L","img":"https://fd13-photos.leclercdrive.fr/image.ashx?id=2170559&use=l&cat=p&typeid=i","cat":295020},{"id":39617,"n":"Sirop Moulin de Valdonne Menthe - 70cl","p":3.01,"u":"4,30 €/L","img":"https://fd13-photos.leclercdrive.fr/image.ashx?id=2170550&use=l&cat=p&typeid=i","cat":295020},{"id":39750,"n":"Confiture Bonne Maman Myrtille cassis 370g","p":2.36,"u":"6,38 €/KG","img":"https://fd13-photos.leclercdrive.fr/image.ashx?id=2963427&use=l&cat=p&typeid=i","cat":284480},{"id":39752,"n":"Confiture Bonne Maman Abricots / Pêches - 370g","p":2.35,"u":"6,35 €/KG","img":"https://fd13-photos.leclercdrive.fr/image.ashx?id=2335946&use=l&cat=p&typeid=i","cat":284480},{"id":39770,"n":"Edulcorant Canderel Pot, poudre 80g","p":2.29,"u":"28,63 €/KG","img":"https://fd13-photos.leclercdrive.fr/image.ashx?id=2811020&use=l&cat=p&typeid=i","cat":324846},{"id":39783,"n":"Liqueur Malibu Coco 18% vol - 1L","p":15.45,"u":"15,45 €/L","img":"https://fd13-photos.leclercdrive.fr/image.ashx?id=2396881&use=l&cat=p&typeid=i","cat":284551},{"id":39856,"n":"Sirop Frucci  Citron vert - 75cl","p":3.29,"u":"4,39 €/L","img":"https://fd13-photos.leclercdrive.fr/image.ashx?id=2842307&use=l&cat=p&typeid=i","cat":295020},{"id":39858,"n":"Sirop Frucci Fruits exotiques - 75cl","p":2.65,"u":"3,53 €/L","img":"https://fd13-photos.leclercdrive.fr/image.ashx?id=2842313&use=l&cat=p&typeid=i","cat":295020},{"id":39871,"n":"Pur jus d'orange Jafaden 4x20cl","p":3.33,"u":"4,16 €/L","img":"https://fd13-photos.leclercdrive.fr/image.ashx?id=2802293&use=l&cat=p&typeid=i","cat":284521},{"id":39894,"n":"Bière blanche Hilbörg 4,5%vol. -  6x25cl","p":3.45,"u":"2,30 €/L","img":"https://fd13-photos.leclercdrive.fr/image.ashx?id=2913706&use=l&cat=p&typeid=i","cat":334878},{"id":39934,"n":"Yaourts à la Grecque Délisse Nature - 8x125g","p":2.15,"u":"2,15 €/KG","img":"https://fd13-photos.leclercdrive.fr/image.ashx?id=2699480&use=l&cat=p&typeid=i","cat":314999},{"id":39950,"n":"Yaourts Lait de brebis Délisse Nature - 4x125g","p":2.19,"u":"4,38 €/KG","img":"https://fd13-photos.leclercdrive.fr/image.ashx?id=1872007&use=l&cat=p&typeid=i","cat":314998},{"id":39951,"n":"Crème dessert Délisse Pistache - 4x125g","p":0.89,"u":"1,78 €/KG","img":"https://fd13-photos.leclercdrive.fr/image.ashx?id=2441333&use=l&cat=p&typeid=i","cat":285041},{"id":39952,"n":"Dessert Liégeois Délisse Vanille Chocolat - 8x100g","p":2.09,"u":"2,61 €/KG","img":"https://fd13-photos.leclercdrive.fr/image.ashx?id=2631444&use=l&cat=p&typeid=i","cat":285042},{"id":39953,"n":"crème dessert chocolat danette pop billes 3 chocolats - 4x117g","p":2.5,"u":"5,34 €/KG","img":"https://fd13-photos.leclercdrive.fr/image.ashx?id=2926230&use=l&cat=p&typeid=i","cat":285041},{"id":39954,"n":"Crème dessert vanille Danette  Billes 3 chocolats - 4x117g","p":2.53,"u":"5,41 €/KG","img":"https://fd13-photos.leclercdrive.fr/image.ashx?id=2926227&use=l&cat=p&typeid=i","cat":285041},{"id":39970,"n":"Poivre noir moulu Ducros N°8 - 38g","p":2.15,"u":"56,58 €/KG","img":"https://fd13-photos.leclercdrive.fr/image.ashx?id=2311051&use=l&cat=p&typeid=i","cat":284457},{"id":39973,"n":"Plat bébé Blédina 12 mois  Boulghour tomate saumon -2x200g","p":2.79,"u":"6,98 €/KG","img":"https://fd13-photos.leclercdrive.fr/image.ashx?id=2975083&use=l&cat=p&typeid=i","cat":312237},{"id":39974,"n":"Plat bébé Blédina 6 mois  Purée butternut poulet - 2x200g","p":2.51,"u":"6,28 €/KG","img":"https://fd13-photos.leclercdrive.fr/image.ashx?id=2975080&use=l&cat=p&typeid=i","cat":312236},{"id":39988,"n":"Crème de douche Manava Douceur de crème - 250ml","p":1.05,"u":"4,20 €/L","img":"https://fd13-photos.leclercdrive.fr/image.ashx?id=2699282&use=l&cat=p&typeid=i","cat":284594},{"id":39989,"n":"Savon douceur Manava 1/4 de crème 100g","p":0.93,"u":"9,30 €/KG","img":"https://fd13-photos.leclercdrive.fr/image.ashx?id=2331318&use=l&cat=p&typeid=i","cat":284597},{"id":39992,"n":"Gel douche Manava Monoï de Polynésie 250ml","p":1.15,"u":"4,60 €/L","img":"https://fd13-photos.leclercdrive.fr/image.ashx?id=2626805&use=l&cat=p&typeid=i","cat":284594},{"id":39994,"n":"Lait douche Manava Fleur d'oranger 250ml","p":1.29,"u":"5,16 €/L","img":"https://fd13-photos.leclercdrive.fr/image.ashx?id=2618335&use=l&cat=p&typeid=i","cat":284594},{"id":39995,"n":"Recharge gel lavant Manava Savon de Marseil. Olive - 250ml","p":0.66,"u":"2,64 €/L","img":"https://fd13-photos.leclercdrive.fr/image.ashx?id=2935501&use=l&cat=p&typeid=i","cat":284597},{"id":40003,"n":"Saucisson Justin Bridou La Juste Sèche - 275g","p":3.76,"u":"13,67 €/KG","img":"https://fd13-photos.leclercdrive.fr/image.ashx?id=2756927&use=l&cat=p&typeid=i","cat":316006},{"id":40004,"n":"Saucisson Mini Justin Bridou  Bâton de Berger - 100g","p":2.33,"u":"23,30 €/KG","img":"https://fd13-photos.leclercdrive.fr/image.ashx?id=3011440&use=l&cat=p&typeid=i","cat":316006},{"id":40006,"n":"Houmous Extra l'Atelier Blini 175g","p":2.71,"u":"15,49 €/KG","img":"https://fd13-photos.leclercdrive.fr/image.ashx?id=2795093&use=l&cat=p&typeid=i","cat":315999},{"id":40033,"n":"Yaourt nature sucré Yoplait - 16x125g","p":3.28,"u":"1,64 €/KG","img":"https://fd13-photos.leclercdrive.fr/image.ashx?id=2796821&use=l&cat=p&typeid=i","cat":284409},{"id":40034,"n":"Menthe Pastille Giffard 24%vol - 70cl","p":11.85,"pp":10.85,"u":"15,50 €/L","img":"https://fd13-photos.leclercdrive.fr/image.ashx?id=2529903&use=l&cat=p&typeid=i","cat":286032},{"id":40089,"n":"Gel douche Manava Cranberry myrtille - 250ml","p":1.15,"u":"4,60 €/L","img":"https://fd13-photos.leclercdrive.fr/image.ashx?id=2626802&use=l&cat=p&typeid=i","cat":284594},{"id":40090,"n":"Lait corps Inell Nourrissant - 250ml","p":2.33,"u":"9,32 €/L","img":"https://fd13-photos.leclercdrive.fr/image.ashx?id=2691661&use=l&cat=p&typeid=i","cat":325349},{"id":40092,"n":"Saucisson sec Saint Azay Stick au noix 100g","p":1.99,"u":"19,90 €/KG","img":"https://fd13-photos.leclercdrive.fr/image.ashx?id=2469565&use=l&cat=p&typeid=i","cat":316006},{"id":40094,"n":"Saucissons secs Saint Azay Stick nature 100g","p":1.99,"u":"19,90 €/KG","img":"https://fd13-photos.leclercdrive.fr/image.ashx?id=2474128&use=l&cat=p&typeid=i","cat":316006},{"id":40101,"n":"Saucisson Saint-Azay  Fuet Catalan - 170 g","p":2.09,"u":"12,29 €/KG","img":"https://fd13-photos.leclercdrive.fr/image.ashx?id=2856302&use=l&cat=p&typeid=i","cat":316006},{"id":40103,"n":"Aiguillettes poulet jaune Volandrie - 210g","p":2.95,"u":"14,05 €/KG","img":"https://fd13-photos.leclercdrive.fr/image.ashx?id=2595930&use=l&cat=p&typeid=i","cat":284336},{"id":40106,"n":"Aiguillettes poulet blanc Volandrie - 210g","p":2.95,"u":"14,05 €/KG","img":"https://fd13-photos.leclercdrive.fr/image.ashx?id=2647883&use=l&cat=p&typeid=i","cat":284336},{"id":40107,"n":"Adoucissant Hyperdou Provence - 750ml","p":1.99,"u":"2,65 €/L","img":"https://fd13-photos.leclercdrive.fr/image.ashx?id=2614473&use=l&cat=p&typeid=i","cat":284650},{"id":40108,"n":"Adoucissant Hyperdou Rêve fraicheur - 750ml","p":1.89,"u":"2,52 €/L","img":"https://fd13-photos.leclercdrive.fr/image.ashx?id=2602850&use=l&cat=p&typeid=i","cat":284650},{"id":40122,"n":"AOP Côtes de Provence vin rosé Terres Ocrées - 75cl - 13%","p":4.99,"u":"6,65 €/L","img":"https://fd13-photos.leclercdrive.fr/image.ashx?id=2896895&use=l&cat=p&typeid=i","cat":289558},{"id":40133,"n":"Gaufrettes Paille d'Or LU Framboise - 170g","p":1.85,"u":"10,88 €/KG","img":"https://fd13-photos.leclercdrive.fr/image.ashx?id=2883753&use=l&cat=p&typeid=i","cat":284489},{"id":40135,"n":"Biscottes Heudebert  Nature - 300g","p":1.27,"u":"4,23 €/KG","img":"https://fd13-photos.leclercdrive.fr/image.ashx?id=2368291&use=l&cat=p&typeid=i","cat":284479},{"id":40142,"n":"Compote Douceur du Verger Coupelle multivariétés -16x100g","p":3.99,"u":"2,49 €/KG","img":"https://fd13-photos.leclercdrive.fr/image.ashx?id=2663533&use=l&cat=p&typeid=i","cat":284508},{"id":40169,"n":"IGP Sel fin Le Guérandais  Label rouge - 250g","p":2.18,"u":"8,72 €/KG","img":"https://fd13-photos.leclercdrive.fr/image.ashx?id=2457887&use=l&cat=p&typeid=i","cat":284457},{"id":40173,"n":"Préfou Paso Tomate basilic - 350g","p":4.05,"img":"https://fd13-photos.leclercdrive.fr/image.ashx?id=2676765&use=l&cat=p&typeid=i","cat":316003},{"id":40214,"n":"Sauce Pesto Barilla Basilic et Roquette - 190g","p":1.8,"u":"9,47 €/KG","img":"https://fd13-photos.leclercdrive.fr/image.ashx?id=2457980&use=l&cat=p&typeid=i","cat":287599},{"id":40215,"n":"Petit pot soir Babybio Bio P.pois maïs riz, 6 mois 2x200g","p":2.67,"u":"6,68 €/KG","img":"https://fd13-photos.leclercdrive.fr/image.ashx?id=2827476&use=l&cat=p&typeid=i","cat":312239},{"id":40271,"n":"Baguette céréales 250g","p":1.85,"u":"7,40 €/KG","img":"https://fd13-photos.leclercdrive.fr/image.ashx?id=2063062&use=l&cat=p&typeid=i","cat":284359},{"id":40278,"n":"Barres glacées Twix  Caramel & Biscuit x6 - 205g","p":2.76,"u":"13,46 €/KG","img":"https://fd13-photos.leclercdrive.fr/image.ashx?id=2906742&use=l&cat=p&typeid=i","cat":284264},{"id":40311,"n":"Biscuits cacao P'tit Déli Chocolat noir/blanc - 115g","p":2.0,"u":"17,39 €/KG","img":"https://fd13-photos.leclercdrive.fr/image.ashx?id=2566197&use=l&cat=p&typeid=i","cat":284488},{"id":40313,"n":"Madeleines marbrées P'tit Déli Chocolat 400g","p":2.15,"u":"5,38 €/KG","img":"https://fd13-photos.leclercdrive.fr/image.ashx?id=2646065&use=l&cat=p&typeid=i","cat":284492},{"id":40318,"n":"Mini cornichons Rustica 210g","p":2.03,"u":"9,67 €/KG","img":"https://fd13-photos.leclercdrive.fr/image.ashx?id=2916704&use=l&cat=p&typeid=i","cat":284458},{"id":40330,"n":"Sablés P'tit Déli Pur beurre framboise - 100g","p":1.18,"u":"11,80 €/KG","img":"https://fd13-photos.leclercdrive.fr/image.ashx?id=2669747&use=l&cat=p&typeid=i","cat":284487},{"id":40336,"n":"Bière blonde Heineken 12x33cl","p":11.3,"u":"2,85 €/L","img":"https://fd13-photos.leclercdrive.fr/image.ashx?id=3008110&use=l&cat=p&typeid=i","cat":334873},{"id":40372,"n":"Sauce Tomate Sacla'Italia Roquette - 190g","p":2.87,"u":"15,11 €/KG","img":"https://fd13-photos.leclercdrive.fr/image.ashx?id=2111544&use=l&cat=p&typeid=i","cat":287599},{"id":40373,"n":"Sauce Sacla'Italia Aubergines Alla parmigiana 190g","p":2.59,"u":"13,63 €/KG","img":"https://fd13-photos.leclercdrive.fr/image.ashx?id=2507041&use=l&cat=p&typeid=i","cat":287599},{"id":40390,"n":"Sauce Sacla'Italia Basilic 345g","p":2.6,"u":"7,54 €/KG","img":"https://fd13-photos.leclercdrive.fr/image.ashx?id=2662150&use=l&cat=p&typeid=i","cat":287599},{"id":40412,"n":"Thon entier Petit Navire Huile de tournesol - 160g","p":1.92,"u":"12,00 €/KG","img":"https://fd13-photos.leclercdrive.fr/image.ashx?id=2523846&use=l&cat=p&typeid=i","cat":303867},{"id":40430,"n":"Plat bébé soir Blédiner 8 mois  Patate douce carotte - 2x200g","p":2.29,"u":"5,73 €/KG","img":"https://fd13-photos.leclercdrive.fr/image.ashx?id=2902969&use=l&cat=p&typeid=i","cat":312239},{"id":40490,"n":"Compote Andros Pomme abricot - 8x100g","p":4.45,"u":"5,56 €/KG","img":"https://fd13-photos.leclercdrive.fr/image.ashx?id=2968097&use=l&cat=p&typeid=i","cat":284416},{"id":40491,"n":"Compotes Andros Pomme poire 8x100g","p":2.76,"u":"3,45 €/KG","img":"https://fd13-photos.leclercdrive.fr/image.ashx?id=2883943&use=l&cat=p&typeid=i","cat":284416},{"id":40494,"n":"Compotes Andros Pomme châtaigne 8x100g","p":3.31,"u":"4,14 €/KG","img":"https://fd13-photos.leclercdrive.fr/image.ashx?id=2988611&use=l&cat=p&typeid=i","cat":284416},{"id":40495,"n":"Gâteau mix max Balconi Cacao 350g","p":1.93,"u":"5,51 €/KG","img":"https://fd13-photos.leclercdrive.fr/image.ashx?id=2878408&use=l&cat=p&typeid=i","cat":284495},{"id":40506,"n":"Sauce Sacla'Italia Gorgonzola oignon doux - 190g","p":2.94,"u":"15,47 €/KG","img":"https://fd13-photos.leclercdrive.fr/image.ashx?id=2507044&use=l&cat=p&typeid=i","cat":287599},{"id":40519,"n":"Kit fajitas Old El Paso extra doux - 478g","p":5.2,"u":"10,88 €/KG","img":"https://fd13-photos.leclercdrive.fr/image.ashx?id=2765405&use=l&cat=p&typeid=i","cat":288993},{"id":40522,"n":"Préparation cassis NRT D'Ile de France - 315g","p":3.77,"u":"11,97 €/KG","img":"https://fd13-photos.leclercdrive.fr/image.ashx?id=2520059&use=l&cat=p&typeid=i","cat":284480},{"id":40574,"n":"Tablette chocolat Milka Chocolat lait/Riz - 2x100g","p":3.06,"u":"15,30 €/KG","img":"https://fd13-photos.leclercdrive.fr/image.ashx?id=2400448&use=l&cat=p&typeid=i","cat":284497},{"id":40586,"n":"Glaces Yéti Best Of - 8 bâtonnets - 360g","p":3.45,"u":"9,58 €/KG","img":"https://fd13-photos.leclercdrive.fr/image.ashx?id=1921194&use=l&cat=p&typeid=i","cat":285250},{"id":40612,"n":"Fromage de Brebis Etorki  180g","p":3.47,"u":"19,28 €/KG","img":"https://fd13-photos.leclercdrive.fr/image.ashx?id=2702816&use=l&cat=p&typeid=i","cat":329184},{"id":40614,"n":"Miettes de thon Petit Navire Huile de tournesol - 160g","p":2.01,"u":"12,56 €/KG","img":"https://fd13-photos.leclercdrive.fr/image.ashx?id=2519645&use=l&cat=p&typeid=i","cat":303867},{"id":40620,"n":"Jus innocent  orange sans pulpe 1.5L","p":3.6,"u":"2,40 €/L","img":"https://fd13-photos.leclercdrive.fr/image.ashx?id=2889811&use=l&cat=p&typeid=i","cat":285435},{"id":40625,"n":"AOC Fronton vin rosé Terrasses d'Autan - 75cl","p":2.99,"u":"3,99 €/L","img":"https://fd13-photos.leclercdrive.fr/image.ashx?id=2202428&use=l&cat=p&typeid=i","cat":289558},{"id":40626,"n":"AOC Rosé de Loire vin rosé Les Caractères - 75cl","p":3.69,"u":"4,92 €/L","img":"https://fd13-photos.leclercdrive.fr/image.ashx?id=2756149&use=l&cat=p&typeid=i","cat":289558},{"id":40631,"n":"Levure Chimique Alsacienne alsa 8 sachets - 88g","p":0.73,"u":"8,30 €/KG","img":"https://fd13-photos.leclercdrive.fr/image.ashx?id=3009335&use=l&cat=p&typeid=i","cat":294686},{"id":40649,"n":"Pansement Primoplast Transparents x40","p":0.99,"u":"0,02 €/P","img":"https://fd13-photos.leclercdrive.fr/image.ashx?id=2832957&use=l&cat=p&typeid=i","cat":284630},{"id":40652,"n":"Jus de cranberry Gayelord Hauser - 75cl","p":2.37,"u":"3,16 €/L","img":"https://fd13-photos.leclercdrive.fr/image.ashx?id=2750441&use=l&cat=p&typeid=i","cat":284915},{"id":40666,"n":"Antiseptique Primoplast Spray - 100ml","p":2.4,"u":"24,00 €/L","img":"https://fd13-photos.leclercdrive.fr/image.ashx?id=2856522&use=l&cat=p&typeid=i","cat":284630},{"id":40670,"n":"Shampooing Vitanove Couleur - 750ml","p":3.99,"u":"5,32 €/L","img":"https://fd13-photos.leclercdrive.fr/image.ashx?id=1923577&use=l&cat=p&typeid=i","cat":284606},{"id":40676,"n":"Beurre Tendre Président Demi-sel - 80% MG - 250g","p":3.35,"u":"13,40 €/KG","img":"https://fd13-photos.leclercdrive.fr/image.ashx?id=2731420&use=l&cat=p&typeid=i","cat":284379},{"id":40708,"n":"IGP Gard vin rosé Rives & Terrasses 12% vol - BIB 5L","p":13.99,"u":"2,80 €/L","img":"https://fd13-photos.leclercdrive.fr/image.ashx?id=2882325&use=l&cat=p&typeid=i","cat":289560},{"id":40716,"n":"Coton Mots d'Enfants Bébé 2x80","p":3.58,"u":"0,02 €/P","img":"https://fd13-photos.leclercdrive.fr/image.ashx?id=2691288&use=l&cat=p&typeid=i","cat":284739},{"id":40736,"n":"Saumon fumé Labeyrie Norvège 2 tranches - 75g","p":4.71,"u":"62,80 €/KG","img":"https://fd13-photos.leclercdrive.fr/image.ashx?id=2729905&use=l&cat=p&typeid=i","cat":285188},{"id":40776,"n":"Détachant avant lavage K2R  Tâche incrustée mousse  - 400mL","p":2.77,"u":"6,93 €/L","img":"https://fd13-photos.leclercdrive.fr/image.ashx?id=2101177&use=l&cat=p&typeid=i","cat":284651},{"id":40784,"n":"Cacahuètes caramélisées Tokapi 400 g","p":3.19,"u":"7,98 €/KG","img":"https://fd13-photos.leclercdrive.fr/image.ashx?id=2294336&use=l&cat=p&typeid=i","cat":284448},{"id":40789,"n":"Yaourts à boire Délisse Fraise - 8x100g","p":1.95,"u":"2,44 €/KG","img":"https://fd13-photos.leclercdrive.fr/image.ashx?id=2762504&use=l&cat=p&typeid=i","cat":284415},{"id":40790,"n":"Yaourt brassé Bio Bio Village Nature - 4x125g","p":1.2,"u":"2,40 €/KG","img":"https://fd13-photos.leclercdrive.fr/image.ashx?id=2064624&use=l&cat=p&typeid=i","cat":284409},{"id":40904,"n":"Pesto rosso Turini 190g","p":1.68,"u":"8,84 €/KG","img":"https://fd13-photos.leclercdrive.fr/image.ashx?id=2546257&use=l&cat=p&typeid=i","cat":287599},{"id":40908,"n":"Sauce pizza Tomapizza Panzani aux tomates et origan - 390g","p":1.36,"u":"3,49 €/KG","img":"https://fd13-photos.leclercdrive.fr/image.ashx?id=2744626&use=l&cat=p&typeid=i","cat":288384},{"id":40943,"n":"Whisky Single malt Caol Ila 12ans 43%vol - 70cl","p":39.59,"u":"56,56 €/L","img":"https://fd13-photos.leclercdrive.fr/image.ashx?id=1853499&use=l&cat=p&typeid=i","cat":284547},{"id":40946,"n":"Whisky Chivas Regal 18 ans Blended Scotch 40% vol - 70cl","p":50.9,"pp":45.81,"u":"65,44 €/L","img":"https://fd13-photos.leclercdrive.fr/image.ashx?id=2884084&use=l&cat=p&typeid=i","cat":284547},{"id":40949,"n":"Whisky slow matured Knockando Single malt 18ans 43%vol - 70cl","p":42.3,"u":"60,43 €/L","img":"https://fd13-photos.leclercdrive.fr/image.ashx?id=1847776&use=l&cat=p&typeid=i","cat":284547},{"id":40956,"n":"Whisky Jack Daniel's Single Barrel 70cL","p":34.49,"u":"49,27 €/L","img":"https://fd13-photos.leclercdrive.fr/image.ashx?id=2540013&use=l&cat=p&typeid=i","cat":284547},{"id":40967,"n":"AOP Bourgogne Aligoté vin blanc Antoine Barrier - 75cl","p":6.49,"u":"8,65 €/L","img":"https://fd13-photos.leclercdrive.fr/image.ashx?id=2883011&use=l&cat=p&typeid=i","cat":289557},{"id":40988,"n":"Détachant Ace Délicat Système 8+ 2L","p":4.54,"u":"2,27 €/L","img":"https://fd13-photos.leclercdrive.fr/image.ashx?id=2559152&use=l&cat=p&typeid=i","cat":284651},{"id":41002,"n":"Repas fraicheur pour chat Sheba Volaille en sauce - 6x50g","p":2.56,"u":"8,53 €/KG","img":"https://fd13-photos.leclercdrive.fr/image.ashx?id=2888097&use=l&cat=p&typeid=i","cat":285286},{"id":41004,"n":"Bâtonnets Dentastix Pedigree  Fresh Petit chien x7 - 110g","p":2.01,"u":"18,27 €/KG","img":"https://fd13-photos.leclercdrive.fr/image.ashx?id=2850168&use=l&cat=p&typeid=i","cat":294527},{"id":41006,"n":"Biscuits chien Pedigree Markies fourrés - 500g","p":1.74,"u":"3,48 €/KG","img":"https://fd13-photos.leclercdrive.fr/image.ashx?id=2254319&use=l&cat=p&typeid=i","cat":294527},{"id":41009,"n":"Friandises chat Catisfactions Fromage - 60g","p":0.99,"u":"16,50 €/KG","img":"https://fd13-photos.leclercdrive.fr/image.ashx?id=2912608&use=l&cat=p&typeid=i","cat":285285},{"id":41016,"n":"Sachet fraîcheur chat Sheba Poissons en sauce - 4x85g","p":2.15,"u":"6,32 €/KG","img":"https://fd13-photos.leclercdrive.fr/image.ashx?id=2759625&use=l&cat=p&typeid=i","cat":285286},{"id":41019,"n":"Pur jus de raisin Jafaden Bouteille 1L","p":1.54,"u":"1,54 €/L","img":"https://fd13-photos.leclercdrive.fr/image.ashx?id=2860757&use=l&cat=p&typeid=i","cat":284915},{"id":41020,"n":"Pur jus Jafaden Clémentine - 1L","p":1.91,"u":"1,91 €/L","img":"https://fd13-photos.leclercdrive.fr/image.ashx?id=2895786&use=l&cat=p&typeid=i","cat":284915},{"id":41022,"n":"Sachet fraicheur chat Sheba Thon cabillaud en sauce - 6x50g","p":2.44,"u":"8,13 €/KG","img":"https://fd13-photos.leclercdrive.fr/image.ashx?id=2347128&use=l&cat=p&typeid=i","cat":285286},{"id":41053,"n":"Poêlée Paysan Breton Aux 5 légumes - 1kg","p":3.66,"u":"3,66 €/KG","img":"https://fd13-photos.leclercdrive.fr/image.ashx?id=2882403&use=l&cat=p&typeid=i","cat":319823},{"id":41078,"n":"Yaourts Savoie Yaourt Fruits jaunes - 6x125g","p":2.9,"u":"3,87 €/KG","img":"https://fd13-photos.leclercdrive.fr/image.ashx?id=2504752&use=l&cat=p&typeid=i","cat":284410},{"id":41079,"n":"Yaourts Savoie Yaourt Fruits rouges - 6x125g","p":2.62,"u":"3,49 €/KG","img":"https://fd13-photos.leclercdrive.fr/image.ashx?id=2504746&use=l&cat=p&typeid=i","cat":284410},{"id":41117,"n":"Vinaigre de nettoyage Clair Citron - 750ml","p":1.95,"u":"2,60 €/L","img":"https://fd13-photos.leclercdrive.fr/image.ashx?id=2949188&use=l&cat=p&typeid=i","cat":325365},{"id":41140,"n":"Filets maquereaux Pêche Océan Naturel - 95g","p":1.48,"u":"15,58 €/KG","img":"https://fd13-photos.leclercdrive.fr/image.ashx?id=2515685&use=l&cat=p&typeid=i","cat":303868},{"id":41162,"n":"Olives Apéritives Cassées à l'ail - 250g","p":2.83,"u":"11,32 €/KG","img":"https://fd13-photos.leclercdrive.fr/image.ashx?id=2833696&use=l&cat=p&typeid=i","cat":316002},{"id":41190,"n":"Liqueur de Whisky Jack Daniel's Honey 70cL","p":19.95,"pp":17.95,"u":"25,64 €/L","img":"https://fd13-photos.leclercdrive.fr/image.ashx?id=2973982&use=l&cat=p&typeid=i","cat":286032},{"id":41238,"n":"Beurre La Motte Président Sel de mer - 80% MG - 250g","p":3.19,"u":"12,76 €/KG","img":"https://fd13-photos.leclercdrive.fr/image.ashx?id=2896958&use=l&cat=p&typeid=i","cat":284379},{"id":41265,"n":"Abricots pelés St Mamet Boîte 4/4 475g","p":3.65,"u":"7,68 €/KG","img":"https://fd13-photos.leclercdrive.fr/image.ashx?id=2593896&use=l&cat=p&typeid=i","cat":284507},{"id":41268,"n":"Croquettes chat  Eco+ Viandes légumes-  2kg","p":2.33,"u":"1,17 €/KG","img":"https://fd13-photos.leclercdrive.fr/image.ashx?id=2303000&use=l&cat=p&typeid=i","cat":284680},{"id":41270,"n":"Croquettes chiens Fido Adulte - Boeuf - 3kg","p":7.08,"u":"2,36 €/KG","img":"https://fd13-photos.leclercdrive.fr/image.ashx?id=2973291&use=l&cat=p&typeid=i","cat":284672},{"id":41271,"n":"Croquettes chiens Eco+ Adulte - Boeuf - 10kg","p":9.97,"u":"1,00 €/KG","img":"https://fd13-photos.leclercdrive.fr/image.ashx?id=2946808&use=l&cat=p&typeid=i","cat":284672},{"id":41275,"n":"Croquettes chat Purina One Sterilisé - Poulet - 1,5kg","p":6.96,"u":"4,64 €/KG","img":"https://fd13-photos.leclercdrive.fr/image.ashx?id=2488046&use=l&cat=p&typeid=i","cat":284680},{"id":41278,"n":"Croquettes chiens Eco+ Adulte - Viande -  4kg","p":3.93,"u":"0,98 €/KG","img":"https://fd13-photos.leclercdrive.fr/image.ashx?id=2046986&use=l&cat=p&typeid=i","cat":284672},{"id":41283,"n":"Sachets pour chats Gourmet Multivariétés - 12x85g","p":5.6,"u":"5,49 €/KG","img":"https://fd13-photos.leclercdrive.fr/image.ashx?id=2902343&use=l&cat=p&typeid=i","cat":285286},{"id":41286,"n":"Croquettes chat Purina One  Stérilisé Adulte-Saumon/Blé-3kg","p":13.31,"u":"4,44 €/KG","img":"https://fd13-photos.leclercdrive.fr/image.ashx?id=2488049&use=l&cat=p&typeid=i","cat":284680},{"id":41287,"n":"Croquettes chiens Purina One Minis chiens adultes -  1,5kg","p":5.39,"u":"3,59 €/KG","img":"https://fd13-photos.leclercdrive.fr/image.ashx?id=2899674&use=l&cat=p&typeid=i","cat":294526},{"id":41291,"n":"Croquettes chat Purina One Stérilisé Adulte-Boeuf/blé -3kg","p":13.19,"u":"4,40 €/KG","img":"https://fd13-photos.leclercdrive.fr/image.ashx?id=2488043&use=l&cat=p&typeid=i","cat":284680},{"id":41293,"n":"Sachets repas chats Purina One Stérilisés - Saumon Dinde 4x85g","p":2.07,"u":"6,09 €/KG","img":"https://fd13-photos.leclercdrive.fr/image.ashx?id=2902349&use=l&cat=p&typeid=i","cat":285286},{"id":41352,"n":"Gommage visage Inell Douceur - 75ml","p":2.0,"u":"26,67 €/L","img":"https://fd13-photos.leclercdrive.fr/image.ashx?id=2686344&use=l&cat=p&typeid=i","cat":284603},{"id":41357,"n":"Steak *** Charal 130g","p":3.49,"u":"26,85 €/KG","img":"https://fd13-photos.leclercdrive.fr/image.ashx?id=1893005&use=l&cat=p&typeid=i","cat":284328},{"id":41358,"n":"Tournedos *** Charal 280g","p":14.35,"u":"51,25 €/KG","img":"https://fd13-photos.leclercdrive.fr/image.ashx?id=2421159&use=l&cat=p&typeid=i","cat":284328},{"id":41422,"n":"Fromage à Tartiner St Môret  Nature - 300g","p":3.31,"u":"11,03 €/KG","img":"https://fd13-photos.leclercdrive.fr/image.ashx?id=2755465&use=l&cat=p&typeid=i","cat":314029},{"id":41447,"n":"Fromage fruité bloc Les Croisés 220g","p":2.75,"u":"12,50 €/KG","img":"https://fd13-photos.leclercdrive.fr/image.ashx?id=1406070&use=l&cat=p&typeid=i","cat":314034},{"id":41463,"n":"Autocollants Insectivor Anti-mouches - x4","p":2.54,"u":"0,64 €/P","img":"https://fd13-photos.leclercdrive.fr/image.ashx?id=2606828&use=l&cat=p&typeid=i","cat":298368},{"id":41464,"n":"Purée de tomates Turini Brique 500g","p":0.75,"u":"1,50 €/KG","img":"https://fd13-photos.leclercdrive.fr/image.ashx?id=2729287&use=l&cat=p&typeid=i","cat":288384},{"id":41465,"n":"Cotons Inell Maxi confort x80","p":1.78,"img":"https://fd13-photos.leclercdrive.fr/image.ashx?id=1926969&use=l&cat=p&typeid=i","cat":284636},{"id":41466,"n":"Coton carré bébé Mots d'Enfants Aloe vera x50","p":1.67,"u":"0,03 €/P","img":"https://fd13-photos.leclercdrive.fr/image.ashx?id=3014236&use=l&cat=p&typeid=i","cat":284739},{"id":41467,"n":"Sauce Pesto Tradizioni d'Italia Rosso - 180g","p":1.82,"u":"10,11 €/KG","img":"https://fd13-photos.leclercdrive.fr/image.ashx?id=2840034&use=l&cat=p&typeid=i","cat":287599},{"id":41478,"n":"Mouchoirs blancs 3 plis Univert Boîte mouchoirs en papier -x100","p":1.55,"u":"0,02 €/P","img":"https://fd13-photos.leclercdrive.fr/image.ashx?id=1960038&use=l&cat=p&typeid=i","cat":284638},{"id":41488,"n":"Sachets Insectivor Anti-mites anti-acariens - x24","p":2.89,"u":"0,12 €/P","img":"https://fd13-photos.leclercdrive.fr/image.ashx?id=2852952&use=l&cat=p&typeid=i","cat":298368},{"id":41493,"n":"Tartines croustillantes Wasa Authentique - 275g","p":1.41,"u":"5,13 €/KG","img":"https://fd13-photos.leclercdrive.fr/image.ashx?id=3011857&use=l&cat=p&typeid=i","cat":284479},{"id":41494,"n":"Bière Red 8.6 Canette - 7.9%vol. - 50cl","p":1.57,"u":"3,14 €/L","img":"https://fd13-photos.leclercdrive.fr/image.ashx?id=2687329&use=l&cat=p&typeid=i","cat":334853},{"id":41517,"n":"Couches bébé Mots d'Enfants T6 Douceur - 16kg+ - x58 changes","p":12.75,"img":"https://fd13-photos.leclercdrive.fr/image.ashx?id=2904577&use=l&cat=p&typeid=i","cat":284737},{"id":41524,"n":"Ossau Iraty AOP Istara Fromage de brebis - 180g","p":3.63,"u":"20,17 €/KG","img":"https://fd13-photos.leclercdrive.fr/image.ashx?id=2766193&use=l&cat=p&typeid=i","cat":329184},{"id":41532,"n":"Gressins Tradizioni d'Italia A la turinoise - 250g","p":2.29,"u":"9,16 €/KG","img":"https://fd13-photos.leclercdrive.fr/image.ashx?id=2743918&use=l&cat=p&typeid=i","cat":297000},{"id":41551,"n":"Soda Schweppes Saveur Citron - 1,5L","p":1.95,"u":"1,30 €/L","img":"https://fd13-photos.leclercdrive.fr/image.ashx?id=2852417&use=l&cat=p&typeid=i","cat":284532},{"id":41556,"n":"Boisson aux fruits Oasis Orange - 2L","p":2.5,"u":"1,25 €/L","img":"https://fd13-photos.leclercdrive.fr/image.ashx?id=2688653&use=l&cat=p&typeid=i","cat":295018},{"id":41579,"n":"Macédoine déjà égouttée D'aucy  530g","p":1.99,"u":"3,75 €/KG","img":"https://fd13-photos.leclercdrive.fr/image.ashx?id=2835833&use=l&cat=p&typeid=i","cat":312612},{"id":41601,"n":"Chips Vico Kettled cooked Sel de mer - 120g","p":2.04,"u":"17,00 €/KG","img":"https://fd13-photos.leclercdrive.fr/image.ashx?id=2801890&use=l&cat=p&typeid=i","cat":284447},{"id":41602,"n":"Fond d'artichauts Eco + 210g","p":1.75,"u":"8,33 €/KG","img":"https://fd13-photos.leclercdrive.fr/image.ashx?id=2822917&use=l&cat=p&typeid=i","cat":312611},{"id":41603,"n":"Coeurs d'artichauts Eco + 240g","p":1.6,"u":"6,67 €/KG","img":"https://fd13-photos.leclercdrive.fr/image.ashx?id=2674020&use=l&cat=p&typeid=i","cat":312611},{"id":41606,"n":"Artichauts Tradizioni d'Italia  Demi coeurs - 280g","p":3.89,"u":"13,89 €/KG","img":"https://fd13-photos.leclercdrive.fr/image.ashx?id=2840040&use=l&cat=p&typeid=i","cat":312611},{"id":41625,"n":"Tomates Tradizioni d'Italia Séchées à huile d'olive - 270g","p":3.49,"u":"12,93 €/KG","img":"https://fd13-photos.leclercdrive.fr/image.ashx?id=2840037&use=l&cat=p&typeid=i","cat":284458},{"id":41647,"n":"AOP Alsace Gewurztraminer   vin blanc Rebmann - 75 cl","p":5.99,"u":"7,99 €/L","img":"https://fd13-photos.leclercdrive.fr/image.ashx?id=2836322&use=l&cat=p&typeid=i","cat":289557},{"id":41691,"n":"AOP Cabernet d'Anjou BIO vin  rosé Les Caractères - 75cl","p":4.99,"u":"6,65 €/L","img":"https://fd13-photos.leclercdrive.fr/image.ashx?id=2816484&use=l&cat=p&typeid=i","cat":289558},{"id":41700,"n":"Sauce Tomate Cuisinée Heinz Ail & Oignon - 520g","p":1.37,"u":"2,63 €/KG","img":"https://fd13-photos.leclercdrive.fr/image.ashx?id=2950849&use=l&cat=p&typeid=i","cat":288384},{"id":41781,"n":"Whisky Cardhu Gold reserve 40%vol. - 70cl","p":33.77,"u":"48,24 €/L","img":"https://fd13-photos.leclercdrive.fr/image.ashx?id=2518400&use=l&cat=p&typeid=i","cat":284547},{"id":41797,"n":"Sauce Barbecue Heinz Classic - 480g","p":2.01,"u":"4,19 €/KG","img":"https://fd13-photos.leclercdrive.fr/image.ashx?id=2928351&use=l&cat=p&typeid=i","cat":318431},{"id":41800,"n":"Mayonnaise Fine & Douce Lesieur 475g","p":2.25,"u":"4,74 €/KG","img":"https://fd13-photos.leclercdrive.fr/image.ashx?id=2918541&use=l&cat=p&typeid=i","cat":298295},{"id":41803,"n":"Asperges vertes d'aucy  21,2cl","p":2.31,"u":"23,10 €/KG","img":"https://fd13-photos.leclercdrive.fr/image.ashx?id=2597723&use=l&cat=p&typeid=i","cat":312611},{"id":41804,"n":"Asperges vertes d'aucy  37cl","p":3.34,"u":"18,05 €/KG","img":"https://fd13-photos.leclercdrive.fr/image.ashx?id=2665901&use=l&cat=p&typeid=i","cat":312611},{"id":41819,"n":"Sauce Andalouse Heinz - 220g","p":1.73,"u":"7,86 €/KG","img":"https://fd13-photos.leclercdrive.fr/image.ashx?id=2973327&use=l&cat=p&typeid=i","cat":318431},{"id":41828,"n":"AOC Bergerac vin rosé  Terrasses d'Autan - 75cl","p":2.99,"u":"3,99 €/L","img":"https://fd13-photos.leclercdrive.fr/image.ashx?id=2865068&use=l&cat=p&typeid=i","cat":289558},{"id":41836,"n":"AOP Bergerac vin rouge Terrasses d'Autan - 75cl","p":2.99,"u":"3,99 €/L","img":"https://fd13-photos.leclercdrive.fr/image.ashx?id=2709695&use=l&cat=p&typeid=i","cat":289556},{"id":41838,"n":"AOP Alsace Sylvaner  vin blanc Rebmann - 75 cl","p":4.49,"u":"5,99 €/L","img":"https://fd13-photos.leclercdrive.fr/image.ashx?id=2717355&use=l&cat=p&typeid=i","cat":289557},{"id":41841,"n":"AOP Bordeaux vin rouge Chantet Blanet - 75cl","p":2.89,"u":"3,85 €/L","img":"https://fd13-photos.leclercdrive.fr/image.ashx?id=2741285&use=l&cat=p&typeid=i","cat":289556},{"id":41852,"n":"Sauce pomme frite Amora 260g","p":1.71,"u":"6,58 €/KG","img":"https://fd13-photos.leclercdrive.fr/image.ashx?id=2957776&use=l&cat=p&typeid=i","cat":318431},{"id":41858,"n":"Yaourt SMARTIES Fraise bonbons chocolat 4x120g","p":2.22,"u":"4,63 €/KG","img":"https://fd13-photos.leclercdrive.fr/image.ashx?id=2890046&use=l&cat=p&typeid=i","cat":284414},{"id":41862,"n":"Compotes Andros 6 Pommes  et 6 pommes fraises - 12x100g","p":4.28,"u":"3,57 €/KG","img":"https://fd13-photos.leclercdrive.fr/image.ashx?id=2988318&use=l&cat=p&typeid=i","cat":284416},{"id":41868,"n":"Bûche de chèvre Soignon 400g","p":4.25,"u":"10,63 €/KG","img":"https://fd13-photos.leclercdrive.fr/image.ashx?id=2840988&use=l&cat=p&typeid=i","cat":314031},{"id":41871,"n":"AOC Côtes du Roussillon vin  rouge Prieur Barsanne - 75cl","p":2.99,"u":"3,99 €/L","img":"https://fd13-photos.leclercdrive.fr/image.ashx?id=2920927&use=l&cat=p&typeid=i","cat":289556},{"id":41881,"n":"AOC Gaillac vin rouge Terrasses d'Autan - 75cl","p":2.99,"u":"3,99 €/L","img":"https://fd13-photos.leclercdrive.fr/image.ashx?id=2751901&use=l&cat=p&typeid=i","cat":289556},{"id":41883,"n":"Steaks Hachés Charolais Charal Pur Bœuf 12%MG - 10x100g - 1kg","p":15.87,"u":"15,87 €/KG","img":"https://fd13-photos.leclercdrive.fr/image.ashx?id=2741943&use=l&cat=p&typeid=i","cat":319778},{"id":41903,"n":"Jus de pomme Jafaden A base de concentré - 2L","p":1.85,"u":"0,93 €/L","img":"https://fd13-photos.leclercdrive.fr/image.ashx?id=2470240&use=l&cat=p&typeid=i","cat":284522},{"id":41912,"n":"Sirop fraise de Plougastel NRT 70cl","p":3.2,"u":"4,57 €/L","img":"https://fd13-photos.leclercdrive.fr/image.ashx?id=2590481&use=l&cat=p&typeid=i","cat":295020},{"id":41914,"n":"Crème hydratante Inell Visage-corps 200ml","p":2.07,"u":"10,35 €/L","img":"https://fd13-photos.leclercdrive.fr/image.ashx?id=1903869&use=l&cat=p&typeid=i","cat":325345},{"id":41915,"n":"AOP Morgon vin rouge Antoine Barrier - 75cl","p":6.99,"u":"9,32 €/L","img":"https://fd13-photos.leclercdrive.fr/image.ashx?id=2650348&use=l&cat=p&typeid=i","cat":289556},{"id":41920,"n":"Patch pureté Inell x6","p":2.4,"u":"0,40 €/P","img":"https://fd13-photos.leclercdrive.fr/image.ashx?id=2657727&use=l&cat=p&typeid=i","cat":284603},{"id":41921,"n":"Vin d'Union Européenne blanc Adrien Champaud - 75 cl","p":1.85,"u":"2,47 €/L","img":"https://fd13-photos.leclercdrive.fr/image.ashx?id=2955719&use=l&cat=p&typeid=i","cat":289557},{"id":41923,"n":"Vin d'Union Européenne rosé Adrien Champaud 11% vol BIB 5L","p":8.49,"u":"1,70 €/L","img":"https://fd13-photos.leclercdrive.fr/image.ashx?id=2959707&use=l&cat=p&typeid=i","cat":289560},{"id":41924,"n":"Vin d'Union Européenne rouge Adrien Champaud 12% vol BIB 5L","p":8.49,"u":"1,70 €/L","img":"https://fd13-photos.leclercdrive.fr/image.ashx?id=2959710&use=l&cat=p&typeid=i","cat":289560},{"id":41990,"n":"Steaks Hachés Limousin Charal Pur Bœuf 12%MG - 8x125g - 1kg","p":15.95,"u":"15,95 €/KG","img":"https://fd13-photos.leclercdrive.fr/image.ashx?id=2974626&use=l&cat=p&typeid=i","cat":319778},{"id":42041,"n":"Olives vertes Tropic Apéro Dénoyautées à l'ail - 110g","p":1.95,"u":"17,73 €/KG","img":"https://fd13-photos.leclercdrive.fr/image.ashx?id=2438972&use=l&cat=p&typeid=i","cat":316002},{"id":42044,"n":"Noix de cajou Maître Prunille Sans sel, grillé, sachet 200g","p":3.36,"u":"16,80 €/KG","img":"https://fd13-photos.leclercdrive.fr/image.ashx?id=1750478&use=l&cat=p&typeid=i","cat":284357},{"id":42045,"n":"Amande grillée Maître Prunille Décortiquée sans sel 250g","p":4.1,"u":"16,40 €/KG","img":"https://fd13-photos.leclercdrive.fr/image.ashx?id=1750481&use=l&cat=p&typeid=i","cat":284448},{"id":42046,"n":"Pruneaux d'Agen Maître Prunille IGP Dénoyautés - 500g","p":5.61,"u":"11,22 €/KG","img":"https://fd13-photos.leclercdrive.fr/image.ashx?id=2016029&use=l&cat=p&typeid=i","cat":284357},{"id":42057,"n":"Asperges blanches d'aucy  21,2cl","p":2.28,"u":"20,73 €/KG","img":"https://fd13-photos.leclercdrive.fr/image.ashx?id=2597720&use=l&cat=p&typeid=i","cat":312611},{"id":42058,"n":"Asperges blanches d'aucy 37cl","p":3.08,"u":"15,02 €/KG","img":"https://fd13-photos.leclercdrive.fr/image.ashx?id=2665895&use=l&cat=p&typeid=i","cat":312611},{"id":42060,"n":"IGP Pays d'Oc Syrah vin rosé Vieux Carion 12% vol - BIB 3L","p":7.99,"u":"2,66 €/L","img":"https://fd13-photos.leclercdrive.fr/image.ashx?id=2229663&use=l&cat=p&typeid=i","cat":289560},{"id":42063,"n":"Madeleines Saint Michel Oeufs de poule plein air - 500g","p":2.0,"u":"4,00 €/KG","img":"https://fd13-photos.leclercdrive.fr/image.ashx?id=2936191&use=l&cat=p&typeid=i","cat":284492},{"id":42067,"n":"Biscuits p'tit déjeuner BN Chocolat - 200g","p":1.59,"u":"7,95 €/KG","img":"https://fd13-photos.leclercdrive.fr/image.ashx?id=2603468&use=l&cat=p&typeid=i","cat":284491},{"id":42096,"n":"Thon vapeur Petit Navire Nature - 2x130g","p":3.84,"u":"14,77 €/KG","img":"https://fd13-photos.leclercdrive.fr/image.ashx?id=2592225&use=l&cat=p&typeid=i","cat":303867},{"id":42113,"n":"Haché de porc Férial Façon bouchère - x2 - 220g","p":2.69,"u":"12,23 €/KG","img":"https://fd13-photos.leclercdrive.fr/image.ashx?id=1104496&use=l&cat=p&typeid=i","cat":284332},{"id":42117,"n":"Céréales muesli Bjorg Bio Sans sucre ajoutés - 375g","p":1.88,"u":"5,01 €/KG","img":"https://fd13-photos.leclercdrive.fr/image.ashx?id=2906163&use=l&cat=p&typeid=i","cat":309512},{"id":42123,"n":"Jus de pruneaux Gayelord Hauser - 75cl","p":3.05,"u":"4,07 €/L","img":"https://fd13-photos.leclercdrive.fr/image.ashx?id=2962482&use=l&cat=p&typeid=i","cat":284915},{"id":42131,"n":"Huile vierge de colza Cauvin 75cl","p":4.64,"u":"6,19 €/L","img":"https://fd13-photos.leclercdrive.fr/image.ashx?id=2498347&use=l&cat=p&typeid=i","cat":284453},{"id":42218,"n":"Bloc WC Bref Power  Activ'Océan toilettes - 50g x1","p":1.42,"u":"28,40 €/KG","img":"https://fd13-photos.leclercdrive.fr/image.ashx?id=2789802&use=l&cat=p&typeid=i","cat":284662},{"id":42235,"n":"Galette Tipiak Jambon/fromage - 2x125g","p":3.03,"u":"12,12 €/KG","img":"https://fd13-photos.leclercdrive.fr/image.ashx?id=2819334&use=l&cat=p&typeid=i","cat":319776},{"id":42252,"n":"Biscuit apéritif Too Good PDT barbecue - 85g","p":1.83,"u":"21,53 €/KG","img":"https://fd13-photos.leclercdrive.fr/image.ashx?id=2995127&use=l&cat=p&typeid=i","cat":297000},{"id":42254,"n":"Biscuit apéritif Too Good PDT-sel et poivre - 85g","p":1.98,"u":"23,29 €/KG","img":"https://fd13-photos.leclercdrive.fr/image.ashx?id=2894830&use=l&cat=p&typeid=i","cat":297000},{"id":42289,"n":"Huile pimentée pizza Cauvin A l'huile d'olive - 25cl","p":2.45,"u":"9,80 €/L","img":"https://fd13-photos.leclercdrive.fr/image.ashx?id=2539857&use=l&cat=p&typeid=i","cat":284453},{"id":42290,"n":"Huile de colza Eco + 1L","p":1.46,"u":"1,46 €/L","img":"https://fd13-photos.leclercdrive.fr/image.ashx?id=3002503&use=l&cat=p&typeid=i","cat":284453},{"id":42291,"n":"Huile pour friture Eco + 1L","p":2.23,"u":"2,23 €/L","img":"https://fd13-photos.leclercdrive.fr/image.ashx?id=2913639&use=l&cat=p&typeid=i","cat":284453},{"id":42292,"n":"Vinaigrette allégée Eco + Nature - 1L","p":1.02,"u":"1,02 €/L","img":"https://fd13-photos.leclercdrive.fr/image.ashx?id=2900516&use=l&cat=p&typeid=i","cat":284456},{"id":42295,"n":"Vinaigrette bi-phase Rustica Vin rouge/échalote - 50cl","p":2.49,"u":"4,98 €/L","img":"https://fd13-photos.leclercdrive.fr/image.ashx?id=2142190&use=l&cat=p&typeid=i","cat":284456},{"id":42297,"n":"Sauce caesar Rustica 50cl","p":2.59,"u":"5,18 €/L","img":"https://fd13-photos.leclercdrive.fr/image.ashx?id=1972928&use=l&cat=p&typeid=i","cat":284456},{"id":42298,"n":"Boisson végétale Bio Village Avoine bio - 1l","p":1.39,"u":"1,39 €/L","img":"https://fd13-photos.leclercdrive.fr/image.ashx?id=2358096&use=l&cat=p&typeid=i","cat":316067},{"id":42311,"n":"Tomate cerise allongée Barquette 500g","p":3.09,"u":"6,18 €/KG","img":"https://fd13-photos.leclercdrive.fr/image.ashx?id=1633307&use=l&cat=p&typeid=i","cat":284352},{"id":42321,"n":"Nettoyant Menager Cif lingettes Ocean Antibacterien - x120","p":2.03,"img":"https://fd13-photos.leclercdrive.fr/image.ashx?id=2747163&use=l&cat=p&typeid=i","cat":325358},{"id":42325,"n":"Spray Nettoyant Menager Cif  Antibacterien - 750 ml","p":2.52,"u":"3,36 €/L","img":"https://fd13-photos.leclercdrive.fr/image.ashx?id=2813540&use=l&cat=p&typeid=i","cat":325357},{"id":42331,"n":"Saucisses Knacki Herta Poulet x10 - 350g","p":1.53,"u":"4,37 €/KG","img":"https://fd13-photos.leclercdrive.fr/image.ashx?id=2290431&use=l&cat=p&typeid=i","cat":316012},{"id":42428,"n":"Pains au chocolat Pasquier x8 - 360g","p":2.23,"u":"6,19 €/KG","img":"https://fd13-photos.leclercdrive.fr/image.ashx?id=2863446&use=l&cat=p&typeid=i","cat":296366},{"id":42442,"n":"Moutarde forte Eco + 370g","p":0.73,"u":"1,97 €/KG","img":"https://fd13-photos.leclercdrive.fr/image.ashx?id=2954319&use=l&cat=p&typeid=i","cat":288850},{"id":42443,"n":"Cornichons Pasteur Eco + Au vinaigre - 360g","p":1.24,"u":"3,44 €/KG","img":"https://fd13-photos.leclercdrive.fr/image.ashx?id=2974714&use=l&cat=p&typeid=i","cat":284458},{"id":42448,"n":"Capsules Nescafé Dolce Gusto  Ricoré Latte - x16","p":5.04,"u":"30,00 €/KG","img":"https://fd13-photos.leclercdrive.fr/image.ashx?id=2818085&use=l&cat=p&typeid=i","cat":293239},{"id":42449,"n":"Antipasto tomate séchée Sacla 280g","p":3.05,"u":"10,89 €/KG","img":"https://fd13-photos.leclercdrive.fr/image.ashx?id=2290482&use=l&cat=p&typeid=i","cat":284458},{"id":42452,"n":"Moutarde douce Amora Flacon souple - 260g","p":1.98,"u":"7,62 €/KG","img":"https://fd13-photos.leclercdrive.fr/image.ashx?id=3005401&use=l&cat=p&typeid=i","cat":288850},{"id":42460,"n":"Olives vertes entières Eco + 400g","p":1.07,"u":"2,68 €/KG","img":"https://fd13-photos.leclercdrive.fr/image.ashx?id=2609261&use=l&cat=p&typeid=i","cat":284458},{"id":42461,"n":"Olives vertes Eco + Dénoyautées - 320g","p":1.88,"u":"5,88 €/KG","img":"https://fd13-photos.leclercdrive.fr/image.ashx?id=2609264&use=l&cat=p&typeid=i","cat":284458},{"id":42508,"n":"Cookies Nestlé Dessert Pépites de chocolat - 351g","p":3.99,"u":"11,37 €/KG","img":"https://fd13-photos.leclercdrive.fr/image.ashx?id=2848382&use=l&cat=p&typeid=i","cat":284505},{"id":42516,"n":"Préparation Francine Pâte à pizza - 520g","p":1.64,"u":"3,15 €/KG","img":"https://fd13-photos.leclercdrive.fr/image.ashx?id=2989123&use=l&cat=p&typeid=i","cat":284503},{"id":42518,"n":"Complément alimentaire Juvamine Cranberry  60 gélules végétales","p":5.35,"u":"0,09 €/P","img":"https://fd13-photos.leclercdrive.fr/image.ashx?id=2578076&use=l&cat=p&typeid=i","cat":313217},{"id":42552,"n":"Préfou chèvre 350g","p":4.23,"u":"12,09 €/KG","img":"https://fd13-photos.leclercdrive.fr/image.ashx?id=2676768&use=l&cat=p&typeid=i","cat":316003},{"id":42560,"n":"Jus innocent ananas passion 900ml","p":2.69,"u":"2,99 €/L","img":"https://fd13-photos.leclercdrive.fr/image.ashx?id=2861740&use=l&cat=p&typeid=i","cat":285435},{"id":42563,"n":"Boisson végétale lait d'amande bio bjorg sans sucre - 1l","p":1.62,"u":"1,62 €/L","img":"https://fd13-photos.leclercdrive.fr/image.ashx?id=2939415&use=l&cat=p&typeid=i","cat":316067},{"id":42565,"n":"Vinaigre blanc d'alcool Eco +  - 1,5L","p":0.6,"u":"0,40 €/L","img":"https://fd13-photos.leclercdrive.fr/image.ashx?id=2954049&use=l&cat=p&typeid=i","cat":298543},{"id":42567,"n":"Pâte à tartiner Bio Jardin Bio - 750g","p":7.02,"u":"9,36 €/KG","img":"https://fd13-photos.leclercdrive.fr/image.ashx?id=2918925&use=l&cat=p&typeid=i","cat":284481},{"id":42569,"n":"Double concentré Bio Jardin Bio Tomate - 140g","p":0.92,"u":"6,57 €/KG","img":"https://fd13-photos.leclercdrive.fr/image.ashx?id=2944867&use=l&cat=p&typeid=i","cat":288384},{"id":42577,"n":"Chocolat noir Bio Ethiquable Ecorces d'orange - 100g","p":2.51,"u":"25,10 €/KG","img":"https://fd13-photos.leclercdrive.fr/image.ashx?id=2870851&use=l&cat=p&typeid=i","cat":284956},{"id":42624,"n":"Pâtes coudes rayés Panzani 1kg","p":2.13,"u":"2,13 €/KG","img":"https://fd13-photos.leclercdrive.fr/image.ashx?id=2876029&use=l&cat=p&typeid=i","cat":284427},{"id":42628,"n":"Chips Bret's Fromage du Jura - 125g","p":1.1,"u":"8,80 €/KG","img":"https://fd13-photos.leclercdrive.fr/image.ashx?id=1916976&use=l&cat=p&typeid=i","cat":284447},{"id":42649,"n":"Crème douche Manava Surgras - 250ml","p":0.94,"u":"3,76 €/L","img":"https://fd13-photos.leclercdrive.fr/image.ashx?id=2456147&use=l&cat=p&typeid=i","cat":284594},{"id":42650,"n":"Après-shampooing Vitanove Eclat - 200ml","p":1.49,"u":"7,45 €/L","img":"https://fd13-photos.leclercdrive.fr/image.ashx?id=2618341&use=l&cat=p&typeid=i","cat":284607},{"id":42667,"n":"Soin de jour L'Oréal Paris Revitalift Anti-Âge - 50ml","p":8.82,"u":"176,40 €/L","img":"https://fd13-photos.leclercdrive.fr/image.ashx?id=2921876&use=l&cat=p&typeid=i","cat":325345},{"id":42678,"n":"Huile Cheveux Extrême Dessange Cheuveux abîmés - 100ml","p":5.64,"u":"56,40 €/L","img":"https://fd13-photos.leclercdrive.fr/image.ashx?id=2851099&use=l&cat=p&typeid=i","cat":284608},{"id":42703,"n":"P'tit Basque Istara Fromage de brebis - 220g","p":5.32,"u":"24,18 €/KG","img":"https://fd13-photos.leclercdrive.fr/image.ashx?id=2759876&use=l&cat=p&typeid=i","cat":329184},{"id":42722,"n":"Tablette de chocolat Côte d'Or Noir praliné - 2x200g","p":6.68,"u":"16,70 €/KG","img":"https://fd13-photos.leclercdrive.fr/image.ashx?id=2941937&use=l&cat=p&typeid=i","cat":284956},{"id":42757,"n":"Emmental rapé Eco + 30% MG - 500g","p":3.7,"u":"7,40 €/KG","img":"https://fd13-photos.leclercdrive.fr/image.ashx?id=2942172&use=l&cat=p&typeid=i","cat":314035},{"id":42789,"n":"Cheddar Les Croisés 32% MG Tranchettes - 200g","p":2.64,"u":"13,20 €/KG","img":"https://fd13-photos.leclercdrive.fr/image.ashx?id=2796064&use=l&cat=p&typeid=i","cat":314028},{"id":42799,"n":"Miel liquide Bio Squeezer Bio village - 250g","p":2.95,"u":"11,80 €/KG","img":"https://fd13-photos.leclercdrive.fr/image.ashx?id=2348268&use=l&cat=p&typeid=i","cat":287643},{"id":42846,"n":"Cacahuètes Menguy's Grillées et salées - 800g","p":5.5,"u":"6,88 €/KG","img":"https://fd13-photos.leclercdrive.fr/image.ashx?id=2979800&use=l&cat=p&typeid=i","cat":284448},{"id":42847,"n":"Pop corn salé Menguy's Micro-ondes - 3x90g","p":1.81,"u":"6,70 €/KG","img":"https://fd13-photos.leclercdrive.fr/image.ashx?id=2966023&use=l&cat=p&typeid=i","cat":284449},{"id":42872,"n":"Jus innocent pomme framboise 900ml","p":2.76,"u":"3,07 €/L","img":"https://fd13-photos.leclercdrive.fr/image.ashx?id=2862877&use=l&cat=p&typeid=i","cat":285435},{"id":42964,"n":"Os à mâcher Lydog Fourrés boeuf - 2x100g","p":2.3,"u":"11,50 €/KG","img":"https://fd13-photos.leclercdrive.fr/image.ashx?id=1947283&use=l&cat=p&typeid=i","cat":294527},{"id":42966,"n":"Haricots verts Notre Jardin Extra fins - 455g","p":1.97,"u":"4,33 €/KG","img":"https://fd13-photos.leclercdrive.fr/image.ashx?id=2988084&use=l&cat=p&typeid=i","cat":312606},{"id":42967,"n":"Haricots verts Notre Jardin Extra fins vapeur - 225g","p":1.6,"u":"7,11 €/KG","img":"https://fd13-photos.leclercdrive.fr/image.ashx?id=2988087&use=l&cat=p&typeid=i","cat":312606},{"id":42968,"n":"Petits pois doux Notre Jardin Vapeur - 530g","p":1.91,"u":"3,60 €/KG","img":"https://fd13-photos.leclercdrive.fr/image.ashx?id=3002608&use=l&cat=p&typeid=i","cat":312607},{"id":42969,"n":"Petits pois doux Notre Jardin Vapeur - 265g","p":1.29,"u":"4,87 €/KG","img":"https://fd13-photos.leclercdrive.fr/image.ashx?id=3002611&use=l&cat=p&typeid=i","cat":312607},{"id":42977,"n":"Mini crackers Bio Village Bio Fromage/courges - 110g","p":2.49,"u":"22,64 €/KG","img":"https://fd13-photos.leclercdrive.fr/image.ashx?id=1944150&use=l&cat=p&typeid=i","cat":297000},{"id":42980,"n":"Goûter fourré Bio Village Bio Chocolat noir - 185g","p":2.03,"u":"10,97 €/KG","img":"https://fd13-photos.leclercdrive.fr/image.ashx?id=2704502&use=l&cat=p&typeid=i","cat":284488},{"id":42981,"n":"Goûter fourré Bio Village Bio - Chocolat au lait - 185g","p":2.06,"u":"11,14 €/KG","img":"https://fd13-photos.leclercdrive.fr/image.ashx?id=2704505&use=l&cat=p&typeid=i","cat":284488},{"id":42992,"n":"Tortillas chips Tokapi Fromage - 150g","p":0.99,"u":"6,60 €/KG","img":"https://fd13-photos.leclercdrive.fr/image.ashx?id=2647961&use=l&cat=p&typeid=i","cat":287899},{"id":43004,"n":"Crêpes apéritives Tokapi Roquefort - 65g","p":1.9,"u":"29,23 €/KG","img":"https://fd13-photos.leclercdrive.fr/image.ashx?id=2874693&use=l&cat=p&typeid=i","cat":297000},{"id":43006,"n":"Colorants alimentaires  Tablier Blanc - 3x6ml","p":1.24,"u":"68,89 €/L","img":"https://fd13-photos.leclercdrive.fr/image.ashx?id=2487470&use=l&cat=p&typeid=i","cat":284504},{"id":43009,"n":"Biscuits fourrés P'tit Deli Noisette - 225g","p":1.38,"u":"6,13 €/KG","img":"https://fd13-photos.leclercdrive.fr/image.ashx?id=2861419&use=l&cat=p&typeid=i","cat":284488},{"id":43010,"n":"Biscuit roulé P'tit Deli Cacao/vanille - 154g","p":0.88,"u":"5,71 €/KG","img":"https://fd13-photos.leclercdrive.fr/image.ashx?id=2124110&use=l&cat=p&typeid=i","cat":284488},{"id":43017,"n":"Betterave en Dés Notre Jardin 265g","p":1.02,"u":"3,85 €/KG","img":"https://fd13-photos.leclercdrive.fr/image.ashx?id=1993203&use=l&cat=p&typeid=i","cat":312611},{"id":43049,"n":"Steak haché charolais Férial  15%mg x4 - 400g","p":6.39,"u":"15,98 €/KG","img":"https://fd13-photos.leclercdrive.fr/image.ashx?id=2823762&use=l&cat=p&typeid=i","cat":319778},{"id":43197,"n":"Tartine Grilletine de Pasquier Briochées - x18 - 242g","p":1.84,"u":"7,60 €/KG","img":"https://fd13-photos.leclercdrive.fr/image.ashx?id=2333054&use=l&cat=p&typeid=i","cat":284479},{"id":43218,"n":"Pains au lait Pasquier x20 - 700g","p":2.76,"u":"3,94 €/KG","img":"https://fd13-photos.leclercdrive.fr/image.ashx?id=2609315&use=l&cat=p&typeid=i","cat":293505},{"id":43237,"n":"Lotion démaquillante Inell Douceur yeux - 150ml","p":1.6,"u":"10,67 €/L","img":"https://fd13-photos.leclercdrive.fr/image.ashx?id=1993197&use=l&cat=p&typeid=i","cat":284603},{"id":43246,"n":"Nouilles de Savoie NRT 250g","p":1.19,"u":"4,76 €/KG","img":"https://fd13-photos.leclercdrive.fr/image.ashx?id=2704906&use=l&cat=p&typeid=i","cat":284427},{"id":43266,"n":"Formule boost Daco Bello Fruits secs - 200g","p":3.68,"u":"18,40 €/KG","img":"https://fd13-photos.leclercdrive.fr/image.ashx?id=2576955&use=l&cat=p&typeid=i","cat":284357},{"id":43269,"n":"Formule détente Daco Bello Pomme - 200g","p":3.46,"u":"17,30 €/KG","img":"https://fd13-photos.leclercdrive.fr/image.ashx?id=2620284&use=l&cat=p&typeid=i","cat":284357},{"id":43277,"n":"Crème glacée L'Angelys Yaourt lait entier - 450g","p":5.53,"u":"12,29 €/KG","img":"https://fd13-photos.leclercdrive.fr/image.ashx?id=2963598&use=l&cat=p&typeid=i","cat":284263},{"id":43279,"n":"Sorbet plein fruit L'Angelys Framboise - 500g","p":5.21,"u":"10,42 €/KG","img":"https://fd13-photos.leclercdrive.fr/image.ashx?id=2963556&use=l&cat=p&typeid=i","cat":284263},{"id":43287,"n":"Dentifrice Dentamyl Blancheur extrême - 75ml","p":0.95,"u":"12,67 €/L","img":"https://fd13-photos.leclercdrive.fr/image.ashx?id=2613837&use=l&cat=p&typeid=i","cat":284612},{"id":43292,"n":"Gel peau nette Inell Imperfection - 200ml","p":3.25,"u":"16,25 €/L","img":"https://fd13-photos.leclercdrive.fr/image.ashx?id=2078353&use=l&cat=p&typeid=i","cat":284603},{"id":43293,"n":"Lotion nettoyante Inell 200ml","p":3.29,"u":"16,45 €/L","img":"https://fd13-photos.leclercdrive.fr/image.ashx?id=2691670&use=l&cat=p&typeid=i","cat":284603},{"id":43330,"n":"Crème dessert chocolat Danette Pop billes magix - 4x120g","p":2.46,"u":"5,13 €/KG","img":"https://fd13-photos.leclercdrive.fr/image.ashx?id=2935717&use=l&cat=p&typeid=i","cat":285041},{"id":43341,"n":"Thon mariné Petit Navire Basilic - 110g","p":2.07,"u":"18,82 €/KG","img":"https://fd13-photos.leclercdrive.fr/image.ashx?id=2542965&use=l&cat=p&typeid=i","cat":303867},{"id":43349,"n":"Laurier feuille entière Ducros 17g","p":1.84,"u":"108,24 €/KG","img":"https://fd13-photos.leclercdrive.fr/image.ashx?id=2486566&use=l&cat=p&typeid=i","cat":298297},{"id":43350,"n":"Coriandre en feuilles Ducros 7g","p":1.44,"u":"205,71 €/KG","img":"https://fd13-photos.leclercdrive.fr/image.ashx?id=2486584&use=l&cat=p&typeid=i","cat":298297},{"id":43358,"n":"Sel fin Eco+ Boîte verseuse - 750g","p":0.53,"u":"0,71 €/KG","img":"https://fd13-photos.leclercdrive.fr/image.ashx?id=2974705&use=l&cat=p&typeid=i","cat":284457},{"id":43369,"n":"Boisson végétale avoine Bio  Bjorg- 1L","p":1.68,"u":"1,68 €/L","img":"https://fd13-photos.leclercdrive.fr/image.ashx?id=2939430&use=l&cat=p&typeid=i","cat":316067},{"id":43381,"n":"Dessert liégeois Viennois  Chocolat - 12x100g","p":3.99,"u":"3,33 €/KG","img":"https://fd13-photos.leclercdrive.fr/image.ashx?id=2875987&use=l&cat=p&typeid=i","cat":285042},{"id":43394,"n":"Spaghetti  Tradizioni d'Italia n°118  Pasta di Gragnano 500g","p":1.52,"u":"3,04 €/KG","img":"https://fd13-photos.leclercdrive.fr/image.ashx?id=2657301&use=l&cat=p&typeid=i","cat":284427},{"id":43396,"n":"Farfalle Tradizioni d'Italia N°210 - 500g","p":1.52,"u":"3,04 €/KG","img":"https://fd13-photos.leclercdrive.fr/image.ashx?id=2657304&use=l&cat=p&typeid=i","cat":284427},{"id":43398,"n":"Fusilli Tradizioni d'Italia N°140 - 500g","p":1.52,"u":"3,04 €/KG","img":"https://fd13-photos.leclercdrive.fr/image.ashx?id=2657307&use=l&cat=p&typeid=i","cat":284427},{"id":43403,"n":"Orechiette Tradizioni d'Italia N°292 - 500g","p":1.69,"u":"3,38 €/KG","img":"https://fd13-photos.leclercdrive.fr/image.ashx?id=2699507&use=l&cat=p&typeid=i","cat":284427},{"id":43408,"n":"AOP Chinon vin rouge Les Caractères - 75cl","p":4.95,"u":"6,60 €/L","img":"https://fd13-photos.leclercdrive.fr/image.ashx?id=2646779&use=l&cat=p&typeid=i","cat":289556},{"id":43419,"n":"IGP Pays d'oc rosé Roche Mazet Merlot 12% vol - 75 cl","p":3.11,"u":"4,15 €/L","img":"https://fd13-photos.leclercdrive.fr/image.ashx?id=2342045&use=l&cat=p&typeid=i","cat":289558},{"id":43602,"n":"Jus d'orange Jafaden Avec pulpe - 1.5L","p":3.39,"u":"2,26 €/L","img":"https://fd13-photos.leclercdrive.fr/image.ashx?id=2723144&use=l&cat=p&typeid=i","cat":285435},{"id":43604,"n":"Jus d'orange Jafaden Sans pulpe - 1.5L","p":3.13,"u":"2,09 €/L","img":"https://fd13-photos.leclercdrive.fr/image.ashx?id=2723147&use=l&cat=p&typeid=i","cat":285435},{"id":43605,"n":"Jus de clémentine Jafaden  1.5L","p":2.99,"u":"1,99 €/L","img":"https://fd13-photos.leclercdrive.fr/image.ashx?id=2723150&use=l&cat=p&typeid=i","cat":285435},{"id":43618,"n":"Flocons d'avoine Quaker Oats 550g","p":1.79,"u":"3,25 €/KG","img":"https://fd13-photos.leclercdrive.fr/image.ashx?id=2140656&use=l&cat=p&typeid=i","cat":309512},{"id":43621,"n":"Liquide vaisselle Uni vert Ecologique PSS 500ml","p":1.15,"u":"2,30 €/L","img":"https://fd13-photos.leclercdrive.fr/image.ashx?id=2999508&use=l&cat=p&typeid=i","cat":284655},{"id":43696,"n":"AOC Côtes du Marmandais vin rouge Terrasses d'Autan - 75cl","p":2.99,"u":"3,99 €/L","img":"https://fd13-photos.leclercdrive.fr/image.ashx?id=2750150&use=l&cat=p&typeid=i","cat":289556},{"id":43718,"n":"Croquettes chat Whiskas Stérilisé saumon - 1,75kg","p":5.17,"u":"2,95 €/KG","img":"https://fd13-photos.leclercdrive.fr/image.ashx?id=2915597&use=l&cat=p&typeid=i","cat":284680},{"id":43719,"n":"Croquettes chat Whiskas Stérilisé poulet - 1.75kg","p":5.22,"u":"2,98 €/KG","img":"https://fd13-photos.leclercdrive.fr/image.ashx?id=2952872&use=l&cat=p&typeid=i","cat":284680},{"id":43758,"n":"AOP Brouilly vin rouge Antoine Barrier - 75cl","p":6.79,"u":"9,05 €/L","img":"https://fd13-photos.leclercdrive.fr/image.ashx?id=3004552&use=l&cat=p&typeid=i","cat":289556},{"id":43761,"n":"Flacon persil de France 7g","p":1.42,"u":"202,86 €/KG","img":"https://fd13-photos.leclercdrive.fr/image.ashx?id=2973583&use=l&cat=p&typeid=i","cat":298297},{"id":43763,"n":"Safran en poudre 4x0.1g","p":7.29,"img":"https://fd13-photos.leclercdrive.fr/image.ashx?id=2774424&use=l&cat=p&typeid=i","cat":298297},{"id":43770,"n":"Après-shampooing Vitanov Nutrition - 750ml","p":4.08,"u":"5,44 €/L","img":"https://fd13-photos.leclercdrive.fr/image.ashx?id=1923583&use=l&cat=p&typeid=i","cat":284607},{"id":43771,"n":"Spray démelant  200ml","p":2.55,"u":"12,75 €/L","img":"https://fd13-photos.leclercdrive.fr/image.ashx?id=2712986&use=l&cat=p&typeid=i","cat":284608},{"id":43778,"n":"Morceaux de thon Listao Eco+ 130g","p":0.99,"u":"7,62 €/KG","img":"https://fd13-photos.leclercdrive.fr/image.ashx?id=2698141&use=l&cat=p&typeid=i","cat":303867},{"id":43781,"n":"Céréales Extra Kellogg's Chocolat Noir Noisettes - 800g","p":4.54,"u":"5,68 €/KG","img":"https://fd13-photos.leclercdrive.fr/image.ashx?id=2775026&use=l&cat=p&typeid=i","cat":309512},{"id":43844,"n":"Friandises chats Tous mes amis Sticks au Poulet - 3x5g - 15g","p":0.56,"u":"37,33 €/KG","img":"https://fd13-photos.leclercdrive.fr/image.ashx?id=2858986&use=l&cat=p&typeid=i","cat":285285},{"id":43845,"n":"Friandises chats Tous mes amis Sticks au Saumon  - 3x5g - 15g","p":0.56,"u":"37,33 €/KG","img":"https://fd13-photos.leclercdrive.fr/image.ashx?id=2858989&use=l&cat=p&typeid=i","cat":285285},{"id":43895,"n":"AOC Ventoux vin rosé Rives & Terrasses - 75cl","p":2.99,"u":"3,99 €/L","img":"https://fd13-photos.leclercdrive.fr/image.ashx?id=2869489&use=l&cat=p&typeid=i","cat":289558},{"id":43924,"n":"AOP Vin blanc italien  Prosecco Vilaveroni 75cl","p":7.29,"u":"9,72 €/L","img":"https://fd13-photos.leclercdrive.fr/image.ashx?id=2492351&use=l&cat=p&typeid=i","cat":289461},{"id":43930,"n":"Vin mousseux blanc Festillant Sans alcool - 75cl","p":3.49,"u":"4,65 €/L","img":"https://fd13-photos.leclercdrive.fr/image.ashx?id=2980899&use=l&cat=p&typeid=i","cat":289460},{"id":43935,"n":"Vin mousseux Chardonnay Blanc Foussy Ice demi-sec 75cl","p":6.03,"u":"8,04 €/L","img":"https://fd13-photos.leclercdrive.fr/image.ashx?id=2794466&use=l&cat=p&typeid=i","cat":284544},{"id":43936,"n":"Vin mousseux Blanc Foussy Ice Rosé - 75cl","p":5.5,"u":"7,33 €/L","img":"https://fd13-photos.leclercdrive.fr/image.ashx?id=2794475&use=l&cat=p&typeid=i","cat":284544},{"id":44039,"n":"Soufflés Grignot' Tokapi Barbecue - 90g","p":0.99,"u":"11,00 €/KG","img":"https://fd13-photos.leclercdrive.fr/image.ashx?id=803080&use=l&cat=p&typeid=i","cat":284449},{"id":44040,"n":"Soufflé grignot' Tokapi  jambon fromage 90g","p":0.89,"u":"9,89 €/KG","img":"https://fd13-photos.leclercdrive.fr/image.ashx?id=2059489&use=l&cat=p&typeid=i","cat":284449},{"id":44081,"n":"Eau aromatisée Volvic Juicy Fraise - 1,5L","p":1.43,"u":"0,95 €/L","img":"https://fd13-photos.leclercdrive.fr/image.ashx?id=2964664&use=l&cat=p&typeid=i","cat":284537},{"id":44082,"n":"Eau aromatisée Volvic juicy Fruits exotiques - 1,5L","p":1.33,"u":"0,89 €/L","img":"https://fd13-photos.leclercdrive.fr/image.ashx?id=2964667&use=l&cat=p&typeid=i","cat":284537},{"id":44083,"n":"Eau gazeuse  Badoit verte finement pétillante - 6x1l","p":3.46,"u":"0,58 €/L","img":"https://fd13-photos.leclercdrive.fr/image.ashx?id=2919259&use=l&cat=p&typeid=i","cat":284536},{"id":44085,"n":"Petit quatre quarts Bonne Maman x10 - 300g","p":2.9,"u":"9,67 €/KG","img":"https://fd13-photos.leclercdrive.fr/image.ashx?id=2936149&use=l&cat=p&typeid=i","cat":284492},{"id":44090,"n":"AOP Monbazillac vin blanc Moelleux Terrasses d'Autan-75cl","p":6.99,"u":"9,32 €/L","img":"https://fd13-photos.leclercdrive.fr/image.ashx?id=2756873&use=l&cat=p&typeid=i","cat":289557},{"id":44094,"n":"Bière blonde Leffe 6,6% - 50cl canette","p":1.53,"u":"3,06 €/L","img":"https://fd13-photos.leclercdrive.fr/image.ashx?id=2948417&use=l&cat=p&typeid=i","cat":334853},{"id":44096,"n":"Fond pour rotis 110g","p":2.16,"u":"19,64 €/KG","img":"https://fd13-photos.leclercdrive.fr/image.ashx?id=2970453&use=l&cat=p&typeid=i","cat":288379},{"id":44168,"n":"Guacamole en pot 300g","p":1.75,"u":"5,83 €/KG","img":"https://fd13-photos.leclercdrive.fr/image.ashx?id=2466072&use=l&cat=p&typeid=i","cat":288993},{"id":44171,"n":"6 wraps de blé nature 370g","p":1.99,"u":"5,38 €/KG","img":"https://fd13-photos.leclercdrive.fr/image.ashx?id=2679741&use=l&cat=p&typeid=i","cat":288993},{"id":44172,"n":"Assaisonnement pour Guacamole Tables du monde - 20g","p":0.95,"u":"47,50 €/KG","img":"https://fd13-photos.leclercdrive.fr/image.ashx?id=2489125&use=l&cat=p&typeid=i","cat":288993},{"id":44173,"n":"Après-shampooing Nateis Cheveux colorés - 250ml","p":1.63,"u":"6,52 €/L","img":"https://fd13-photos.leclercdrive.fr/image.ashx?id=2626808&use=l&cat=p&typeid=i","cat":284607},{"id":44174,"n":"Après-shampooing doux Nateis Cheveux secs - 250ml","p":1.35,"u":"5,40 €/KG","img":"https://fd13-photos.leclercdrive.fr/image.ashx?id=2626811&use=l&cat=p&typeid=i","cat":284607},{"id":44175,"n":"Masque nourrisant Natéïs Cheuveux secs et frisés - 300ml","p":2.63,"u":"8,77 €/L","img":"https://fd13-photos.leclercdrive.fr/image.ashx?id=1875848&use=l&cat=p&typeid=i","cat":284608},{"id":44179,"n":"Sachets détachants Texil Anti-transferts - x12","p":4.44,"u":"0,37 €/P","img":"https://fd13-photos.leclercdrive.fr/image.ashx?id=2958741&use=l&cat=p&typeid=i","cat":284651},{"id":44181,"n":"Poivrons grillés Florelli Antipasti - 280g","p":2.94,"u":"10,50 €/KG","img":"https://fd13-photos.leclercdrive.fr/image.ashx?id=2633091&use=l&cat=p&typeid=i","cat":289010},{"id":44183,"n":"Tortillas Old El Paso de blé nature x8 - 326g","p":2.46,"u":"7,55 €/KG","img":"https://fd13-photos.leclercdrive.fr/image.ashx?id=2737642&use=l&cat=p&typeid=i","cat":288993},{"id":44184,"n":"Kit fajitas Old El Paso Original doux - 500g","p":4.86,"u":"9,72 €/KG","img":"https://fd13-photos.leclercdrive.fr/image.ashx?id=2940576&use=l&cat=p&typeid=i","cat":288993},{"id":44185,"n":"Kit Burritos Old El Paso Original paprika doux - 510g","p":5.07,"u":"9,94 €/KG","img":"https://fd13-photos.leclercdrive.fr/image.ashx?id=2940579&use=l&cat=p&typeid=i","cat":288993},{"id":44195,"n":"Détachant avant lavage K2R  Action complète pistolet -750ml","p":3.23,"u":"4,31 €/L","img":"https://fd13-photos.leclercdrive.fr/image.ashx?id=2101180&use=l&cat=p&typeid=i","cat":284651},{"id":44197,"n":"Couches Activ+ Mots d'Enfants T4 : 7/18kg - x39 changes","p":12.89,"u":"0,33 €/P","img":"https://fd13-photos.leclercdrive.fr/image.ashx?id=2699489&use=l&cat=p&typeid=i","cat":284737},{"id":44225,"n":"Basilic Les Crudettes  11g","p":1.22,"u":"110,91 €/KG","img":"https://fd13-photos.leclercdrive.fr/image.ashx?id=2654626&use=l&cat=p&typeid=i","cat":293607},{"id":44226,"n":"Ciboulette Les Crudettes 11g","p":1.75,"u":"159,09 €/KG","img":"https://fd13-photos.leclercdrive.fr/image.ashx?id=2654629&use=l&cat=p&typeid=i","cat":293607},{"id":44231,"n":"Estragon de france Sainte Lucie flacon 11g","p":2.65,"u":"240,91 €/KG","img":"https://fd13-photos.leclercdrive.fr/image.ashx?id=2774292&use=l&cat=p&typeid=i","cat":298297},{"id":44235,"n":"Epices couscous Sainte Lucie à la marocaine - 30g","p":1.36,"u":"45,33 €/KG","img":"https://fd13-photos.leclercdrive.fr/image.ashx?id=2774433&use=l&cat=p&typeid=i","cat":298297},{"id":44236,"n":"Epices paëlla Sainte Lucie à l'espagnole 30g","p":2.09,"u":"69,67 €/KG","img":"https://fd13-photos.leclercdrive.fr/image.ashx?id=2104591&use=l&cat=p&typeid=i","cat":298297},{"id":44273,"n":"Miettes de thon Petit Navire À l'huile d'olive - 160g","p":2.6,"u":"16,25 €/KG","img":"https://fd13-photos.leclercdrive.fr/image.ashx?id=2519642&use=l&cat=p&typeid=i","cat":303867},{"id":44278,"n":"Ravioli bolognaise Panzani - 400g","p":2.59,"u":"6,48 €/KG","img":"https://fd13-photos.leclercdrive.fr/image.ashx?id=2876059&use=l&cat=p&typeid=i","cat":284442},{"id":44279,"n":"Fromage apéritif Apericube Panier de campagne 24 cubes","p":2.39,"u":"19,12 €/KG","img":"https://fd13-photos.leclercdrive.fr/image.ashx?id=2882656&use=l&cat=p&typeid=i","cat":314027},{"id":44285,"n":"Thon cuisiné Saupiquet  sauce catalane 1/6 2x135g","p":2.08,"u":"7,70 €/KG","img":"https://fd13-photos.leclercdrive.fr/image.ashx?id=2731549&use=l&cat=p&typeid=i","cat":303867},{"id":44293,"n":"Emmental râpé  Entremont  français 160g","p":1.81,"u":"11,31 €/KG","img":"https://fd13-photos.leclercdrive.fr/image.ashx?id=2983153&use=l&cat=p&typeid=i","cat":314035},{"id":44298,"n":"L'Ortolan familial  Fromagerie Milleret-  330g","p":3.28,"u":"9,94 €/KG","img":"https://fd13-photos.leclercdrive.fr/image.ashx?id=2226400&use=l&cat=p&typeid=i","cat":314033},{"id":44299,"n":"Fromage à Tartiner Tartare  Ail et fines herbes - 250g","p":2.71,"u":"10,84 €/KG","img":"https://fd13-photos.leclercdrive.fr/image.ashx?id=2903170&use=l&cat=p&typeid=i","cat":314029},{"id":44307,"n":"Fromage Tomme noire NRT IGP  des Pyrénées - 200g","p":2.45,"u":"12,25 €/KG","img":"https://fd13-photos.leclercdrive.fr/image.ashx?id=2849596&use=l&cat=p&typeid=i","cat":329184},{"id":44327,"n":"Vin Union Européenne rosé Le Tonnelier - BIB 5L","p":8.67,"u":"1,73 €/L","img":"https://fd13-photos.leclercdrive.fr/image.ashx?id=2107474&use=l&cat=p&typeid=i","cat":289560},{"id":44336,"n":"Savon Noir liquide Briochin Ecocert - 1L","p":2.48,"u":"2,48 €/L","img":"https://fd13-photos.leclercdrive.fr/image.ashx?id=3011389&use=l&cat=p&typeid=i","cat":325365},{"id":44354,"n":"Préfou chorizo Paso 350g","p":4.23,"u":"12,09 €/KG","img":"https://fd13-photos.leclercdrive.fr/image.ashx?id=2332627&use=l&cat=p&typeid=i","cat":316003},{"id":44361,"n":"Chocolat Pâtissier Nestlé Dessert : Noir - 205g","p":3.01,"u":"14,68 €/KG","img":"https://fd13-photos.leclercdrive.fr/image.ashx?id=2938920&use=l&cat=p&typeid=i","cat":285562},{"id":44364,"n":"Bonbon Alpin Fresh Ricola Sans sucres - 50g","p":1.62,"u":"32,40 €/KG","img":"https://fd13-photos.leclercdrive.fr/image.ashx?id=2387831&use=l&cat=p&typeid=i","cat":304256},{"id":44445,"n":"Wraps Old El Paso de blé nature x6 - 350g","p":2.32,"u":"6,63 €/KG","img":"https://fd13-photos.leclercdrive.fr/image.ashx?id=2737645&use=l&cat=p&typeid=i","cat":288993},{"id":44567,"n":"Oeufs de Nos Régions Plein air Oméga 3 - x6","p":1.52,"u":"0,25 €/P","img":"https://fd13-photos.leclercdrive.fr/image.ashx?id=2935232&use=l&cat=p&typeid=i","cat":284378},{"id":44568,"n":"Oeufs frais De Nos Régions  Oméga 3 - Plein Air - x12","p":2.88,"u":"0,24 €/P","img":"https://fd13-photos.leclercdrive.fr/image.ashx?id=2935235&use=l&cat=p&typeid=i","cat":284378},{"id":44572,"n":"AOC Bordeaux Supérieur vin rouge Chantet Blanet - 75cl","p":3.49,"u":"4,65 €/L","img":"https://fd13-photos.leclercdrive.fr/image.ashx?id=2776570&use=l&cat=p&typeid=i","cat":289556},{"id":44574,"n":"Nettoyant textiles TECH9 Avec brosse - 400ml","p":4.59,"u":"11,48 €/L","img":"https://fd13-photos.leclercdrive.fr/image.ashx?id=1543900&use=l&cat=p&typeid=i","cat":298252},{"id":44577,"n":"Nettoyant jantes TECH9 500ml","p":3.99,"u":"7,98 €/L","img":"https://fd13-photos.leclercdrive.fr/image.ashx?id=2162450&use=l&cat=p&typeid=i","cat":298252},{"id":44578,"n":"Madeleines Saint Michel Pépites chocolat 400g","p":1.98,"u":"4,95 €/KG","img":"https://fd13-photos.leclercdrive.fr/image.ashx?id=2936200&use=l&cat=p&typeid=i","cat":284492},{"id":44736,"n":"Blanquette volaille Côté Table 900g","p":6.99,"u":"7,77 €/KG","img":"https://fd13-photos.leclercdrive.fr/image.ashx?id=2621934&use=l&cat=p&typeid=i","cat":284254},{"id":44740,"n":"Frites allumettes Pom'lisse 2.5kg","p":4.59,"u":"1,84 €/KG","img":"https://fd13-photos.leclercdrive.fr/image.ashx?id=2699498&use=l&cat=p&typeid=i","cat":319791},{"id":44743,"n":"Julienne de légumes Bio Village Bio - 600g","p":1.99,"u":"3,32 €/KG","img":"https://fd13-photos.leclercdrive.fr/image.ashx?id=2898068&use=l&cat=p&typeid=i","cat":319823},{"id":44745,"n":"Mini boulettes au boeuf Férial  x50 - 750g","p":6.99,"u":"9,32 €/KG","img":"https://fd13-photos.leclercdrive.fr/image.ashx?id=2966511&use=l&cat=p&typeid=i","cat":319779},{"id":44746,"n":"Glace Mystère Extrême Vanille Meringue x4 308.6g","p":5.44,"u":"17,61 €/KG","img":"https://fd13-photos.leclercdrive.fr/image.ashx?id=2878375&use=l&cat=p&typeid=i","cat":284266},{"id":44747,"n":"Glace Mystère Extrême Vanille Coeur chocolat x4 308g","p":4.77,"u":"15,49 €/KG","img":"https://fd13-photos.leclercdrive.fr/image.ashx?id=2878381&use=l&cat=p&typeid=i","cat":284266},{"id":44748,"n":"Purée de carottes Notre Jardin potirons 750g","p":2.62,"u":"3,49 €/KG","img":"https://fd13-photos.leclercdrive.fr/image.ashx?id=2856190&use=l&cat=p&typeid=i","cat":319805},{"id":44751,"n":"Pom' curv au four Pom'Lisse 600g","p":1.81,"u":"3,02 €/KG","img":"https://fd13-photos.leclercdrive.fr/image.ashx?id=2699690&use=l&cat=p&typeid=i","cat":319791},{"id":44767,"n":"Dés Gouda cumin Les Croisés 30%MG - 150g","p":1.95,"u":"13,00 €/KG","img":"https://fd13-photos.leclercdrive.fr/image.ashx?id=2532844&use=l&cat=p&typeid=i","cat":314027},{"id":44770,"n":"Steak haché Férial  5%mg x4 - 400g","p":6.99,"u":"17,48 €/KG","img":"https://fd13-photos.leclercdrive.fr/image.ashx?id=3004663&use=l&cat=p&typeid=i","cat":319778},{"id":44850,"n":"Lotion Tonique Diadermine apaisante 200ml","p":2.56,"u":"12,80 €/L","img":"https://fd13-photos.leclercdrive.fr/image.ashx?id=2551105&use=l&cat=p&typeid=i","cat":284603},{"id":44859,"n":"Olives Vertes -25% sel Tramier  Dénoyautées 160g","p":1.99,"u":"12,44 €/KG","img":"https://fd13-photos.leclercdrive.fr/image.ashx?id=2840823&use=l&cat=p&typeid=i","cat":284458},{"id":44871,"n":"Nettoyant plastique TECH9 Ecocert - 500ml","p":4.99,"u":"9,98 €/L","img":"https://fd13-photos.leclercdrive.fr/image.ashx?id=2536860&use=l&cat=p&typeid=i","cat":298252},{"id":44874,"n":"Nettoyant tissu moquette TECH9 Ecocert - 500ml","p":4.99,"u":"9,98 €/L","img":"https://fd13-photos.leclercdrive.fr/image.ashx?id=2536863&use=l&cat=p&typeid=i","cat":298252},{"id":44876,"n":"Nettoyant multi-usage TECH9 Ecocert - 500ml","p":3.4,"u":"6,80 €/L","img":"https://fd13-photos.leclercdrive.fr/image.ashx?id=2536866&use=l&cat=p&typeid=i","cat":298252},{"id":44877,"n":"Nettoyant jantes TECH9 Ecocert - 500ml","p":4.65,"u":"9,30 €/L","img":"https://fd13-photos.leclercdrive.fr/image.ashx?id=2536869&use=l&cat=p&typeid=i","cat":298252},{"id":44878,"n":"Shampooing carrosserie TECH9 Ecocert - 500ml","p":5.99,"u":"11,98 €/L","img":"https://fd13-photos.leclercdrive.fr/image.ashx?id=2536872&use=l&cat=p&typeid=i","cat":298252},{"id":44884,"n":"Soupe Mouliné Bio Village Bio - Légumes variés - 1L","p":1.97,"u":"1,97 €/L","img":"https://fd13-photos.leclercdrive.fr/image.ashx?id=2376115&use=l&cat=p&typeid=i","cat":284462},{"id":44910,"n":"Crème dessert La Laitière Pot de crème chocolat - 8x100g","p":4.2,"u":"5,25 €/KG","img":"https://fd13-photos.leclercdrive.fr/image.ashx?id=2692116&use=l&cat=p&typeid=i","cat":285041},{"id":44911,"n":"Crème dessert La Laitière Pot de crème vanille - 8x100g","p":4.2,"u":"5,25 €/KG","img":"https://fd13-photos.leclercdrive.fr/image.ashx?id=2692119&use=l&cat=p&typeid=i","cat":285041},{"id":44942,"n":"Mini gratins Côté Table Pomme de terre Champignons 400g","p":2.99,"u":"7,48 €/KG","img":"https://fd13-photos.leclercdrive.fr/image.ashx?id=2074431&use=l&cat=p&typeid=i","cat":319802},{"id":44953,"n":"Pâtes Sans gluten Barilla Spaghetti - 400g","p":1.89,"u":"4,73 €/KG","img":"https://fd13-photos.leclercdrive.fr/image.ashx?id=2647639&use=l&cat=p&typeid=i","cat":284427},{"id":44954,"n":"Pâtes Sans gluten Barilla Penne Rigate - 400g","p":1.91,"u":"4,78 €/KG","img":"https://fd13-photos.leclercdrive.fr/image.ashx?id=2975461&use=l&cat=p&typeid=i","cat":284427},{"id":44959,"n":"Lingettes démaquillantes Inell Eau micellaire x25","p":2.6,"u":"0,10 €/P","img":"https://fd13-photos.leclercdrive.fr/image.ashx?id=2764392&use=l&cat=p&typeid=i","cat":284603},{"id":44963,"n":"Stick lèvres Inell Miss pink - 1 pièce","p":1.69,"img":"https://fd13-photos.leclercdrive.fr/image.ashx?id=2691673&use=l&cat=p&typeid=i","cat":285485},{"id":44977,"n":"Mousse nettoyante Inell Peaux sensibles 150ml","p":2.99,"u":"19,93 €/L","img":"https://fd13-photos.leclercdrive.fr/image.ashx?id=1993200&use=l&cat=p&typeid=i","cat":284603},{"id":44980,"n":"Gel lave-vaisselle Visior Classique x75 - 1,5L","p":4.75,"u":"3,17 €/L","img":"https://fd13-photos.leclercdrive.fr/image.ashx?id=2939061&use=l&cat=p&typeid=i","cat":284656},{"id":45001,"n":"Pain de campagne Epi d'Or Spécial - 500g","p":1.79,"u":"3,58 €/KG","img":"https://fd13-photos.leclercdrive.fr/image.ashx?id=2114928&use=l&cat=p&typeid=i","cat":325069},{"id":45005,"n":"Fond de veau Rustica dégraissé 100g","p":2.18,"u":"21,80 €/KG","img":"https://fd13-photos.leclercdrive.fr/image.ashx?id=2979571&use=l&cat=p&typeid=i","cat":288379},{"id":45007,"n":"Miel  Nid d'Abeille fleurs d'oranger 375g","p":3.89,"u":"10,37 €/KG","img":"https://fd13-photos.leclercdrive.fr/image.ashx?id=2668120&use=l&cat=p&typeid=i","cat":287643},{"id":45009,"n":"Cacahuètes grillées Tokapi salées 3x120g","p":1.49,"u":"4,14 €/KG","img":"https://fd13-photos.leclercdrive.fr/image.ashx?id=2799769&use=l&cat=p&typeid=i","cat":284448},{"id":45011,"n":"AOC Côtes de Beaune Vin rouge Antoine Barrier - 75cl","p":9.99,"u":"13,32 €/L","img":"https://fd13-photos.leclercdrive.fr/image.ashx?id=2721364&use=l&cat=p&typeid=i","cat":289556},{"id":45013,"n":"AOC Ventoux vin rouge Rives & Terrasses - BIB 5L","p":15.99,"u":"3,20 €/L","img":"https://fd13-photos.leclercdrive.fr/image.ashx?id=2597031&use=l&cat=p&typeid=i","cat":289560},{"id":45015,"n":"Biscuits P'tit Déli Pépites de chocolat 300g","p":2.49,"u":"8,30 €/KG","img":"https://fd13-photos.leclercdrive.fr/image.ashx?id=2390425&use=l&cat=p&typeid=i","cat":284487},{"id":45023,"n":"AOC Moulin-à-Vent vin rouge Antoine Barrier - 75cl","p":7.75,"u":"10,33 €/L","img":"https://fd13-photos.leclercdrive.fr/image.ashx?id=2140031&use=l&cat=p&typeid=i","cat":289556},{"id":45029,"n":"AOP Vin blanc Muscadet Sèvre & Maine sur Lie - 75cl","p":4.19,"u":"5,59 €/L","img":"https://fd13-photos.leclercdrive.fr/image.ashx?id=2750147&use=l&cat=p&typeid=i","cat":289557},{"id":45035,"n":"AOP Alsace Riesling vin blanc Rebmann - 75 cl","p":4.85,"u":"6,47 €/L","img":"https://fd13-photos.leclercdrive.fr/image.ashx?id=2754213&use=l&cat=p&typeid=i","cat":289557},{"id":45042,"n":"AOC Beaujolais Villages vin rouge Antoine Barrier - 75cl","p":5.49,"u":"7,32 €/L","img":"https://fd13-photos.leclercdrive.fr/image.ashx?id=2728252&use=l&cat=p&typeid=i","cat":289556},{"id":45045,"n":"AOC Côtes de Bourg vin rouge Chantet Blanet - 37,5cl","p":2.49,"u":"6,64 €/L","img":"https://fd13-photos.leclercdrive.fr/image.ashx?id=2677110&use=l&cat=p&typeid=i","cat":289556},{"id":45048,"n":"AOC Bordeaux Supérieur vin  rouge Chantet Blanet - BIB 3L","p":12.99,"u":"4,33 €/L","img":"https://fd13-photos.leclercdrive.fr/image.ashx?id=2646776&use=l&cat=p&typeid=i","cat":289560},{"id":45050,"n":"AOP Bourgogne Pinot noir vin rouge Antoine Barrier - 75cl","p":7.99,"u":"10,65 €/L","img":"https://fd13-photos.leclercdrive.fr/image.ashx?id=2694106&use=l&cat=p&typeid=i","cat":289556},{"id":45052,"n":"Velouté Régal Soupe Potiron Châtaigne - 1L","p":2.46,"u":"2,46 €/L","img":"https://fd13-photos.leclercdrive.fr/image.ashx?id=2983811&use=l&cat=p&typeid=i","cat":284462},{"id":45063,"n":"Biscuits sablés P'tit Déli Noix de coco - 120g","p":0.84,"u":"7,00 €/KG","img":"https://fd13-photos.leclercdrive.fr/image.ashx?id=2669750&use=l&cat=p&typeid=i","cat":284487},{"id":45065,"n":"Bretzels d'alsace NRT sachet 200g","p":0.74,"u":"3,70 €/KG","img":"https://fd13-photos.leclercdrive.fr/image.ashx?id=2638018&use=l&cat=p&typeid=i","cat":297000},{"id":45066,"n":"Petits biscuits salés NRT D'Alsace - 200g","p":0.99,"u":"4,95 €/KG","img":"https://fd13-photos.leclercdrive.fr/image.ashx?id=2638021&use=l&cat=p&typeid=i","cat":297000},{"id":45068,"n":"Pâtes Sans gluten Barilla Coquillettes - 400g","p":1.88,"u":"4,70 €/KG","img":"https://fd13-photos.leclercdrive.fr/image.ashx?id=2976113&use=l&cat=p&typeid=i","cat":284427},{"id":45102,"n":"Culottes bébé Mots d'Enfants  T4 : 8/15kg - x22 changes","p":5.35,"u":"0,24 €/P","img":"https://fd13-photos.leclercdrive.fr/image.ashx?id=2907198&use=l&cat=p&typeid=i","cat":290633},{"id":45138,"n":"Biscuits Bio Bjorg complets P'tit nature - 200g","p":1.6,"u":"8,00 €/KG","img":"https://fd13-photos.leclercdrive.fr/image.ashx?id=2906157&use=l&cat=p&typeid=i","cat":284487},{"id":45147,"n":"boisson végétale bio coco  bjorg 1L","p":2.68,"u":"2,68 €/L","img":"https://fd13-photos.leclercdrive.fr/image.ashx?id=2909530&use=l&cat=p&typeid=i","cat":316067},{"id":45148,"n":"Boisson végétale épeautre noisette Bjorg Bio - 1L","p":2.38,"u":"2,38 €/L","img":"https://fd13-photos.leclercdrive.fr/image.ashx?id=2960804&use=l&cat=p&typeid=i","cat":316067},{"id":45149,"n":"Boisson végétale lait d'amande  chocolat bjorg bio - 1l","p":2.67,"u":"2,67 €/L","img":"https://fd13-photos.leclercdrive.fr/image.ashx?id=2939412&use=l&cat=p&typeid=i","cat":316067},{"id":45157,"n":"Boulghour Tunisienne Céréal Bio Bio repas express - 220g","p":1.99,"u":"9,05 €/KG","img":"https://fd13-photos.leclercdrive.fr/image.ashx?id=2574062&use=l&cat=p&typeid=i","cat":287600},{"id":45165,"n":"Pots soir bébé bio Babybio Légumes blé - 6 mois - 2x200g","p":2.49,"u":"6,23 €/KG","img":"https://fd13-photos.leclercdrive.fr/image.ashx?id=2827479&use=l&cat=p&typeid=i","cat":312239},{"id":45168,"n":"Bouillon cube bio Jardin Bio Légumes - 72g","p":1.39,"u":"19,31 €/KG","img":"https://fd13-photos.leclercdrive.fr/image.ashx?id=2535535&use=l&cat=p&typeid=i","cat":288379},{"id":45178,"n":"Coulis de tomate Bjorg bio 3x200g","p":2.36,"u":"3,93 €/KG","img":"https://fd13-photos.leclercdrive.fr/image.ashx?id=2757289&use=l&cat=p&typeid=i","cat":288384},{"id":45184,"n":"Chocolat noir Alter Eco Pérou Bio 75% de cacao - 100g","p":2.79,"u":"27,90 €/KG","img":"https://fd13-photos.leclercdrive.fr/image.ashx?id=2906541&use=l&cat=p&typeid=i","cat":284956},{"id":45185,"n":"Tablette de chocolat Alter Eco  Pérou Bio Noir 90% - 100g","p":2.8,"u":"28,00 €/KG","img":"https://fd13-photos.leclercdrive.fr/image.ashx?id=2906544&use=l&cat=p&typeid=i","cat":284956},{"id":45191,"n":"Couscous Jardin Bio Bio légumes du soleil - 220g","p":2.37,"u":"10,77 €/KG","img":"https://fd13-photos.leclercdrive.fr/image.ashx?id=2535022&use=l&cat=p&typeid=i","cat":287600},{"id":45197,"n":"Quinoa boulghour  Céréal Bio  à l'Indienne bio -220g","p":1.99,"u":"9,05 €/KG","img":"https://fd13-photos.leclercdrive.fr/image.ashx?id=2574068&use=l&cat=p&typeid=i","cat":287600},{"id":45198,"n":"Légumes et orge bio Céréal Bio  Compotée d'aubergines - 250g","p":1.99,"u":"7,96 €/KG","img":"https://fd13-photos.leclercdrive.fr/image.ashx?id=2574071&use=l&cat=p&typeid=i","cat":287600},{"id":45213,"n":"Flageolets Jardin Bio  Bio cuisinés - 680g","p":3.1,"u":"4,56 €/KG","img":"https://fd13-photos.leclercdrive.fr/image.ashx?id=2918319&use=l&cat=p&typeid=i","cat":312606},{"id":45229,"n":"biscuits gaufres bio bjorg  Miel - 175g","p":2.13,"u":"12,17 €/KG","img":"https://fd13-photos.leclercdrive.fr/image.ashx?id=2915973&use=l&cat=p&typeid=i","cat":294777},{"id":45243,"n":"Lait de coco fluide Bio Bjorg 200ml","p":1.59,"u":"7,95 €/L","img":"https://fd13-photos.leclercdrive.fr/image.ashx?id=2752995&use=l&cat=p&typeid=i","cat":288992},{"id":45244,"n":"boisson végétale lait d'amande  bio bjorg 1l","p":2.28,"u":"2,28 €/L","img":"https://fd13-photos.leclercdrive.fr/image.ashx?id=2967067&use=l&cat=p&typeid=i","cat":316067},{"id":45245,"n":"Boisson végétale lait d'amande  vanille bjorg bio - 1l","p":2.48,"u":"2,48 €/L","img":"https://fd13-photos.leclercdrive.fr/image.ashx?id=2991978&use=l&cat=p&typeid=i","cat":316067},{"id":45247,"n":"Maïs bio Géant Vert extra croquant - 2x140g","p":2.45,"u":"8,75 €/KG","img":"https://fd13-photos.leclercdrive.fr/image.ashx?id=2840545&use=l&cat=p&typeid=i","cat":312611},{"id":45250,"n":"Infusion bio Jardin Bio Tilleul Oranger - x20 - 30g","p":2.77,"u":"92,33 €/KG","img":"https://fd13-photos.leclercdrive.fr/image.ashx?id=2792657&use=l&cat=p&typeid=i","cat":293234},{"id":45251,"n":"Lentilles vertes Jardin Bio  Bio saveur du terroir - 250g","p":1.6,"u":"6,40 €/KG","img":"https://fd13-photos.leclercdrive.fr/image.ashx?id=2535559&use=l&cat=p&typeid=i","cat":287600},{"id":45253,"n":"Infusion détox Bio Clipper Hibiscus fruits rouges - 40g","p":2.21,"u":"55,25 €/KG","img":"https://fd13-photos.leclercdrive.fr/image.ashx?id=2922083&use=l&cat=p&typeid=i","cat":293234},{"id":45254,"n":"Infusion Clipper Bio - Citron gingembre - 50g","p":2.01,"u":"40,20 €/KG","img":"https://fd13-photos.leclercdrive.fr/image.ashx?id=2909176&use=l&cat=p&typeid=i","cat":293234},{"id":45261,"n":"Orge riz rouge bio Céréal Bio  lentilles repas express-220g","p":1.79,"u":"7,16 €/KG","img":"https://fd13-photos.leclercdrive.fr/image.ashx?id=2574080&use=l&cat=p&typeid=i","cat":287600},{"id":45262,"n":"Orge pruneaux bio Céréal Bio  Marocain repas express-220g","p":2.23,"u":"10,14 €/KG","img":"https://fd13-photos.leclercdrive.fr/image.ashx?id=2575075&use=l&cat=p&typeid=i","cat":287600},{"id":45266,"n":"céréales bio muesli  superfruits  bjorg - 375g","p":2.74,"u":"7,31 €/KG","img":"https://fd13-photos.leclercdrive.fr/image.ashx?id=2928525&use=l&cat=p&typeid=i","cat":309512},{"id":45267,"n":"Pain grillé Bio Bjorg au Blé complet - 250g","p":2.25,"u":"9,00 €/KG","img":"https://fd13-photos.leclercdrive.fr/image.ashx?id=2757608&use=l&cat=p&typeid=i","cat":284479},{"id":45275,"n":"Miel de fleurs Coté Miel Bio Crémeux - 500g","p":6.93,"u":"13,86 €/KG","img":"https://fd13-photos.leclercdrive.fr/image.ashx?id=2314317&use=l&cat=p&typeid=i","cat":287643},{"id":45278,"n":"Purée potimarron Céréal Bio  lentilles bio-250g","p":1.78,"u":"7,12 €/KG","img":"https://fd13-photos.leclercdrive.fr/image.ashx?id=2574074&use=l&cat=p&typeid=i","cat":287600},{"id":45290,"n":"Petits pois Le jardin Bio  Bio extra fins - 445g","p":3.19,"u":"7,17 €/KG","img":"https://fd13-photos.leclercdrive.fr/image.ashx?id=2944735&use=l&cat=p&typeid=i","cat":312607},{"id":45319,"n":"Pineau blanc Charentes NRT  17% vol - 75cl","p":7.95,"u":"10,60 €/L","img":"https://fd13-photos.leclercdrive.fr/image.ashx?id=2953743&use=l&cat=p&typeid=i","cat":284913},{"id":45320,"n":"Pineau rosé Charentes NRT  17% vol - 75cl","p":8.99,"u":"11,99 €/L","img":"https://fd13-photos.leclercdrive.fr/image.ashx?id=2562123&use=l&cat=p&typeid=i","cat":284913},{"id":45339,"n":"Tartine sarrasin Céréal Bio Bio - 145g","p":1.49,"u":"10,28 €/KG","img":"https://fd13-photos.leclercdrive.fr/image.ashx?id=2810792&use=l&cat=p&typeid=i","cat":284479},{"id":45340,"n":"Tartine  Céréal Bio  Bio multicéréales - 145g","p":1.49,"u":"10,28 €/KG","img":"https://fd13-photos.leclercdrive.fr/image.ashx?id=2810795&use=l&cat=p&typeid=i","cat":284479},{"id":45351,"n":"Tartines bio Jardin Bio Sarrasin sans gluten - 150g","p":1.94,"u":"12,93 €/KG","img":"https://fd13-photos.leclercdrive.fr/image.ashx?id=2535547&use=l&cat=p&typeid=i","cat":318654},{"id":45354,"n":"Tartines bio Jardin Bio Châtaigne sans gluten - 150g","p":2.23,"u":"14,87 €/KG","img":"https://fd13-photos.leclercdrive.fr/image.ashx?id=2537649&use=l&cat=p&typeid=i","cat":318654},{"id":45355,"n":"Thé vert Bio Clipper Au Citron - 20 sachets - 35g","p":2.08,"u":"59,43 €/KG","img":"https://fd13-photos.leclercdrive.fr/image.ashx?id=2922089&use=l&cat=p&typeid=i","cat":293233},{"id":45372,"n":"Tomates pelées Jardin Bio  Bio Entières au jus - 240g","p":1.25,"u":"5,21 €/KG","img":"https://fd13-photos.leclercdrive.fr/image.ashx?id=2967911&use=l&cat=p&typeid=i","cat":288384},{"id":45415,"n":"Fromage Emmental Entremont Râpé  - 300g","p":3.34,"u":"11,13 €/KG","img":"https://fd13-photos.leclercdrive.fr/image.ashx?id=2983156&use=l&cat=p&typeid=i","cat":314035},{"id":45456,"n":"Chips Bio Village Bio Nature - 6x30g","p":2.99,"u":"16,61 €/KG","img":"https://fd13-photos.leclercdrive.fr/image.ashx?id=2838957&use=l&cat=p&typeid=i","cat":284447},{"id":45478,"n":"Nettoyant lave-vaisselle Visior 3x40g","p":2.9,"u":"24,17 €/KG","img":"https://fd13-photos.leclercdrive.fr/image.ashx?id=2742694&use=l&cat=p&typeid=i","cat":284657},{"id":45479,"n":"Nettoyant Dentamyl Appareils dentaires x36","p":2.0,"img":"https://fd13-photos.leclercdrive.fr/image.ashx?id=2486799&use=l&cat=p&typeid=i","cat":285158},{"id":45480,"n":"Nettoyant menthe Dentamyl Appareils dentaires x36","p":2.19,"img":"https://fd13-photos.leclercdrive.fr/image.ashx?id=2486802&use=l&cat=p&typeid=i","cat":285158},{"id":45483,"n":"Pastilles javel Clair Parfum Menthe x42 - 168g","p":1.44,"u":"8,57 €/KG","img":"https://fd13-photos.leclercdrive.fr/image.ashx?id=2631447&use=l&cat=p&typeid=i","cat":284661},{"id":45498,"n":"Sacs poubelle 30L Elembal Ultra resist - x20","p":3.25,"u":"0,16 €/P","img":"https://fd13-photos.leclercdrive.fr/image.ashx?id=2958729&use=l&cat=p&typeid=i","cat":285168},{"id":45499,"n":"Sacs poubelle 50L Elembal Ultra résist - x15","p":3.9,"u":"0,26 €/P","img":"https://fd13-photos.leclercdrive.fr/image.ashx?id=2958732&use=l&cat=p&typeid=i","cat":285168},{"id":45500,"n":"Sacs poubelle 100L Elembal Ultra résist - x10","p":3.73,"u":"0,37 €/P","img":"https://fd13-photos.leclercdrive.fr/image.ashx?id=2958735&use=l&cat=p&typeid=i","cat":285168},{"id":45541,"n":"Pizza l'Ovale Sodebo 3 fromages fondants - 200g","p":1.52,"u":"7,60 €/KG","img":"https://fd13-photos.leclercdrive.fr/image.ashx?id=2723644&use=l&cat=p&typeid=i","cat":333679},{"id":45636,"n":"Bouquet garni Ducros Epices à la provençale - 18g","p":1.55,"u":"86,11 €/KG","img":"https://fd13-photos.leclercdrive.fr/image.ashx?id=1715377&use=l&cat=p&typeid=i","cat":298297},{"id":45642,"n":"Ratatouille Cuisinée Cassegrain à la Provençale 185g","p":1.84,"u":"9,95 €/KG","img":"https://fd13-photos.leclercdrive.fr/image.ashx?id=2913007&use=l&cat=p&typeid=i","cat":312612},{"id":45666,"n":"Poulet blanc Volandrie 1.4kg","p":5.9,"u":"4,21 €/KG","img":"https://fd13-photos.leclercdrive.fr/image.ashx?id=2647892&use=l&cat=p&typeid=i","cat":284336},{"id":45708,"n":"Yaourt à boire Mini Yop Aromatisé Fraise - 8x100g","p":2.3,"u":"2,88 €/KG","img":"https://fd13-photos.leclercdrive.fr/image.ashx?id=2985159&use=l&cat=p&typeid=i","cat":284415},{"id":45710,"n":"Fromage Burger cheddar/emmental Président - 20 tranches - 340g","p":2.62,"u":"7,71 €/KG","img":"https://fd13-photos.leclercdrive.fr/image.ashx?id=2628239&use=l&cat=p&typeid=i","cat":314028},{"id":45712,"n":"Emmental râpé fondant Président 500g","p":4.85,"u":"9,70 €/KG","img":"https://fd13-photos.leclercdrive.fr/image.ashx?id=2489464&use=l&cat=p&typeid=i","cat":314035},{"id":45825,"n":"Brosse à dents pro Dentamyl Souple x2","p":0.72,"u":"0,36 €/P","img":"https://fd13-photos.leclercdrive.fr/image.ashx?id=2790979&use=l&cat=p&typeid=i","cat":284614},{"id":45870,"n":"Vinaigre ménager Clair 100% naturel - 1L","p":1.08,"u":"1,08 €/L","img":"https://fd13-photos.leclercdrive.fr/image.ashx?id=2779199&use=l&cat=p&typeid=i","cat":325365},{"id":45908,"n":"Biscuits fourrés Prince Chocolat - 3x300g","p":3.79,"u":"4,21 €/KG","img":"https://fd13-photos.leclercdrive.fr/image.ashx?id=3014641&use=l&cat=p&typeid=i","cat":284488},{"id":45910,"n":"Thon entier Petit Navire Huile de tournesol 3x160g","p":5.59,"u":"34,94 €/KG","img":"https://fd13-photos.leclercdrive.fr/image.ashx?id=2543987&use=l&cat=p&typeid=i","cat":303867},{"id":45965,"n":"Saucisses Knacki Herta Poulet x6 - 210g","p":1.63,"u":"7,76 €/KG","img":"https://fd13-photos.leclercdrive.fr/image.ashx?id=2290428&use=l&cat=p&typeid=i","cat":316012},{"id":46029,"n":"IGP Pays d'Oc blancSauvignon JP Chenet Colombard - BIB 3L","p":12.15,"u":"4,05 €/L","img":"https://fd13-photos.leclercdrive.fr/image.ashx?id=2941712&use=l&cat=p&typeid=i","cat":289557},{"id":46039,"n":"Oeufs plein air Matines Moyen - x12","p":3.44,"u":"0,29 €/P","img":"https://fd13-photos.leclercdrive.fr/image.ashx?id=2795746&use=l&cat=p&typeid=i","cat":284378},{"id":46043,"n":"Barre 2 chocolats Gerlinéa  Repas minceur x10, 310g","p":5.65,"u":"18,23 €/KG","img":"https://fd13-photos.leclercdrive.fr/image.ashx?id=2638181&use=l&cat=p&typeid=i","cat":318652},{"id":46044,"n":"Barre chocolat orange GERLINEA  Repas minceur x10, 310g","p":5.62,"u":"18,13 €/KG","img":"https://fd13-photos.leclercdrive.fr/image.ashx?id=2654752&use=l&cat=p&typeid=i","cat":318652},{"id":46047,"n":"Sirop d'érable  250g","p":3.3,"u":"13,20 €/KG","img":"https://fd13-photos.leclercdrive.fr/image.ashx?id=2480298&use=l&cat=p&typeid=i","cat":287643},{"id":46051,"n":"Menus chat Tous mes amis Viande menus gourmands 24x100g","p":6.95,"u":"2,90 €/KG","img":"https://fd13-photos.leclercdrive.fr/image.ashx?id=2027607&use=l&cat=p&typeid=i","cat":285286},{"id":46052,"n":"Gelée pour chat Tous mes amis Poisson menus gourmands 24x100g","p":6.95,"u":"2,90 €/KG","img":"https://fd13-photos.leclercdrive.fr/image.ashx?id=2027604&use=l&cat=p&typeid=i","cat":285286},{"id":46166,"n":"Crackers bio Bio Village 3 graines - 200g","p":2.69,"u":"13,45 €/KG","img":"https://fd13-photos.leclercdrive.fr/image.ashx?id=2310504&use=l&cat=p&typeid=i","cat":297000},{"id":46224,"n":"Friandises chien Pedigree Récompense bœuf fromage - 140g","p":1.72,"u":"12,29 €/KG","img":"https://fd13-photos.leclercdrive.fr/image.ashx?id=2256203&use=l&cat=p&typeid=i","cat":294527},{"id":46381,"n":"Fromage Emmenta Les Croisés En dés - 150g","p":1.89,"u":"12,60 €/KG","img":"https://fd13-photos.leclercdrive.fr/image.ashx?id=2422550&use=l&cat=p&typeid=i","cat":314027},{"id":46462,"n":"Mini coudes Turini 500g","p":0.99,"u":"1,98 €/KG","img":"https://fd13-photos.leclercdrive.fr/image.ashx?id=2607566&use=l&cat=p&typeid=i","cat":284427},{"id":46470,"n":"IGP Penne rigate Garofalo  - 500g","p":1.59,"u":"3,18 €/KG","img":"https://fd13-photos.leclercdrive.fr/image.ashx?id=3011893&use=l&cat=p&typeid=i","cat":284427},{"id":46471,"n":"IGP Pâte Garofalo  Linguine - 500g","p":1.89,"u":"3,78 €/KG","img":"https://fd13-photos.leclercdrive.fr/image.ashx?id=3005347&use=l&cat=p&typeid=i","cat":284427},{"id":46472,"n":"Pandoro Tradizioni D'italia 500g","p":5.99,"u":"11,98 €/KG","img":"https://fd13-photos.leclercdrive.fr/image.ashx?id=2743924&use=l&cat=p&typeid=i","cat":293600},{"id":46473,"n":"Rhum blanc Trois Rivières 40% vol - 70cl","p":14.03,"u":"20,04 €/L","img":"https://fd13-photos.leclercdrive.fr/image.ashx?id=2766334&use=l&cat=p&typeid=i","cat":284550},{"id":46487,"n":"Champagne Reine Marie Stuart  Brut - 75cl","p":20.9,"u":"27,87 €/L","img":"https://fd13-photos.leclercdrive.fr/image.ashx?id=1701598&use=l&cat=p&typeid=i","cat":284542},{"id":46498,"n":"Pomme de terre Bio Bio Village Four Potage - 1.5kg","p":2.99,"u":"1,99 €/KG","img":"https://fd13-photos.leclercdrive.fr/image.ashx?id=2959752&use=l&cat=p&typeid=i","cat":284352},{"id":46525,"n":"Brosse à dents pro Dentamyl Souple x1","p":1.32,"img":"https://fd13-photos.leclercdrive.fr/image.ashx?id=2790985&use=l&cat=p&typeid=i","cat":284614},{"id":46540,"n":"Croquette chat stérilisé Ultima Poulet - Sénior +10 ans - 1.5kg","p":6.96,"u":"4,64 €/KG","img":"https://fd13-photos.leclercdrive.fr/image.ashx?id=2922227&use=l&cat=p&typeid=i","cat":284680},{"id":46541,"n":"Croquette chat stérilisé Ultima Chat d'intérieur - Dinde -1.5kg","p":6.88,"u":"4,59 €/KG","img":"https://fd13-photos.leclercdrive.fr/image.ashx?id=2927009&use=l&cat=p&typeid=i","cat":284680},{"id":46547,"n":"Croquette chat stérilisé Ultima  Truite - Sensible - 1.5kg","p":6.95,"u":"4,63 €/KG","img":"https://fd13-photos.leclercdrive.fr/image.ashx?id=2937436&use=l&cat=p&typeid=i","cat":284680},{"id":46654,"n":"Bière blonde La Chouffe 33cl","p":2.27,"u":"6,88 €/L","img":"https://fd13-photos.leclercdrive.fr/image.ashx?id=2877073&use=l&cat=p&typeid=i","cat":334872},{"id":46667,"n":"Monster Munch Salé - 135g","p":1.31,"u":"9,70 €/KG","img":"https://fd13-photos.leclercdrive.fr/image.ashx?id=2996935&use=l&cat=p&typeid=i","cat":284449},{"id":46703,"n":"Spray désodorisant Airwick  Pure Douceur de Coton - 250ml","p":2.86,"u":"11,44 €/L","img":"https://fd13-photos.leclercdrive.fr/image.ashx?id=2858600&use=l&cat=p&typeid=i","cat":311626},{"id":46852,"n":"Dos de cabillaud MSC Delpierre 325g","p":11.52,"u":"35,45 €/KG","img":"https://fd13-photos.leclercdrive.fr/image.ashx?id=2958836&use=l&cat=p&typeid=i","cat":284342},{"id":46982,"n":"Cookies gros éclats Granola Chocolat - 276g","p":2.18,"u":"7,90 €/KG","img":"https://fd13-photos.leclercdrive.fr/image.ashx?id=3005335&use=l&cat=p&typeid=i","cat":325066},{"id":46984,"n":"Café et Chicorée Soluble Ricoré  Original Recharge - 180g","p":3.79,"u":"21,06 €/KG","img":"https://fd13-photos.leclercdrive.fr/image.ashx?id=2980112&use=l&cat=p&typeid=i","cat":284843},{"id":46990,"n":"Chocolat en poudre Nestlé Boîte - 500g","p":2.75,"u":"5,50 €/KG","img":"https://fd13-photos.leclercdrive.fr/image.ashx?id=2817335&use=l&cat=p&typeid=i","cat":293235},{"id":47127,"n":"Bière Red Desperados 5.9%vol. - 6x33cl","p":8.8,"u":"4,44 €/L","img":"https://fd13-photos.leclercdrive.fr/image.ashx?id=2766229&use=l&cat=p&typeid=i","cat":334878},{"id":47129,"n":"Vin Union Européenne rouge Cabernet Sauvignon - BIB 5L","p":14.47,"u":"2,89 €/L","img":"https://fd13-photos.leclercdrive.fr/image.ashx?id=2476491&use=l&cat=p&typeid=i","cat":289560},{"id":47132,"n":"IGP Pays d'Oc blanc Les Ormes De Cambras Sauvignon 12% BIB 5L","p":14.58,"u":"2,92 €/L","img":"https://fd13-photos.leclercdrive.fr/image.ashx?id=2192389&use=l&cat=p&typeid=i","cat":289557},{"id":47133,"n":"Boisson sans alcool D'Artigny Framboise  - 75cl","p":3.5,"u":"4,67 €/L","img":"https://fd13-photos.leclercdrive.fr/image.ashx?id=2854396&use=l&cat=p&typeid=i","cat":289460},{"id":47180,"n":"Gel douche enfant Tahiti Fruits exotiques - 300ml","p":1.92,"u":"6,40 €/L","img":"https://fd13-photos.leclercdrive.fr/image.ashx?id=2687332&use=l&cat=p&typeid=i","cat":284594},{"id":47181,"n":"Essuie-tout compact 3=9 Eco+ x3","p":2.27,"u":"0,76 €/P","img":"https://fd13-photos.leclercdrive.fr/image.ashx?id=2726688&use=l&cat=p&typeid=i","cat":284635},{"id":47253,"n":"Escalope de dinde Le Gaulois x6 - 720g","p":10.95,"u":"15,21 €/KG","img":"https://fd13-photos.leclercdrive.fr/image.ashx?id=2405506&use=l&cat=p&typeid=i","cat":284337},{"id":47254,"n":"Pâtes Coudes Rayés Turini 1kg","p":1.75,"u":"1,75 €/KG","img":"https://fd13-photos.leclercdrive.fr/image.ashx?id=2980809&use=l&cat=p&typeid=i","cat":284427},{"id":47255,"n":"Pâtes linguine Turini  500g","p":0.91,"u":"1,82 €/KG","img":"https://fd13-photos.leclercdrive.fr/image.ashx?id=2607554&use=l&cat=p&typeid=i","cat":284427},{"id":47256,"n":"Pâtes Farfalles Turini  1kg","p":1.2,"u":"1,20 €/KG","img":"https://fd13-photos.leclercdrive.fr/image.ashx?id=2665574&use=l&cat=p&typeid=i","cat":284427},{"id":47258,"n":"Pâtes coquillettes Turini Blé complet  - 500g","p":1.09,"u":"2,18 €/KG","img":"https://fd13-photos.leclercdrive.fr/image.ashx?id=2607563&use=l&cat=p&typeid=i","cat":284427},{"id":47359,"n":"Sandwich Mega Club Sodebo  Pain Complet Poulet Mayo - 230g","p":1.86,"u":"8,09 €/KG","img":"https://fd13-photos.leclercdrive.fr/image.ashx?id=2960156&use=l&cat=p&typeid=i","cat":333658},{"id":47360,"n":"Fromage à tartiner Madame Loïk Fouetté Ail Fines Herbes - 150g","p":1.78,"u":"11,87 €/KG","img":"https://fd13-photos.leclercdrive.fr/image.ashx?id=2948021&use=l&cat=p&typeid=i","cat":314029},{"id":47382,"n":"Vin Union Européenne rouge Cramoisay - BIB 5L","p":13.8,"u":"2,76 €/L","img":"https://fd13-photos.leclercdrive.fr/image.ashx?id=2943861&use=l&cat=p&typeid=i","cat":289560},{"id":47404,"n":"Eau gazeuse aromatisée Badoit citron sans sucres - 6x50cl","p":3.67,"u":"1,22 €/L","img":"https://fd13-photos.leclercdrive.fr/image.ashx?id=2730643&use=l&cat=p&typeid=i","cat":284536},{"id":47438,"n":"Chewing-gum Freedent White  Bubble menthe 5x10  - 70g","p":2.28,"u":"32,57 €/KG","img":"https://fd13-photos.leclercdrive.fr/image.ashx?id=1934997&use=l&cat=p&typeid=i","cat":304251},{"id":47470,"n":"Bouillon de poule Knorr x15 - 150g","p":1.19,"u":"7,93 €/KG","img":"https://fd13-photos.leclercdrive.fr/image.ashx?id=2940678&use=l&cat=p&typeid=i","cat":288379},{"id":47472,"n":"Bouillon herbe Knorr Huile d'olive puget x15 - 150g","p":1.2,"u":"8,00 €/KG","img":"https://fd13-photos.leclercdrive.fr/image.ashx?id=2940681&use=l&cat=p&typeid=i","cat":288379},{"id":47474,"n":"Thon entier Le Savoureux À l'huile d'olive - 2x160g","p":5.59,"u":"17,47 €/KG","img":"https://fd13-photos.leclercdrive.fr/image.ashx?id=2170520&use=l&cat=p&typeid=i","cat":303867},{"id":47494,"n":"Tablette chocolat au lait Milka Eclats de caramel Daim - 3x100g","p":4.17,"u":"13,90 €/KG","img":"https://fd13-photos.leclercdrive.fr/image.ashx?id=2617084&use=l&cat=p&typeid=i","cat":284497},{"id":47542,"n":"Starmint Haribo Sachet bonbons menthe - 200g","p":1.39,"u":"6,95 €/KG","img":"https://fd13-photos.leclercdrive.fr/image.ashx?id=2984889&use=l&cat=p&typeid=i","cat":304252},{"id":47543,"n":"Sucettes Chupa Chups Au fruits, sachet - 192g","p":2.2,"u":"11,46 €/KG","img":"https://fd13-photos.leclercdrive.fr/image.ashx?id=2647651&use=l&cat=p&typeid=i","cat":304252},{"id":47563,"n":"Macédoine de Légumes Bonduelle 265g","p":0.94,"u":"3,55 €/KG","img":"https://fd13-photos.leclercdrive.fr/image.ashx?id=2910007&use=l&cat=p&typeid=i","cat":312612},{"id":47592,"n":"Crêpe fourrée Whaou Cracky choco x8 - 256g","p":2.33,"u":"9,10 €/KG","img":"https://fd13-photos.leclercdrive.fr/image.ashx?id=2971029&use=l&cat=p&typeid=i","cat":284494},{"id":47593,"n":"Yaourts Mamie Nova Chocolat - 2x150g","p":1.31,"u":"4,37 €/KG","img":"https://fd13-photos.leclercdrive.fr/image.ashx?id=2909029&use=l&cat=p&typeid=i","cat":285041},{"id":47646,"n":"Pâtes Macaroni Panzani  3 Minutes - 500G","p":1.24,"u":"2,48 €/KG","img":"https://fd13-photos.leclercdrive.fr/image.ashx?id=2896081&use=l&cat=p&typeid=i","cat":284427},{"id":47657,"n":"Bâtonnets Dentastix Pedigree Grand chien x56 - 2160g","p":17.41,"u":"8,06 €/KG","img":"https://fd13-photos.leclercdrive.fr/image.ashx?id=2980064&use=l&cat=p&typeid=i","cat":294527},{"id":47658,"n":"Bâtonnets  Dentastix Pedigree Petit chien x56 - 880g","p":10.68,"u":"12,14 €/KG","img":"https://fd13-photos.leclercdrive.fr/image.ashx?id=2937787&use=l&cat=p&typeid=i","cat":294527},{"id":47675,"n":"Sardines Connétable Piment - 140g","p":1.58,"u":"11,29 €/KG","img":"https://fd13-photos.leclercdrive.fr/image.ashx?id=2807573&use=l&cat=p&typeid=i","cat":305146},{"id":47681,"n":"Sauce pizza Turini aux tomates et origan - 390g","p":0.99,"u":"2,54 €/KG","img":"https://fd13-photos.leclercdrive.fr/image.ashx?id=2412025&use=l&cat=p&typeid=i","cat":288384},{"id":47702,"n":"Sirop La Maison Guiot Violette - 70cl","p":3.11,"u":"4,44 €/L","img":"https://fd13-photos.leclercdrive.fr/image.ashx?id=2014832&use=l&cat=p&typeid=i","cat":295020},{"id":47722,"n":"Compotes Pom'Potes Gourdes  Pomme Nature - 12x90g","p":4.7,"u":"4,35 €/KG","img":"https://fd13-photos.leclercdrive.fr/image.ashx?id=2968082&use=l&cat=p&typeid=i","cat":284508},{"id":47724,"n":"Compotes Pom'Potes Gourdes  Sans sucres- 20x90g","p":7.73,"u":"4,29 €/KG","img":"https://fd13-photos.leclercdrive.fr/image.ashx?id=2883408&use=l&cat=p&typeid=i","cat":284508},{"id":47760,"n":"Gâteaux moelleux Milka Pépites de chocolat - 140g","p":1.92,"u":"13,71 €/KG","img":"https://fd13-photos.leclercdrive.fr/image.ashx?id=2192581&use=l&cat=p&typeid=i","cat":284495},{"id":47790,"n":"Crottin poitevin NRT Fromage de chèvre - 2x60g","p":3.1,"u":"25,83 €/KG","img":"https://fd13-photos.leclercdrive.fr/image.ashx?id=2932432&use=l&cat=p&typeid=i","cat":314031},{"id":47792,"n":"Perail NRT Fromage de brebis - 150g","p":2.81,"u":"18,73 €/KG","img":"https://fd13-photos.leclercdrive.fr/image.ashx?id=2265344&use=l&cat=p&typeid=i","cat":314031},{"id":47793,"n":"Cancoillotte aux noix NRT IGP 250g","p":2.09,"u":"8,36 €/KG","img":"https://fd13-photos.leclercdrive.fr/image.ashx?id=2663857&use=l&cat=p&typeid=i","cat":314037},{"id":47794,"n":"Fromage Tomme de Savoie NRT IGP 300g","p":4.29,"u":"14,30 €/KG","img":"https://fd13-photos.leclercdrive.fr/image.ashx?id=2934835&use=l&cat=p&typeid=i","cat":329184},{"id":47795,"n":"Papier toilette humide Lotus Aloe Douceur - x42 feuilles","p":1.78,"u":"0,04 €/P","img":"https://fd13-photos.leclercdrive.fr/image.ashx?id=2864840&use=l&cat=p&typeid=i","cat":284634},{"id":47796,"n":"Papier toilette humide Lotus Pure - x42 feuilles","p":1.65,"u":"0,04 €/P","img":"https://fd13-photos.leclercdrive.fr/image.ashx?id=2866070&use=l&cat=p&typeid=i","cat":284634},{"id":47841,"n":"Crème glacée l'Angélys Café - 450g","p":5.22,"u":"11,60 €/KG","img":"https://fd13-photos.leclercdrive.fr/image.ashx?id=2963568&use=l&cat=p&typeid=i","cat":284263},{"id":47842,"n":"Crème glacée L'Angélys Rhum Raisins - 500g","p":5.78,"u":"11,56 €/KG","img":"https://fd13-photos.leclercdrive.fr/image.ashx?id=2963577&use=l&cat=p&typeid=i","cat":284263},{"id":47843,"n":"Cordon bleu poulet Maître Coq 1kg","p":6.31,"u":"6,31 €/KG","img":"https://fd13-photos.leclercdrive.fr/image.ashx?id=2939475&use=l&cat=p&typeid=i","cat":319780},{"id":47864,"n":"Apéritif rouge Lillet 17%vol - 75 cl","p":11.25,"u":"15,00 €/L","img":"https://fd13-photos.leclercdrive.fr/image.ashx?id=2877712&use=l&cat=p&typeid=i","cat":284913},{"id":47865,"n":"Apéritif Lillet Rosé à base de vin 17% vol 75cl","p":12.59,"u":"16,79 €/L","img":"https://fd13-photos.leclercdrive.fr/image.ashx?id=2946493&use=l&cat=p&typeid=i","cat":304569},{"id":47866,"n":"Apéritif Lillet Blanc à base de vin 17% vol 75cl","p":12.57,"u":"16,76 €/L","img":"https://fd13-photos.leclercdrive.fr/image.ashx?id=2998922&use=l&cat=p&typeid=i","cat":304569},{"id":47933,"n":"Moules Fumeries Occitanes Marinières - 600g","p":5.35,"u":"8,92 €/KG","img":"https://fd13-photos.leclercdrive.fr/image.ashx?id=2944816&use=l&cat=p&typeid=i","cat":285340},{"id":47936,"n":"Saumon fumé de  l'atlantique   200g","p":5.99,"u":"29,95 €/KG","img":"https://fd13-photos.leclercdrive.fr/image.ashx?id=2506137&use=l&cat=p&typeid=i","cat":285188},{"id":48007,"n":"Vin mousseux de France Kriter blanc Demi-sec - 75cl","p":4.85,"u":"6,47 €/L","img":"https://fd13-photos.leclercdrive.fr/image.ashx?id=2840871&use=l&cat=p&typeid=i","cat":284544},{"id":48055,"n":"Hachis parmentier Marie  1kg","p":5.93,"u":"5,93 €/KG","img":"https://fd13-photos.leclercdrive.fr/image.ashx?id=2993385&use=l&cat=p&typeid=i","cat":284254},{"id":48079,"n":"Vinaigre de Cidre MAILLE au jus de pomme concentré 50cl","p":2.21,"u":"4,42 €/L","img":"https://fd13-photos.leclercdrive.fr/image.ashx?id=2945421&use=l&cat=p&typeid=i","cat":298543},{"id":48104,"n":"Sardines Parmentier Huile d'olive/hyacinte - 232g","p":3.13,"u":"13,49 €/KG","img":"https://fd13-photos.leclercdrive.fr/image.ashx?id=2826519&use=l&cat=p&typeid=i","cat":305146},{"id":48107,"n":"Thon mariné Petit Navire Citron/thym - 110g","p":2.18,"u":"19,82 €/KG","img":"https://fd13-photos.leclercdrive.fr/image.ashx?id=2986122&use=l&cat=p&typeid=i","cat":303867},{"id":48113,"n":"Thym Ducros Flacon - 14g","p":1.67,"u":"119,29 €/KG","img":"https://fd13-photos.leclercdrive.fr/image.ashx?id=2983210&use=l&cat=p&typeid=i","cat":298297},{"id":48114,"n":"Persil Ducros 5g","p":1.46,"u":"292,00 €/KG","img":"https://fd13-photos.leclercdrive.fr/image.ashx?id=2490503&use=l&cat=p&typeid=i","cat":298297},{"id":48118,"n":"Whisky Glenmorangie Original 10ans - 40%vol - 70cl","p":31.56,"u":"45,09 €/L","img":"https://fd13-photos.leclercdrive.fr/image.ashx?id=2525408&use=l&cat=p&typeid=i","cat":284547},{"id":48123,"n":"IGP Pâte Radiatori Garofalo Festives - 500g","p":2.4,"u":"4,80 €/KG","img":"https://fd13-photos.leclercdrive.fr/image.ashx?id=2994560&use=l&cat=p&typeid=i","cat":284427},{"id":48164,"n":"Barres céréales Extra Kellogg's Chocolat et Amande - 4x32g","p":2.83,"u":"22,11 €/KG","img":"https://fd13-photos.leclercdrive.fr/image.ashx?id=2736601&use=l&cat=p&typeid=i","cat":285869},{"id":48167,"n":"Dosettes café Plantation  Doux - x36 - 250g","p":3.83,"u":"15,32 €/KG","img":"https://fd13-photos.leclercdrive.fr/image.ashx?id=2622121&use=l&cat=p&typeid=i","cat":293238},{"id":48200,"n":"Rillettes de poulet rôti Bordeau Chesnel - 220g","p":2.35,"u":"10,68 €/KG","img":"https://fd13-photos.leclercdrive.fr/image.ashx?id=2855046&use=l&cat=p&typeid=i","cat":316008},{"id":48226,"n":"Petit Pois, Carotte Cassegrain Tendres et Fondants 130g","p":1.24,"u":"9,54 €/KG","img":"https://fd13-photos.leclercdrive.fr/image.ashx?id=2912977&use=l&cat=p&typeid=i","cat":312607},{"id":48254,"n":"Filets de maquereaux Saupiquet Natures - Grillés - 120g","p":2.15,"u":"17,92 €/KG","img":"https://fd13-photos.leclercdrive.fr/image.ashx?id=2873868&use=l&cat=p&typeid=i","cat":303868},{"id":48255,"n":"Recharge EasyWax Expert Veet Bras Jambes Peaux Normales 50ml","p":5.94,"u":"118,80 €/L","img":"https://fd13-photos.leclercdrive.fr/image.ashx?id=2970789&use=l&cat=p&typeid=i","cat":325351},{"id":48258,"n":"Croquettes chat Ultima Stérilisé - Saumon - 3kg","p":11.32,"u":"3,77 €/KG","img":"https://fd13-photos.leclercdrive.fr/image.ashx?id=2922221&use=l&cat=p&typeid=i","cat":284680},{"id":48267,"n":"Rhum ambré Saint James 45%vol - 70cl","p":14.96,"u":"21,37 €/L","img":"https://fd13-photos.leclercdrive.fr/image.ashx?id=2970945&use=l&cat=p&typeid=i","cat":284550},{"id":48268,"n":"Gin Gordon's 37.5%vol - 70cl","p":14.3,"u":"20,43 €/L","img":"https://fd13-photos.leclercdrive.fr/image.ashx?id=2736388&use=l&cat=p&typeid=i","cat":284550},{"id":48272,"n":"Liqueur de menthe Get 31 24° - 70cl","p":14.33,"u":"20,47 €/L","img":"https://fd13-photos.leclercdrive.fr/image.ashx?id=2840497&use=l&cat=p&typeid=i","cat":286032},{"id":48277,"n":"Coloration cheveux Kit Racines Schwarzkopf - R1 châtain clair","p":4.47,"img":"https://fd13-photos.leclercdrive.fr/image.ashx?id=2817482&use=l&cat=p&typeid=i","cat":288899},{"id":48306,"n":"IGP Pays d'Oc rosé Grenache Les Ormes de Cambras 11.5% 75cl","p":3.15,"u":"4,20 €/L","img":"https://fd13-photos.leclercdrive.fr/image.ashx?id=2285234&use=l&cat=p&typeid=i","cat":289558},{"id":48307,"n":"IGP Pays d'Oc rosé Grenache Les Ormes de Cambras - BIB 5L","p":15.38,"u":"3,08 €/L","img":"https://fd13-photos.leclercdrive.fr/image.ashx?id=2489458&use=l&cat=p&typeid=i","cat":289560},{"id":48310,"n":"Concentré à diluer Pulco Citron vert - 70cl","p":2.55,"u":"3,64 €/L","img":"https://fd13-photos.leclercdrive.fr/image.ashx?id=2686630&use=l&cat=p&typeid=i","cat":295020},{"id":48311,"n":"Concentré à diluer Pulco Orange Citron - 70cl","p":2.65,"u":"3,79 €/L","img":"https://fd13-photos.leclercdrive.fr/image.ashx?id=2686633&use=l&cat=p&typeid=i","cat":295020},{"id":48339,"n":"Chocolat au lait Lindt  Praliné Noisette - 100g","p":2.03,"u":"20,30 €/KG","img":"https://fd13-photos.leclercdrive.fr/image.ashx?id=2751321&use=l&cat=p&typeid=i","cat":284497},{"id":48348,"n":"Chocolat au lait Lindt Création Caramel - 150g","p":3.25,"u":"21,67 €/KG","img":"https://fd13-photos.leclercdrive.fr/image.ashx?id=2685814&use=l&cat=p&typeid=i","cat":284497},{"id":48353,"n":"Tablette de chocolat noir Lindt 70% cacao - 100g","p":2.25,"u":"22,50 €/KG","img":"https://fd13-photos.leclercdrive.fr/image.ashx?id=2681592&use=l&cat=p&typeid=i","cat":284956},{"id":48355,"n":"Tablette de chocolat noir Lindt Caramel Pointe de sel - 100g","p":2.27,"u":"22,70 €/KG","img":"https://fd13-photos.leclercdrive.fr/image.ashx?id=2689493&use=l&cat=p&typeid=i","cat":284956},{"id":48376,"n":"Café moulu Velours Noir 100% Arabica - 2x250g","p":9.23,"u":"18,46 €/KG","img":"https://fd13-photos.leclercdrive.fr/image.ashx?id=2229299&use=l&cat=p&typeid=i","cat":284750},{"id":48383,"n":"Gel Lubrifiant Massage 2 en 1 Durex Sensuel Ylang Ylang 200ml","p":6.95,"u":"34,75 €/L","img":"https://fd13-photos.leclercdrive.fr/image.ashx?id=2736562&use=l&cat=p&typeid=i","cat":285160},{"id":48419,"n":"AOP Alsace Riesling blanc Wolfberger - 75cl","p":7.05,"u":"9,40 €/L","img":"https://fd13-photos.leclercdrive.fr/image.ashx?id=2905357&use=l&cat=p&typeid=i","cat":289557},{"id":48504,"n":"Faux filet *** Charal  x1 - 200g","p":6.82,"u":"34,10 €/KG","img":"https://fd13-photos.leclercdrive.fr/image.ashx?id=1893008&use=l&cat=p&typeid=i","cat":284328},{"id":48508,"n":"Ketchup AMORA Flacon Souple - 550g","p":1.12,"u":"2,04 €/KG","img":"https://fd13-photos.leclercdrive.fr/image.ashx?id=2766649&use=l&cat=p&typeid=i","cat":284455},{"id":48520,"n":"Epices Sainte Lucie Poulet tandoori - 30g","p":2.19,"u":"73,00 €/KG","img":"https://fd13-photos.leclercdrive.fr/image.ashx?id=1952045&use=l&cat=p&typeid=i","cat":298297},{"id":48525,"n":"Tomato Ketchup Heinz - 700g","p":2.69,"u":"3,84 €/KG","img":"https://fd13-photos.leclercdrive.fr/image.ashx?id=2729326&use=l&cat=p&typeid=i","cat":284455},{"id":48546,"n":"Goûter laitier Récré O'Lé  ChocoVanille, Caramel -12x85g","p":5.45,"u":"5,34 €/KG","img":"https://fd13-photos.leclercdrive.fr/image.ashx?id=3011611&use=l&cat=p&typeid=i","cat":284506},{"id":48589,"n":"Lait bébé poudre Gallia Calisma croissance Dès 12 mois 1,2kg","p":15.15,"u":"12,63 €/KG","img":"https://fd13-photos.leclercdrive.fr/image.ashx?id=2973553&use=l&cat=p&typeid=i","cat":290219},{"id":48603,"n":"Farine de blé Francine 1,4kg","p":1.54,"u":"1,10 €/KG","img":"https://fd13-photos.leclercdrive.fr/image.ashx?id=2881308&use=l&cat=p&typeid=i","cat":284503},{"id":48604,"n":"Farine fluide Francine 1.4kg","p":1.61,"u":"1,15 €/KG","img":"https://fd13-photos.leclercdrive.fr/image.ashx?id=2881305&use=l&cat=p&typeid=i","cat":284503},{"id":48633,"n":"Boisson gourmande PAGO Fraise 75cl","p":1.51,"u":"2,01 €/L","img":"https://fd13-photos.leclercdrive.fr/image.ashx?id=2954007&use=l&cat=p&typeid=i","cat":284915},{"id":48646,"n":"Soda à l'orange Orangina Sans Sucres - 6x33cl","p":3.61,"u":"1,82 €/L","img":"https://fd13-photos.leclercdrive.fr/image.ashx?id=2946931&use=l&cat=p&typeid=i","cat":284532},{"id":48697,"n":"Sachet chat Purina One Sterillcat - 8x85g","p":3.91,"u":"5,75 €/KG","img":"https://fd13-photos.leclercdrive.fr/image.ashx?id=2899695&use=l&cat=p&typeid=i","cat":285286},{"id":48698,"n":"Croquettes chat Purina One Stérilisé/Intérieur-Poulet1.5kg","p":7.67,"u":"5,11 €/KG","img":"https://fd13-photos.leclercdrive.fr/image.ashx?id=2681257&use=l&cat=p&typeid=i","cat":284680},{"id":48704,"n":"Boîte chat Whiskas Gelée du pêcheur - 4x390g","p":4.61,"u":"2,96 €/KG","img":"https://fd13-photos.leclercdrive.fr/image.ashx?id=2759622&use=l&cat=p&typeid=i","cat":285601},{"id":48717,"n":"Barquettes chats Gourmet Gold Les mousselines - 24x85g","p":10.81,"u":"5,30 €/KG","img":"https://fd13-photos.leclercdrive.fr/image.ashx?id=2861500&use=l&cat=p&typeid=i","cat":285286},{"id":48720,"n":"Poêlée parisienne D'aucy  580g","p":3.2,"u":"5,52 €/KG","img":"https://fd13-photos.leclercdrive.fr/image.ashx?id=2835256&use=l&cat=p&typeid=i","cat":312612},{"id":48725,"n":"Légumes pour Couscous D'Aucy Orientale - 800g","p":1.75,"u":"2,19 €/KG","img":"https://fd13-photos.leclercdrive.fr/image.ashx?id=2577800&use=l&cat=p&typeid=i","cat":312612},{"id":48744,"n":"Pulpe de  tomate Turini  Nature - 390g","p":1.59,"u":"4,08 €/KG","img":"https://fd13-photos.leclercdrive.fr/image.ashx?id=2181810&use=l&cat=p&typeid=i","cat":288384},{"id":48745,"n":"Chocolat Pâtissier Nestlé Dessert Lait - 170g","p":3.01,"u":"17,71 €/KG","img":"https://fd13-photos.leclercdrive.fr/image.ashx?id=2961242&use=l&cat=p&typeid=i","cat":285562},{"id":48777,"n":"Confiture Confipote allégée en  Sucres - Pot Fraise - 350g","p":1.74,"u":"4,97 €/KG","img":"https://fd13-photos.leclercdrive.fr/image.ashx?id=2388436&use=l&cat=p&typeid=i","cat":284480},{"id":48807,"n":"Tartines bio Jardin Bio  Craquantes avoine - 150g","p":1.99,"u":"13,27 €/KG","img":"https://fd13-photos.leclercdrive.fr/image.ashx?id=2849187&use=l&cat=p&typeid=i","cat":318654},{"id":48809,"n":"Tartines bio Jardin Bio Craquantes au sarrasin - 300g","p":3.76,"u":"12,53 €/KG","img":"https://fd13-photos.leclercdrive.fr/image.ashx?id=2535562&use=l&cat=p&typeid=i","cat":284479},{"id":48812,"n":"Masque Nuti-extrême Dessange Cheveux très secs - 250ml","p":5.64,"u":"22,56 €/L","img":"https://fd13-photos.leclercdrive.fr/image.ashx?id=2819400&use=l&cat=p&typeid=i","cat":284608},{"id":48823,"n":"Haché Végétal bio Céréal Bio Façon Bolognaise au Soja 250g","p":2.67,"u":"10,68 €/KG","img":"https://fd13-photos.leclercdrive.fr/image.ashx?id=2575090&use=l&cat=p&typeid=i","cat":287600},{"id":48839,"n":"Lait concentré Régilait Non sucré, demi écrémé - 410g","p":1.49,"u":"3,63 €/KG","img":"https://fd13-photos.leclercdrive.fr/image.ashx?id=2405863&use=l&cat=p&typeid=i","cat":299162},{"id":48843,"n":"Préparation gâteau Nestlé Fondant chocolat - 317g","p":3.75,"u":"11,83 €/KG","img":"https://fd13-photos.leclercdrive.fr/image.ashx?id=2848379&use=l&cat=p&typeid=i","cat":284505},{"id":48844,"n":"Préparation gâteau Nestlé Moelleux chocolat - 344g","p":3.97,"u":"11,54 €/KG","img":"https://fd13-photos.leclercdrive.fr/image.ashx?id=2848376&use=l&cat=p&typeid=i","cat":284505},{"id":48846,"n":"Purée tomate bio Jardin Bio 200g","p":0.79,"u":"3,95 €/KG","img":"https://fd13-photos.leclercdrive.fr/image.ashx?id=2535034&use=l&cat=p&typeid=i","cat":288384},{"id":48870,"n":"Infusion bio Jardin Bio Thym de France x20 - 28g","p":2.42,"u":"86,43 €/KG","img":"https://fd13-photos.leclercdrive.fr/image.ashx?id=2792840&use=l&cat=p&typeid=i","cat":293234},{"id":48879,"n":"Purée de piment Tables du Monde - 100g","p":1.19,"u":"11,90 €/KG","img":"https://fd13-photos.leclercdrive.fr/image.ashx?id=2679744&use=l&cat=p&typeid=i","cat":288992},{"id":48890,"n":"Pâtes De Cecco  Fusilli n°34 - 500g","p":1.59,"u":"3,18 €/KG","img":"https://fd13-photos.leclercdrive.fr/image.ashx?id=3004441&use=l&cat=p&typeid=i","cat":284427},{"id":48891,"n":"Pâtes De Cecco Penne rigate n°41 - 500g","p":1.59,"u":"3,18 €/KG","img":"https://fd13-photos.leclercdrive.fr/image.ashx?id=3005359&use=l&cat=p&typeid=i","cat":284427},{"id":49018,"n":"Beurre Moulé Paysan Breton Sel de guérande - 80% MG - 250g","p":3.35,"u":"13,40 €/KG","img":"https://fd13-photos.leclercdrive.fr/image.ashx?id=2869035&use=l&cat=p&typeid=i","cat":284379},{"id":49070,"n":"Préparation gâteau Nestlé Coeur fondant - 305g","p":3.84,"u":"12,59 €/KG","img":"https://fd13-photos.leclercdrive.fr/image.ashx?id=2848385&use=l&cat=p&typeid=i","cat":284505},{"id":49077,"n":"Biscuit P'tit Deli  Chocolat lait - 150g","p":1.58,"u":"10,53 €/KG","img":"https://fd13-photos.leclercdrive.fr/image.ashx?id=2529605&use=l&cat=p&typeid=i","cat":284488},{"id":49079,"n":"Petites madeleines P'tit Deli  Pépites de chocolat - 400g","p":1.69,"u":"4,23 €/KG","img":"https://fd13-photos.leclercdrive.fr/image.ashx?id=2999511&use=l&cat=p&typeid=i","cat":284492},{"id":49131,"n":"Gin Bombay Sapphire 40° - 70cl","p":22.34,"u":"31,91 €/L","img":"https://fd13-photos.leclercdrive.fr/image.ashx?id=2842879&use=l&cat=p&typeid=i","cat":284550},{"id":49249,"n":"Gousse de vanille Bio Vahiné Madagascar Grand cru - 3g","p":4.62,"img":"https://fd13-photos.leclercdrive.fr/image.ashx?id=2559826&use=l&cat=p&typeid=i","cat":284504},{"id":49254,"n":"Gelifiant Vahiné Agar Agar - 8g","p":2.29,"u":"286,25 €/KG","img":"https://fd13-photos.leclercdrive.fr/image.ashx?id=2833342&use=l&cat=p&typeid=i","cat":284504},{"id":49268,"n":"Poisson MSC bébé Yooji Saumon - Dès 6 mois - 120g","p":5.19,"u":"43,25 €/KG","img":"https://fd13-photos.leclercdrive.fr/image.ashx?id=2530678&use=l&cat=p&typeid=i","cat":290631},{"id":49269,"n":"Viande bébé Bio Yooji Poulet - Dès 6 mois - 120g","p":4.56,"u":"38,00 €/KG","img":"https://fd13-photos.leclercdrive.fr/image.ashx?id=2583626&use=l&cat=p&typeid=i","cat":290631},{"id":49296,"n":"Barre Chocolat au Lait Lion x10 barres - 420g","p":3.74,"u":"8,90 €/KG","img":"https://fd13-photos.leclercdrive.fr/image.ashx?id=2736988&use=l&cat=p&typeid=i","cat":284498},{"id":49298,"n":"Biscuits croquant Nutella &Go! Pâte à tartiner x2 packs - 104g","p":2.22,"u":"21,35 €/KG","img":"https://fd13-photos.leclercdrive.fr/image.ashx?id=2737240&use=l&cat=p&typeid=i","cat":284488},{"id":49306,"n":"Gel anti-calcaire Calgon  Hygiène Plus - 2,25L","p":15.09,"u":"6,71 €/L","img":"https://fd13-photos.leclercdrive.fr/image.ashx?id=2953764&use=l&cat=p&typeid=i","cat":284653},{"id":49340,"n":"Cornichons Eco+ Au vinaigre - 190g","p":0.88,"u":"4,63 €/KG","img":"https://fd13-photos.leclercdrive.fr/image.ashx?id=2974711&use=l&cat=p&typeid=i","cat":284458},{"id":49342,"n":"Moutarde Eco+ Forte au vinaigre - 850g","p":1.66,"u":"1,95 €/KG","img":"https://fd13-photos.leclercdrive.fr/image.ashx?id=2954325&use=l&cat=p&typeid=i","cat":288850},{"id":49346,"n":"Mini cornichons Jardin D'Orant Au condiment balsamique - 185g","p":2.14,"u":"11,57 €/KG","img":"https://fd13-photos.leclercdrive.fr/image.ashx?id=2918688&use=l&cat=p&typeid=i","cat":284458},{"id":49349,"n":"Petit croquant Kühne Aigre doux - 360g","p":3.53,"u":"9,81 €/KG","img":"https://fd13-photos.leclercdrive.fr/image.ashx?id=2551036&use=l&cat=p&typeid=i","cat":284458},{"id":49354,"n":"Olives Noires Grecques Tramier  Dénoyautées 220g","p":2.64,"u":"26,40 €/KG","img":"https://fd13-photos.leclercdrive.fr/image.ashx?id=2836340&use=l&cat=p&typeid=i","cat":284450},{"id":49401,"n":"Matière grasse Primevere Bio à tartiner - 55% MG - 250g","p":2.48,"u":"9,92 €/KG","img":"https://fd13-photos.leclercdrive.fr/image.ashx?id=2928456&use=l&cat=p&typeid=i","cat":315229},{"id":49454,"n":"Harissa Phare Du Cap Bon 810g","p":2.72,"u":"3,36 €/KG","img":"https://fd13-photos.leclercdrive.fr/image.ashx?id=2237355&use=l&cat=p&typeid=i","cat":298298},{"id":49494,"n":"Snack soufflés bacon Tokapi Lot - 4x85g","p":2.72,"u":"8,00 €/KG","img":"https://fd13-photos.leclercdrive.fr/image.ashx?id=2691384&use=l&cat=p&typeid=i","cat":284449},{"id":49495,"n":"Soufflés Tornades Tokapi Fromage- 4x85g","p":2.88,"u":"8,47 €/KG","img":"https://fd13-photos.leclercdrive.fr/image.ashx?id=2691393&use=l&cat=p&typeid=i","cat":284449},{"id":49496,"n":"Soufflés  Tokapi Nature - 4x85g","p":2.76,"u":"8,12 €/KG","img":"https://fd13-photos.leclercdrive.fr/image.ashx?id=2691387&use=l&cat=p&typeid=i","cat":284449},{"id":49553,"n":"Bière Licorne Black 6%vol - 3x33cl","p":3.32,"u":"3,35 €/L","img":"https://fd13-photos.leclercdrive.fr/image.ashx?id=2853617&use=l&cat=p&typeid=i","cat":334852},{"id":49561,"n":"Gel Douche 5en1 Men Expert Pure carbon - 300ml","p":3.09,"u":"10,30 €/L","img":"https://fd13-photos.leclercdrive.fr/image.ashx?id=1603553&use=l&cat=p&typeid=i","cat":284619},{"id":49596,"n":"Café dosettes Tassimo L'Or Espresso Décaféiné x16","p":4.88,"u":"46,04 €/KG","img":"https://fd13-photos.leclercdrive.fr/image.ashx?id=2662090&use=l&cat=p&typeid=i","cat":293240},{"id":49624,"n":"Vin Union Européenne rosé Champlure - BIB 5L","p":13.8,"u":"2,76 €/L","img":"https://fd13-photos.leclercdrive.fr/image.ashx?id=2552523&use=l&cat=p&typeid=i","cat":289560},{"id":49636,"n":"Biscuits Baiocchi Mulino Bianco Chocolat noisette Snack - 336g","p":2.68,"u":"7,98 €/KG","img":"https://fd13-photos.leclercdrive.fr/image.ashx?id=2787962&use=l&cat=p&typeid=i","cat":284488},{"id":49639,"n":"Haricots verts Rochefontaine Extra-fins - 345g","p":3.65,"u":"10,58 €/KG","img":"https://fd13-photos.leclercdrive.fr/image.ashx?id=2101459&use=l&cat=p&typeid=i","cat":312606},{"id":49649,"n":"Sauce Tomate Cuisinée Heinz Ail & Oignon x2 - 210g","p":1.52,"u":"3,62 €/KG","img":"https://fd13-photos.leclercdrive.fr/image.ashx?id=2926990&use=l&cat=p&typeid=i","cat":288384},{"id":49653,"n":"Chapelure dorée Tipiak 250g","p":0.69,"u":"2,76 €/KG","img":"https://fd13-photos.leclercdrive.fr/image.ashx?id=2563490&use=l&cat=p&typeid=i","cat":288382},{"id":49664,"n":"Farine complète Francine Boîte - 1kg","p":1.94,"u":"1,94 €/KG","img":"https://fd13-photos.leclercdrive.fr/image.ashx?id=2018898&use=l&cat=p&typeid=i","cat":284503},{"id":49681,"n":"Yaourt La Laitière Nature - 4x125g","p":1.79,"u":"3,58 €/KG","img":"https://fd13-photos.leclercdrive.fr/image.ashx?id=3007978&use=l&cat=p&typeid=i","cat":284409},{"id":49682,"n":"Yaourt La Laitière Vanille - 4x125g","p":1.94,"u":"3,88 €/KG","img":"https://fd13-photos.leclercdrive.fr/image.ashx?id=2650393&use=l&cat=p&typeid=i","cat":286006},{"id":49684,"n":"Yaourts La Laitière Nature - 8x125g","p":2.92,"u":"23,36 €/KG","img":"https://fd13-photos.leclercdrive.fr/image.ashx?id=2679509&use=l&cat=p&typeid=i","cat":284409},{"id":49704,"n":"Yaourts fruits Savoie Yaourt Fruits de saisons - 6x125g","p":2.69,"u":"3,59 €/KG","img":"https://fd13-photos.leclercdrive.fr/image.ashx?id=2504743&use=l&cat=p&typeid=i","cat":284410},{"id":49781,"n":"Vinaigrette huile d'olive Puget Balsamique Tomates séchées-33cl","p":2.39,"u":"7,24 €/L","img":"https://fd13-photos.leclercdrive.fr/image.ashx?id=2183552&use=l&cat=p&typeid=i","cat":284456},{"id":49798,"n":"Nectar Goyave Caraibos Sans alcool - 75cl","p":2.2,"u":"2,93 €/L","img":"https://fd13-photos.leclercdrive.fr/image.ashx?id=3011281&use=l&cat=p&typeid=i","cat":284916},{"id":49799,"n":"Nectar Mangue Caraibos Sans alcool - 75cl","p":2.13,"u":"2,84 €/L","img":"https://fd13-photos.leclercdrive.fr/image.ashx?id=3011278&use=l&cat=p&typeid=i","cat":284916},{"id":49800,"n":"Chorizo doux César Moroni   200g","p":2.8,"u":"14,00 €/KG","img":"https://fd13-photos.leclercdrive.fr/image.ashx?id=2854420&use=l&cat=p&typeid=i","cat":316006},{"id":49806,"n":"Planteur des îles Caraibos Sans alcool - 75cl","p":2.34,"u":"3,12 €/L","img":"https://fd13-photos.leclercdrive.fr/image.ashx?id=3011290&use=l&cat=p&typeid=i","cat":284916},{"id":49825,"n":"Croco Pik Haribo  Sachet bonbons acidulés - 275g","p":1.7,"u":"6,18 €/KG","img":"https://fd13-photos.leclercdrive.fr/image.ashx?id=2802350&use=l&cat=p&typeid=i","cat":304250},{"id":49828,"n":"Happy Life Haribo Sachet bonbons - 275g","p":1.52,"u":"5,53 €/KG","img":"https://fd13-photos.leclercdrive.fr/image.ashx?id=2803577&use=l&cat=p&typeid=i","cat":304250},{"id":49832,"n":"Dragibus Pik Haribo Sachet bonbons - 230g","p":1.89,"u":"8,22 €/KG","img":"https://fd13-photos.leclercdrive.fr/image.ashx?id=2984907&use=l&cat=p&typeid=i","cat":304250},{"id":49834,"n":"Bonbons LUTTI BestFizz Assortiment Piquant - 550g","p":3.8,"u":"6,91 €/KG","img":"https://fd13-photos.leclercdrive.fr/image.ashx?id=2815022&use=l&cat=p&typeid=i","cat":304250},{"id":49845,"n":"Jus multifruits Jafaden Brique, ABC - 2L","p":2.65,"u":"1,33 €/L","img":"https://fd13-photos.leclercdrive.fr/image.ashx?id=2759220&use=l&cat=p&typeid=i","cat":284917},{"id":49851,"n":"Limonade Sprink's 1.5L","p":0.95,"u":"0,63 €/L","img":"https://fd13-photos.leclercdrive.fr/image.ashx?id=2913721&use=l&cat=p&typeid=i","cat":284531},{"id":49852,"n":"Speck alto adige IGP Tradizioni d'Italia - 70g","p":1.95,"u":"27,86 €/KG","img":"https://fd13-photos.leclercdrive.fr/image.ashx?id=2925225&use=l&cat=p&typeid=i","cat":316007},{"id":49863,"n":"Pizza feu de bois  Turini  Saumon  - 420g","p":2.45,"u":"5,83 €/KG","img":"https://fd13-photos.leclercdrive.fr/image.ashx?id=2816579&use=l&cat=p&typeid=i","cat":284256},{"id":49865,"n":"Steak haché Authentique Charal Pur Bœuf 10% MG  8x125g - 1kg","p":16.02,"u":"16,02 €/KG","img":"https://fd13-photos.leclercdrive.fr/image.ashx?id=2741955&use=l&cat=p&typeid=i","cat":319778},{"id":49870,"n":"Protection Absorbante Tena Men  Médium - x10","p":4.46,"u":"0,45 €/P","img":"https://fd13-photos.leclercdrive.fr/image.ashx?id=2428573&use=l&cat=p&typeid=i","cat":291514},{"id":49872,"n":"Tampons Tampax Compak Pearl Super - x18","p":2.93,"u":"0,16 €/P","img":"https://fd13-photos.leclercdrive.fr/image.ashx?id=2956616&use=l&cat=p&typeid=i","cat":284626},{"id":49880,"n":"Boisson concentrée Frucci Menthe avec édulcorants - 75cl","p":2.39,"u":"3,19 €/L","img":"https://fd13-photos.leclercdrive.fr/image.ashx?id=2909903&use=l&cat=p&typeid=i","cat":295020},{"id":49881,"n":"Sirop Frucci Zero Grenadine avec edulcorants-75cl","p":2.49,"u":"3,32 €/L","img":"https://fd13-photos.leclercdrive.fr/image.ashx?id=2956110&use=l&cat=p&typeid=i","cat":295020},{"id":49883,"n":"Soda tonic Sprink's 1.5L","p":1.05,"u":"0,70 €/L","img":"https://fd13-photos.leclercdrive.fr/image.ashx?id=2954106&use=l&cat=p&typeid=i","cat":284531},{"id":49900,"n":"Feuilletés fromage fondu Eco+ 650g","p":1.61,"u":"2,48 €/KG","img":"https://fd13-photos.leclercdrive.fr/image.ashx?id=2079792&use=l&cat=p&typeid=i","cat":319776},{"id":49930,"n":"Yaourt douceur Le Petit Basque Brebis nature - 4x100g","p":2.85,"u":"7,13 €/KG","img":"https://fd13-photos.leclercdrive.fr/image.ashx?id=2248084&use=l&cat=p&typeid=i","cat":314998},{"id":49932,"n":"Fromage Pavé d'Affinois Original - 180g","p":2.67,"u":"14,83 €/KG","img":"https://fd13-photos.leclercdrive.fr/image.ashx?id=2644070&use=l&cat=p&typeid=i","cat":314030},{"id":49933,"n":"Fromage Pavé d'Affinois Mini Mix 5 variétés - 130g","p":2.69,"u":"20,69 €/KG","img":"https://fd13-photos.leclercdrive.fr/image.ashx?id=2644076&use=l&cat=p&typeid=i","cat":314030},{"id":49946,"n":"Pâte à tartiner Novi 200g","p":4.55,"u":"22,75 €/KG","img":"https://fd13-photos.leclercdrive.fr/image.ashx?id=2475113&use=l&cat=p&typeid=i","cat":284481},{"id":49954,"n":"Limonade Sprink's 6x50cl","p":4.92,"u":"1,64 €/L","img":"https://fd13-photos.leclercdrive.fr/image.ashx?id=2913718&use=l&cat=p&typeid=i","cat":284531},{"id":49956,"n":"Soda à l'orange Orangina Sans Sucres - 1,5L","p":1.75,"u":"1,17 €/L","img":"https://fd13-photos.leclercdrive.fr/image.ashx?id=2946496&use=l&cat=p&typeid=i","cat":284532},{"id":49957,"n":"Pâtes Barilla Spaghetti bio - 500g","p":1.79,"u":"3,58 €/KG","img":"https://fd13-photos.leclercdrive.fr/image.ashx?id=2578390&use=l&cat=p&typeid=i","cat":284427},{"id":49958,"n":"Café Moulu Carte Noire  Arabica Classique - 3x250g","p":16.3,"u":"21,73 €/KG","img":"https://fd13-photos.leclercdrive.fr/image.ashx?id=2869242&use=l&cat=p&typeid=i","cat":284750},{"id":49959,"n":"Café Moulu Carte Noire  Arabica Classique - 2x250g","p":11.5,"u":"23,00 €/KG","img":"https://fd13-photos.leclercdrive.fr/image.ashx?id=2868735&use=l&cat=p&typeid=i","cat":284750},{"id":49971,"n":"Frites Pom Bistro à la Graisse de Canard - 500g","p":3.44,"u":"6,88 €/KG","img":"https://fd13-photos.leclercdrive.fr/image.ashx?id=2866412&use=l&cat=p&typeid=i","cat":319791},{"id":49990,"n":"Tortillas fraiches 20cm x8 - 320g","p":2.46,"u":"7,69 €/KG","img":"https://fd13-photos.leclercdrive.fr/image.ashx?id=1553401&use=l&cat=p&typeid=i","cat":288993},{"id":50003,"n":"Café soluble Maxwell House Qualité Filtre - 20g","p":7.68,"u":"38,40 €/KG","img":"https://fd13-photos.leclercdrive.fr/image.ashx?id=1755025&use=l&cat=p&typeid=i","cat":284843},{"id":50004,"n":"Kit Crousti Fajitas Old El Paso extra doux - 521g","p":4.42,"u":"8,48 €/KG","img":"https://fd13-photos.leclercdrive.fr/image.ashx?id=2765402&use=l&cat=p&typeid=i","cat":288993},{"id":50018,"n":"Légumes grillés Florelli 280g","p":2.94,"u":"10,50 €/KG","img":"https://fd13-photos.leclercdrive.fr/image.ashx?id=2664199&use=l&cat=p&typeid=i","cat":289010},{"id":50052,"n":"Lait bébé en poudre Galliagest croissance Dès 12 mois 900g","p":13.64,"u":"15,16 €/KG","img":"https://fd13-photos.leclercdrive.fr/image.ashx?id=2616844&use=l&cat=p&typeid=i","cat":290219},{"id":50056,"n":"Feutres de coloriage Bic Kids co motif bulles - x18","p":3.98,"u":"0,22 €/P","img":"https://fd13-photos.leclercdrive.fr/image.ashx?id=2732788&use=l&cat=p&typeid=i","cat":284696},{"id":50057,"n":"Crayons de couleurs Bic Ecolution Kids - x18","p":3.25,"u":"0,18 €/P","img":"https://fd13-photos.leclercdrive.fr/image.ashx?id=2758541&use=l&cat=p&typeid=i","cat":284696},{"id":50058,"n":"Bloc correspondanc uni Esquisse 21x29cm - A4 - x50 feuilles","p":1.99,"img":"https://fd13-photos.leclercdrive.fr/image.ashx?id=1928746&use=l&cat=p&typeid=i","cat":284697},{"id":50083,"n":"Taboulé aux tomates  Garbit - 730g","p":2.76,"u":"3,78 €/KG","img":"https://fd13-photos.leclercdrive.fr/image.ashx?id=2901905&use=l&cat=p&typeid=i","cat":325094},{"id":50091,"n":"Lait de coco Kara - brique 200ml","p":1.02,"u":"5,10 €/L","img":"https://fd13-photos.leclercdrive.fr/image.ashx?id=2906895&use=l&cat=p&typeid=i","cat":288992},{"id":50102,"n":"Sauce pâte olive Sacla'Italia 190g","p":1.98,"u":"10,42 €/KG","img":"https://fd13-photos.leclercdrive.fr/image.ashx?id=2160222&use=l&cat=p&typeid=i","cat":287599},{"id":50106,"n":"Nems au Porc Tables du Monde x4 - 280g","p":1.76,"u":"6,29 €/KG","img":"https://fd13-photos.leclercdrive.fr/image.ashx?id=2657957&use=l&cat=p&typeid=i","cat":333673},{"id":50119,"n":"Huile de tournesol Eco+ Bouteille - 2L","p":3.26,"u":"1,63 €/L","img":"https://fd13-photos.leclercdrive.fr/image.ashx?id=2529528&use=l&cat=p&typeid=i","cat":284453},{"id":50123,"n":"Vinaigrette Puget  Ciboulette/échalotes - 33cl","p":2.37,"u":"7,18 €/L","img":"https://fd13-photos.leclercdrive.fr/image.ashx?id=2912146&use=l&cat=p&typeid=i","cat":284456},{"id":50132,"n":"Compotes Pom'Potes Gourdes  Multivariétés Inédits - 12x90g","p":5.5,"u":"5,09 €/KG","img":"https://fd13-photos.leclercdrive.fr/image.ashx?id=2870170&use=l&cat=p&typeid=i","cat":284508},{"id":50133,"n":"Dessert fruitier Andros Pomme, morceaux- 695g","p":2.45,"u":"3,53 €/KG","img":"https://fd13-photos.leclercdrive.fr/image.ashx?id=2397770&use=l&cat=p&typeid=i","cat":284508},{"id":50134,"n":"Poudre anti-calcaire Calgon 4 en 1 - 60 doses","p":10.99,"u":"7,33 €/KG","img":"https://fd13-photos.leclercdrive.fr/image.ashx?id=2954199&use=l&cat=p&typeid=i","cat":284653},{"id":50135,"n":"Lingettes Textil Anti-transfert - x40","p":3.71,"u":"0,09 €/P","img":"https://fd13-photos.leclercdrive.fr/image.ashx?id=2964574&use=l&cat=p&typeid=i","cat":290450},{"id":50211,"n":"Pain Bruschetta La Boulangère 400g","p":2.58,"u":"6,45 €/KG","img":"https://fd13-photos.leclercdrive.fr/image.ashx?id=2912404&use=l&cat=p&typeid=i","cat":284985},{"id":50218,"n":"Tronches de Cake St Michel 175g","p":1.79,"u":"10,23 €/KG","img":"https://fd13-photos.leclercdrive.fr/image.ashx?id=2949946&use=l&cat=p&typeid=i","cat":284495},{"id":50231,"n":"Biscuit Dinosaurus Lotus Chocolat au lait - 225g","p":2.08,"u":"9,24 €/KG","img":"https://fd13-photos.leclercdrive.fr/image.ashx?id=2859815&use=l&cat=p&typeid=i","cat":284488},{"id":50365,"n":"Moelleux Pépites Choco GERBLE  sans sucre - 196g","p":3.31,"u":"16,89 €/KG","img":"https://fd13-photos.leclercdrive.fr/image.ashx?id=2812705&use=l&cat=p&typeid=i","cat":318653},{"id":50445,"n":"Filet de poulet Le Gaulois Les Accessibles - 1kg","p":10.9,"u":"10,90 €/KG","img":"https://fd13-photos.leclercdrive.fr/image.ashx?id=2831966&use=l&cat=p&typeid=i","cat":284336},{"id":50459,"n":"Fromage à Tartiner St Môret  Nature - 150g","p":2.03,"u":"13,53 €/KG","img":"https://fd13-photos.leclercdrive.fr/image.ashx?id=2755468&use=l&cat=p&typeid=i","cat":314029},{"id":50524,"n":"Crème soin Nivea visage Sensitive soin de jour - 50ml","p":4.78,"u":"95,60 €/L","img":"https://fd13-photos.leclercdrive.fr/image.ashx?id=2221581&use=l&cat=p&typeid=i","cat":325345},{"id":50548,"n":"Lait de croissance Lactel Nature - 6x1L","p":11.2,"u":"1,87 €/L","img":"https://fd13-photos.leclercdrive.fr/image.ashx?id=2927438&use=l&cat=p&typeid=i","cat":284728},{"id":50568,"n":"Eau aromatisée Cristaline Jus de pêche - 1.5L","p":1.14,"u":"0,76 €/L","img":"https://fd13-photos.leclercdrive.fr/image.ashx?id=2344615&use=l&cat=p&typeid=i","cat":284537},{"id":50569,"n":"Boisson aromatisée Cristaline Jus de fruits tropical - 1.5L","p":1.12,"u":"0,75 €/L","img":"https://fd13-photos.leclercdrive.fr/image.ashx?id=2344618&use=l&cat=p&typeid=i","cat":284537},{"id":50585,"n":"Haricots verts d'aucy  Extra-fins - 440g","p":1.55,"u":"3,52 €/KG","img":"https://fd13-photos.leclercdrive.fr/image.ashx?id=2527370&use=l&cat=p&typeid=i","cat":312606},{"id":50590,"n":"Lentilles préparées D'aucy  530g","p":1.61,"u":"3,04 €/KG","img":"https://fd13-photos.leclercdrive.fr/image.ashx?id=2560597&use=l&cat=p&typeid=i","cat":312609},{"id":50592,"n":"Pois chiches Sultanines 265g","p":0.93,"u":"3,51 €/KG","img":"https://fd13-photos.leclercdrive.fr/image.ashx?id=1920223&use=l&cat=p&typeid=i","cat":312609},{"id":50594,"n":"Gants fins Eco+  Jetables - Taile M - x100","p":6.9,"u":"0,07 €/P","img":"https://fd13-photos.leclercdrive.fr/image.ashx?id=2075660&use=l&cat=p&typeid=i","cat":284668},{"id":50599,"n":"Crème soyeuse Bio Lait d'anesse So'Bio Etic - 50 ml","p":7.96,"u":"159,20 €/L","img":"https://fd13-photos.leclercdrive.fr/image.ashx?id=2906463&use=l&cat=p&typeid=i","cat":325345},{"id":50600,"n":"Crème onctueuse lait d'anesse Bio - So'Bio Etic - 50 ml","p":7.96,"u":"159,20 €/L","img":"https://fd13-photos.leclercdrive.fr/image.ashx?id=2909062&use=l&cat=p&typeid=i","cat":325345},{"id":50604,"n":"Lotion micellaire So Bio Etic Aloe vera bio - 500 ml","p":4.83,"u":"9,66 €/L","img":"https://fd13-photos.leclercdrive.fr/image.ashx?id=2493508&use=l&cat=p&typeid=i","cat":284603},{"id":50653,"n":"Blanc de dinde Eco+ 4 tranches - 180g","p":1.62,"u":"9,00 €/KG","img":"https://fd13-photos.leclercdrive.fr/image.ashx?id=2683631&use=l&cat=p&typeid=i","cat":316010},{"id":50659,"n":"Confisuc gelée Saint Louis 1kg","p":2.49,"u":"2,49 €/KG","img":"https://fd13-photos.leclercdrive.fr/image.ashx?id=1943688&use=l&cat=p&typeid=i","cat":284502},{"id":50662,"n":"Chocolat en poudre Nesquik Extra Choco - 600g","p":5.28,"u":"8,80 €/KG","img":"https://fd13-photos.leclercdrive.fr/image.ashx?id=3004438&use=l&cat=p&typeid=i","cat":293235},{"id":50672,"n":"Biscuits à la cuillère x30 Bonne Maman - 250g","p":4.65,"u":"18,60 €/KG","img":"https://fd13-photos.leclercdrive.fr/image.ashx?id=2936152&use=l&cat=p&typeid=i","cat":284487},{"id":50674,"n":"Quatre quarts Bonne Maman 500g","p":3.17,"u":"6,34 €/KG","img":"https://fd13-photos.leclercdrive.fr/image.ashx?id=2936158&use=l&cat=p&typeid=i","cat":294776},{"id":50675,"n":"Gâteau Bonne Maman  Marbré chocolat - 475g","p":2.97,"u":"6,25 €/KG","img":"https://fd13-photos.leclercdrive.fr/image.ashx?id=2936161&use=l&cat=p&typeid=i","cat":294776},{"id":50676,"n":"Madeleine coquille St Michel  Oeuf plein air x24 - 600g","p":3.27,"u":"5,45 €/KG","img":"https://fd13-photos.leclercdrive.fr/image.ashx?id=2936197&use=l&cat=p&typeid=i","cat":284492},{"id":50678,"n":"IGP Vinaigre balsamique Modène Maille - 75cl","p":4.84,"u":"6,45 €/L","img":"https://fd13-photos.leclercdrive.fr/image.ashx?id=2805666&use=l&cat=p&typeid=i","cat":298543},{"id":50680,"n":"Barre Chocolatée KINDER Country  Céréales chocolat x15 - 352,5g","p":4.77,"u":"13,55 €/KG","img":"https://fd13-photos.leclercdrive.fr/image.ashx?id=2231903&use=l&cat=p&typeid=i","cat":284498},{"id":50682,"n":"Gâteau Ker Cadélac Le Moelleux Original - 500g","p":2.61,"u":"5,22 €/KG","img":"https://fd13-photos.leclercdrive.fr/image.ashx?id=2955797&use=l&cat=p&typeid=i","cat":294776},{"id":50686,"n":"Compotes Pom'Potes Gourdes  Multivariétés Inédits - 12x90g","p":5.97,"u":"5,53 €/KG","img":"https://fd13-photos.leclercdrive.fr/image.ashx?id=2864303&use=l&cat=p&typeid=i","cat":284508},{"id":50687,"n":"Compotes Pom'Potes Gourdes  Multivariétés Inédits - 12x90g","p":6.13,"u":"5,68 €/KG","img":"https://fd13-photos.leclercdrive.fr/image.ashx?id=3010924&use=l&cat=p&typeid=i","cat":284508},{"id":50688,"n":"Pains au chocolat Pasquier  x16 - 720g","p":4.4,"u":"6,11 €/KG","img":"https://fd13-photos.leclercdrive.fr/image.ashx?id=2686837&use=l&cat=p&typeid=i","cat":296366},{"id":50689,"n":"Croissants Pasquier x8 - 320g","p":1.93,"u":"6,03 €/KG","img":"https://fd13-photos.leclercdrive.fr/image.ashx?id=2853053&use=l&cat=p&typeid=i","cat":296366},{"id":50690,"n":"Brioche tressée Pasquier Tranchée nature - 500g","p":2.54,"u":"5,08 €/KG","img":"https://fd13-photos.leclercdrive.fr/image.ashx?id=2978706&use=l&cat=p&typeid=i","cat":284478},{"id":50702,"n":"Café Moulu Carte Noire Arabica Classique - 250g","p":5.88,"u":"23,52 €/KG","img":"https://fd13-photos.leclercdrive.fr/image.ashx?id=2868732&use=l&cat=p&typeid=i","cat":284750},{"id":50705,"n":"Toasts ronds nature Jacquet - 250g","p":1.39,"u":"5,56 €/KG","img":"https://fd13-photos.leclercdrive.fr/image.ashx?id=2979602&use=l&cat=p&typeid=i","cat":285454},{"id":50706,"n":"Toasts foie gras ronds Jacquet - 250g","p":1.43,"u":"5,72 €/KG","img":"https://fd13-photos.leclercdrive.fr/image.ashx?id=2979599&use=l&cat=p&typeid=i","cat":285454},{"id":50710,"n":"Chocolats  Lindt Mignonnettes - 500g","p":13.55,"u":"27,10 €/KG","img":"https://fd13-photos.leclercdrive.fr/image.ashx?id=2209197&use=l&cat=p&typeid=i","cat":284499},{"id":50713,"n":"Biscuits Oreo Vanille / chocolat blanc - 246g","p":2.32,"u":"9,43 €/KG","img":"https://fd13-photos.leclercdrive.fr/image.ashx?id=2989447&use=l&cat=p&typeid=i","cat":284488},{"id":50715,"n":"Biscottes Gourmande Pelletier Goût brioché - 260g","p":2.24,"u":"8,62 €/KG","img":"https://fd13-photos.leclercdrive.fr/image.ashx?id=2961825&use=l&cat=p&typeid=i","cat":284479},{"id":50734,"n":"Soda Sprink's Orange - 1.5L","p":0.92,"u":"0,61 €/L","img":"https://fd13-photos.leclercdrive.fr/image.ashx?id=2925979&use=l&cat=p&typeid=i","cat":284532},{"id":50739,"n":"Bacon fumé Eco+ 12 tranches - 150g","p":1.46,"u":"9,73 €/KG","img":"https://fd13-photos.leclercdrive.fr/image.ashx?id=2837111&use=l&cat=p&typeid=i","cat":316007},{"id":50744,"n":"Cervelas Eco+ 400g","p":1.62,"u":"4,05 €/KG","img":"https://fd13-photos.leclercdrive.fr/image.ashx?id=2683637&use=l&cat=p&typeid=i","cat":316012},{"id":50770,"n":"Pâtes serpentin Turini  Cuisson rapide - 500g","p":1.16,"u":"2,32 €/KG","img":"https://fd13-photos.leclercdrive.fr/image.ashx?id=2607560&use=l&cat=p&typeid=i","cat":284427},{"id":50772,"n":"Epaule cuite sans couenne Eco+ 8 tranches - 360g","p":1.82,"u":"5,06 €/KG","img":"https://fd13-photos.leclercdrive.fr/image.ashx?id=2678577&use=l&cat=p&typeid=i","cat":316009},{"id":50773,"n":"Dés de jambon Eco+ 2x100G","p":1.65,"u":"8,25 €/KG","img":"https://fd13-photos.leclercdrive.fr/image.ashx?id=2930936&use=l&cat=p&typeid=i","cat":316011},{"id":50778,"n":"Jambon qualité choix Eco+ 10 tranches - 500g","p":4.21,"u":"8,42 €/KG","img":"https://fd13-photos.leclercdrive.fr/image.ashx?id=2715010&use=l&cat=p&typeid=i","cat":316009},{"id":50779,"n":"Saucisse de Strasbourg Eco+ x10 - 350g","p":1.19,"u":"3,40 €/KG","img":"https://fd13-photos.leclercdrive.fr/image.ashx?id=2794856&use=l&cat=p&typeid=i","cat":316012},{"id":50802,"n":"Huile d'olive Tramier Vierge extra - 75cl","p":8.0,"u":"10,67 €/L","img":"https://fd13-photos.leclercdrive.fr/image.ashx?id=2769807&use=l&cat=p&typeid=i","cat":284453},{"id":50810,"n":"Sauce Tomates Barilla Arrabbiata - 400g","p":1.73,"u":"4,33 €/KG","img":"https://fd13-photos.leclercdrive.fr/image.ashx?id=2832509&use=l&cat=p&typeid=i","cat":287599},{"id":50846,"n":"Apéritif prêt à boire Martini Bellini 8° - 75cl","p":7.95,"u":"10,60 €/L","img":"https://fd13-photos.leclercdrive.fr/image.ashx?id=2867220&use=l&cat=p&typeid=i","cat":289461},{"id":50887,"n":"Pavé aux céréales 350g","p":1.89,"u":"5,40 €/KG","img":"https://fd13-photos.leclercdrive.fr/image.ashx?id=2063107&use=l&cat=p&typeid=i","cat":284359},{"id":50903,"n":"Rana Feuilles de lasagnes Fraîches - 250g","p":2.27,"u":"9,08 €/KG","img":"https://fd13-photos.leclercdrive.fr/image.ashx?id=2529144&use=l&cat=p&typeid=i","cat":333682},{"id":50915,"n":"Gnocchi à poêler Lustucru Fromage - 300g","p":1.72,"u":"5,73 €/KG","img":"https://fd13-photos.leclercdrive.fr/image.ashx?id=3014482&use=l&cat=p&typeid=i","cat":333682},{"id":51004,"n":"Sucre de canne Daddy Demi morceaux - 750g","p":2.12,"u":"2,83 €/KG","img":"https://fd13-photos.leclercdrive.fr/image.ashx?id=2907950&use=l&cat=p&typeid=i","cat":284502},{"id":51046,"n":"Mouchoirs blancs 3 plis Eco+ x15","p":0.97,"u":"0,06 €/P","img":"https://fd13-photos.leclercdrive.fr/image.ashx?id=2824244&use=l&cat=p&typeid=i","cat":284638},{"id":51047,"n":"Biscuits Petit Brun extra 300g","p":1.4,"u":"4,67 €/KG","img":"https://fd13-photos.leclercdrive.fr/image.ashx?id=3002264&use=l&cat=p&typeid=i","cat":284487},{"id":51048,"n":"Lentilles Notre Jardin 3x130g","p":2.09,"u":"5,36 €/KG","img":"https://fd13-photos.leclercdrive.fr/image.ashx?id=2544982&use=l&cat=p&typeid=i","cat":312609},{"id":51050,"n":"Chips Pom'lisse Barbecue - 6x30g","p":1.99,"u":"11,06 €/KG","img":"https://fd13-photos.leclercdrive.fr/image.ashx?id=2809668&use=l&cat=p&typeid=i","cat":284447},{"id":51079,"n":"Clafoutis La Laitière Pommes façon tatin - 4x85g","p":2.86,"u":"8,41 €/KG","img":"https://fd13-photos.leclercdrive.fr/image.ashx?id=2633833&use=l&cat=p&typeid=i","cat":284419},{"id":51089,"n":"Soda Sprink's Aux agrumes - 1.5L","p":1.4,"u":"0,93 €/L","img":"https://fd13-photos.leclercdrive.fr/image.ashx?id=2913727&use=l&cat=p&typeid=i","cat":284532},{"id":51094,"n":"AOP Champagne Montaudon Blanc de Noirs - 75cl","p":26.9,"pp":20.17,"u":"26,89 €/L","img":"https://fd13-photos.leclercdrive.fr/image.ashx?id=2516311&use=l&cat=p&typeid=i","cat":284542},{"id":51203,"n":"Filets de maqueraux Saupiquet  Vin blanc - 3x176g","p":5.99,"u":"11,34 €/KG","img":"https://fd13-photos.leclercdrive.fr/image.ashx?id=2826969&use=l&cat=p&typeid=i","cat":303868},{"id":51221,"n":"Détachant poudre Sanytol 450g","p":5.74,"u":"12,76 €/KG","img":"https://fd13-photos.leclercdrive.fr/image.ashx?id=2866316&use=l&cat=p&typeid=i","cat":284651},{"id":51249,"n":"Crème brûlée La Laitière saveur vanille - 4x100g","p":2.99,"u":"7,48 €/KG","img":"https://fd13-photos.leclercdrive.fr/image.ashx?id=2624116&use=l&cat=p&typeid=i","cat":284419},{"id":51254,"n":"Eau aromatisée O'Fresh Pêche - 1.5L","p":0.91,"u":"0,61 €/L","img":"https://fd13-photos.leclercdrive.fr/image.ashx?id=2450029&use=l&cat=p&typeid=i","cat":284537},{"id":51268,"n":"Eau aromatisée O'Fresh Fraise - 1.5L","p":0.75,"u":"0,50 €/L","img":"https://fd13-photos.leclercdrive.fr/image.ashx?id=2450044&use=l&cat=p&typeid=i","cat":284537},{"id":51270,"n":"Tablette chocolat Côte d'Or Chocolat au lait - 3x100g","p":4.75,"u":"15,83 €/KG","img":"https://fd13-photos.leclercdrive.fr/image.ashx?id=2875561&use=l&cat=p&typeid=i","cat":284497},{"id":51274,"n":"Tablette chocolat Côte d'Or Chocolar lait/ Raisin - 180g","p":3.48,"u":"19,33 €/KG","img":"https://fd13-photos.leclercdrive.fr/image.ashx?id=2961272&use=l&cat=p&typeid=i","cat":284497},{"id":51289,"n":"Fromage Blanc Calin Nature - 0% extra - 850g","p":2.3,"u":"2,71 €/KG","img":"https://fd13-photos.leclercdrive.fr/image.ashx?id=2973724&use=l&cat=p&typeid=i","cat":315000},{"id":51291,"n":"Fromage blanc Soignon Nature lait de chèvre - 4x100g","p":2.61,"u":"6,53 €/KG","img":"https://fd13-photos.leclercdrive.fr/image.ashx?id=2539902&use=l&cat=p&typeid=i","cat":314998},{"id":51292,"n":"Yaourts Douceur satinée Délisse Nature - 8x125g","p":2.59,"u":"2,59 €/KG","img":"https://fd13-photos.leclercdrive.fr/image.ashx?id=2465047&use=l&cat=p&typeid=i","cat":284409},{"id":51298,"n":"Compotes Andros  Pomme nature - 16x100g","p":3.26,"u":"2,04 €/KG","img":"https://fd13-photos.leclercdrive.fr/image.ashx?id=2908195&use=l&cat=p&typeid=i","cat":284416},{"id":51346,"n":"Dessert liégeois Viennois Vanille lit de caramel - 4x100g","p":1.71,"u":"4,28 €/KG","img":"https://fd13-photos.leclercdrive.fr/image.ashx?id=2692122&use=l&cat=p&typeid=i","cat":285042},{"id":51353,"n":"Fromage Cantal jeune NRT AOP  200g","p":3.19,"u":"15,95 €/KG","img":"https://fd13-photos.leclercdrive.fr/image.ashx?id=2934832&use=l&cat=p&typeid=i","cat":314034},{"id":51354,"n":"Mascarpone gorgonzola Tradizioni d'Italia - 200g","p":2.69,"u":"13,45 €/KG","img":"https://fd13-photos.leclercdrive.fr/image.ashx?id=2966535&use=l&cat=p&typeid=i","cat":314032},{"id":51392,"n":"Yaourts à la Grecque Délisse Lit de fruit jaunes - 4x150g","p":1.99,"u":"3,32 €/KG","img":"https://fd13-photos.leclercdrive.fr/image.ashx?id=2699699&use=l&cat=p&typeid=i","cat":314999},{"id":51395,"n":"Profiteroles Délisse 4x90g","p":2.49,"u":"6,92 €/KG","img":"https://fd13-photos.leclercdrive.fr/image.ashx?id=2844842&use=l&cat=p&typeid=i","cat":284419},{"id":51607,"n":"Fromage enfant Kiri Goûter 8 portions barquettes - 280g","p":3.5,"u":"12,50 €/KG","img":"https://fd13-photos.leclercdrive.fr/image.ashx?id=2972886&use=l&cat=p&typeid=i","cat":314030},{"id":51653,"n":"Bananes Panier du Primeur x5","p":1.69,"u":"0,34 €/P","img":"https://fd13-photos.leclercdrive.fr/image.ashx?id=2302456&use=l&cat=p&typeid=i","cat":284356},{"id":51683,"n":"Sucre en morceaux Saint Louis Sécables - 1kg","p":2.13,"u":"2,13 €/KG","img":"https://fd13-photos.leclercdrive.fr/image.ashx?id=2624233&use=l&cat=p&typeid=i","cat":284502},{"id":51722,"n":"Bâtonnet Magic Smicy Mutlifruits x8 - 320g","p":2.51,"u":"7,84 €/KG","img":"https://fd13-photos.leclercdrive.fr/image.ashx?id=1960044&use=l&cat=p&typeid=i","cat":285250},{"id":51750,"n":"Sel fin La Baleine Iodé - 500g","p":0.54,"u":"1,08 €/KG","img":"https://fd13-photos.leclercdrive.fr/image.ashx?id=1752100&use=l&cat=p&typeid=i","cat":284457},{"id":51751,"n":"Cacolac Chocolat Canettes Pack - 6x25cl","p":5.07,"u":"3,38 €/L","img":"https://fd13-photos.leclercdrive.fr/image.ashx?id=2554623&use=l&cat=p&typeid=i","cat":295246},{"id":51865,"n":"Bière blonde Kronenbourg 4,2° - 10x25cl","p":5.35,"u":"2,14 €/L","img":"https://fd13-photos.leclercdrive.fr/image.ashx?id=2992750&use=l&cat=p&typeid=i","cat":334873},{"id":51866,"n":"Lait Croissance Mots d'Enfants 12 à 36 mois - 6x1L","p":8.04,"u":"1,34 €/L","img":"https://fd13-photos.leclercdrive.fr/image.ashx?id=2770684&use=l&cat=p&typeid=i","cat":284728},{"id":51934,"n":"Goûter laitier Récré O'Lé Gourdes Chocolat - 12x85g","p":5.24,"u":"5,14 €/KG","img":"https://fd13-photos.leclercdrive.fr/image.ashx?id=2887035&use=l&cat=p&typeid=i","cat":284506},{"id":51939,"n":"Trio salade Florette Mâche roquette betterave - 175g","p":2.62,"u":"14,97 €/KG","img":"https://fd13-photos.leclercdrive.fr/image.ashx?id=2650534&use=l&cat=p&typeid=i","cat":284353},{"id":51956,"n":"Gel barquette  Bien Air Muguet  x1","p":1.24,"img":"https://fd13-photos.leclercdrive.fr/image.ashx?id=2999574&use=l&cat=p&typeid=i","cat":311628},{"id":51980,"n":"Lait demi-écrémé Délisse UHT -  6x25cl","p":3.36,"u":"2,24 €/L","img":"https://fd13-photos.leclercdrive.fr/image.ashx?id=2971503&use=l&cat=p&typeid=i","cat":284377},{"id":51989,"n":"Lait sans lactose Délisse UHT Bouteille -  6x50cl","p":5.76,"u":"1,92 €/L","img":"https://fd13-photos.leclercdrive.fr/image.ashx?id=2492267&use=l&cat=p&typeid=i","cat":317169},{"id":52001,"n":"Pâte à pizza fine Herta Rectangulaire - 390g","p":1.54,"u":"3,95 €/KG","img":"https://fd13-photos.leclercdrive.fr/image.ashx?id=2976110&use=l&cat=p&typeid=i","cat":333681},{"id":52002,"n":"HERTA Pâte à pizza fine & ronde 265g","p":1.23,"u":"4,64 €/KG","img":"https://fd13-photos.leclercdrive.fr/image.ashx?id=2975674&use=l&cat=p&typeid=i","cat":333681},{"id":52004,"n":"AOC Alsace Edelzwicker  vin blanc Rebmann - 75 cl","p":4.49,"u":"5,99 €/L","img":"https://fd13-photos.leclercdrive.fr/image.ashx?id=2775472&use=l&cat=p&typeid=i","cat":289557},{"id":52071,"n":"Tortillas Table du Monde De maïs - 320g","p":1.69,"u":"5,28 €/KG","img":"https://fd13-photos.leclercdrive.fr/image.ashx?id=2679759&use=l&cat=p&typeid=i","cat":288993},{"id":52078,"n":"Pointe Brie de Meaux NRT AOP 200g","p":3.09,"u":"15,45 €/KG","img":"https://fd13-photos.leclercdrive.fr/image.ashx?id=2564491&use=l&cat=p&typeid=i","cat":314033},{"id":52080,"n":"Emmental fromage rapé Les Croisés - 1kg","p":7.97,"u":"7,97 €/KG","img":"https://fd13-photos.leclercdrive.fr/image.ashx?id=2832990&use=l&cat=p&typeid=i","cat":314035},{"id":52093,"n":"Salade Menu Fraîcheur Lentilles aux oignons - 300g","p":1.52,"u":"5,07 €/KG","img":"https://fd13-photos.leclercdrive.fr/image.ashx?id=2645954&use=l&cat=p&typeid=i","cat":333657},{"id":52094,"n":"Poulet rôti purée Côté Table Barquette - 300g","p":2.38,"u":"7,93 €/KG","img":"https://fd13-photos.leclercdrive.fr/image.ashx?id=2624001&use=l&cat=p&typeid=i","cat":284953},{"id":52104,"n":"Gaufres P'tit Deli Poudrées - 260g","p":1.69,"u":"6,50 €/KG","img":"https://fd13-photos.leclercdrive.fr/image.ashx?id=2932417&use=l&cat=p&typeid=i","cat":294777},{"id":52112,"n":"Jambon sec Saint Azay  4 tranches - 100g","p":2.06,"u":"20,60 €/KG","img":"https://fd13-photos.leclercdrive.fr/image.ashx?id=2092972&use=l&cat=p&typeid=i","cat":316007},{"id":52124,"n":"Pâtes Tagliatelles Turini  Fraiches - 600g","p":1.89,"u":"3,15 €/KG","img":"https://fd13-photos.leclercdrive.fr/image.ashx?id=2823081&use=l&cat=p&typeid=i","cat":333682},{"id":52128,"n":"Dés de saumon Ronde des Mers  Fumé nature - 90g","p":4.1,"u":"45,56 €/KG","img":"https://fd13-photos.leclercdrive.fr/image.ashx?id=2966246&use=l&cat=p&typeid=i","cat":285188},{"id":52134,"n":"Emmental -30% sel fromage bloc  Les Croisés - 200g","p":2.59,"u":"12,95 €/KG","img":"https://fd13-photos.leclercdrive.fr/image.ashx?id=2897790&use=l&cat=p&typeid=i","cat":314034},{"id":52136,"n":"Mozzarella Pic'Express 250g","p":2.99,"u":"11,96 €/KG","img":"https://fd13-photos.leclercdrive.fr/image.ashx?id=2678800&use=l&cat=p&typeid=i","cat":319774},{"id":52141,"n":"Bâtonnets Dentastix Pedigree Moyen chien x7 - 180g","p":2.18,"u":"12,11 €/KG","img":"https://fd13-photos.leclercdrive.fr/image.ashx?id=2981301&use=l&cat=p&typeid=i","cat":294527},{"id":52142,"n":"Bâtonnets Dentastix Pedigree Grand chien x7 - 270g","p":2.96,"u":"10,96 €/KG","img":"https://fd13-photos.leclercdrive.fr/image.ashx?id=2877046&use=l&cat=p&typeid=i","cat":294527},{"id":52143,"n":"Bâtonnets Dentastix Pedigree Petit chien x7 - 110g","p":1.77,"u":"16,09 €/KG","img":"https://fd13-photos.leclercdrive.fr/image.ashx?id=2832338&use=l&cat=p&typeid=i","cat":294527},{"id":52148,"n":"Filet de poulet Fleury Michon pommes de terre - 300g","p":3.22,"u":"10,73 €/KG","img":"https://fd13-photos.leclercdrive.fr/image.ashx?id=2656754&use=l&cat=p&typeid=i","cat":333665},{"id":52170,"n":"Amandes effilées Vahiné 125g","p":3.66,"u":"29,28 €/KG","img":"https://fd13-photos.leclercdrive.fr/image.ashx?id=2490575&use=l&cat=p&typeid=i","cat":284504},{"id":52171,"n":"Noix de coco Vahiné  Râpée - 115g","p":1.76,"u":"15,30 €/KG","img":"https://fd13-photos.leclercdrive.fr/image.ashx?id=2559811&use=l&cat=p&typeid=i","cat":284504},{"id":52172,"n":"Noisettes en poudre Vahiné 100g","p":3.44,"u":"34,40 €/KG","img":"https://fd13-photos.leclercdrive.fr/image.ashx?id=2559823&use=l&cat=p&typeid=i","cat":284504},{"id":52246,"n":"Spray retouche L'Oréal Paris Magic Retouch Noir","p":9.1,"u":"121,33 €/L","img":"https://fd13-photos.leclercdrive.fr/image.ashx?id=2586420&use=l&cat=p&typeid=i","cat":288899},{"id":52247,"n":"Spray racine Magic Retouch 6 Chatain/acajou - 75ml","p":8.32,"u":"110,93 €/L","img":"https://fd13-photos.leclercdrive.fr/image.ashx?id=2618011&use=l&cat=p&typeid=i","cat":288899},{"id":52249,"n":"Spray retouche L'Oréal Paris Magic Retouch Blond foncé","p":9.1,"u":"121,33 €/L","img":"https://fd13-photos.leclercdrive.fr/image.ashx?id=2586429&use=l&cat=p&typeid=i","cat":288899},{"id":52250,"n":"Spray Coloration L'Oréal Paris Magic Retouch Châtain","p":9.25,"u":"123,33 €/L","img":"https://fd13-photos.leclercdrive.fr/image.ashx?id=2586426&use=l&cat=p&typeid=i","cat":288899},{"id":52286,"n":"Pilon de poulet blanc  Volaille Française - 1kg","p":5.75,"u":"5,75 €/KG","img":"https://fd13-photos.leclercdrive.fr/image.ashx?id=2551144&use=l&cat=p&typeid=i","cat":284336},{"id":52287,"n":"Haut de cuisse de poulet blanc Volaille Française - 1kg","p":4.5,"u":"4,50 €/KG","img":"https://fd13-photos.leclercdrive.fr/image.ashx?id=2551138&use=l&cat=p&typeid=i","cat":284336},{"id":52335,"n":"Sauce tomate cuisinée Panzani Tube légumes - 180g","p":1.08,"u":"6,00 €/KG","img":"https://fd13-photos.leclercdrive.fr/image.ashx?id=2984751&use=l&cat=p&typeid=i","cat":288384},{"id":52367,"n":"Whisky Ballantine's Finest Blended Scotch 40% vol - 1,5L","p":32.22,"u":"21,48 €/L","img":"https://fd13-photos.leclercdrive.fr/image.ashx?id=3000833&use=l&cat=p&typeid=i","cat":284547},{"id":52388,"n":"Crème anti-âge So Bio Etic Plaisir d'argan bio - 50ml","p":8.97,"u":"179,40 €/L","img":"https://fd13-photos.leclercdrive.fr/image.ashx?id=2988587&use=l&cat=p&typeid=i","cat":325345},{"id":52389,"n":"Gelée nuit anti âge So Bio Etic Argan bio - 40ml","p":9.12,"u":"228,00 €/L","img":"https://fd13-photos.leclercdrive.fr/image.ashx?id=2494734&use=l&cat=p&typeid=i","cat":325345},{"id":52391,"n":"Lotion micellaire So Bio Etic Tonifiante bio - 500ml","p":4.69,"u":"9,38 €/L","img":"https://fd13-photos.leclercdrive.fr/image.ashx?id=2909065&use=l&cat=p&typeid=i","cat":284603},{"id":52392,"n":"Contour yeux lèvres So Bio Etic Anti-âge Argan bio - 15ml","p":9.34,"u":"622,67 €/L","img":"https://fd13-photos.leclercdrive.fr/image.ashx?id=2494740&use=l&cat=p&typeid=i","cat":325345},{"id":52412,"n":"Poélée Parisienne D'Aucy 2x580g","p":4.69,"u":"4,04 €/KG","img":"https://fd13-photos.leclercdrive.fr/image.ashx?id=2197558&use=l&cat=p&typeid=i","cat":312612},{"id":52430,"n":"Brosse à dent Aquafresh Flex souple x3","p":3.99,"img":"https://fd13-photos.leclercdrive.fr/image.ashx?id=2303852&use=l&cat=p&typeid=i","cat":284614},{"id":52539,"n":"Pur jus de citron Jardin Bio Bio - 50cl","p":2.83,"u":"5,66 €/L","img":"https://fd13-photos.leclercdrive.fr/image.ashx?id=3014524&use=l&cat=p&typeid=i","cat":288383},{"id":52582,"n":"Sauce Bolognaise Panzani - 210G","p":1.37,"u":"6,52 €/KG","img":"https://fd13-photos.leclercdrive.fr/image.ashx?id=2977927&use=l&cat=p&typeid=i","cat":287599},{"id":52618,"n":"Crème brulée Rians  3x100g","p":3.21,"u":"10,70 €/KG","img":"https://fd13-photos.leclercdrive.fr/image.ashx?id=2396246&use=l&cat=p&typeid=i","cat":284419},{"id":52625,"n":"Sauce Pommes de Terre Bénédicta - 255g","p":1.53,"u":"5,88 €/KG","img":"https://fd13-photos.leclercdrive.fr/image.ashx?id=2689925&use=l&cat=p&typeid=i","cat":318430},{"id":52631,"n":"Sauce Béarnaise Bénédicta - 260g","p":1.39,"u":"5,35 €/KG","img":"https://fd13-photos.leclercdrive.fr/image.ashx?id=2689931&use=l&cat=p&typeid=i","cat":318430},{"id":52632,"n":"Sauce au Poivre Bénédicta - 260g","p":1.44,"u":"5,54 €/KG","img":"https://fd13-photos.leclercdrive.fr/image.ashx?id=2689937&use=l&cat=p&typeid=i","cat":318430},{"id":52633,"n":"Sauce Tartare Bénédicta - 260g","p":1.52,"u":"5,85 €/KG","img":"https://fd13-photos.leclercdrive.fr/image.ashx?id=2689940&use=l&cat=p&typeid=i","cat":318430},{"id":52634,"n":"Sauce Bourguignonne Bénédicta - 260g","p":1.39,"u":"5,15 €/KG","img":"https://fd13-photos.leclercdrive.fr/image.ashx?id=2689943&use=l&cat=p&typeid=i","cat":318430},{"id":52673,"n":"Fromage Burger cheddar/emmental Président - 12 tranches - 200g","p":1.55,"u":"7,75 €/KG","img":"https://fd13-photos.leclercdrive.fr/image.ashx?id=2445024&use=l&cat=p&typeid=i","cat":314028},{"id":52684,"n":"Cheddar fromage râpé  Les Croisés - 200g","p":2.39,"u":"11,95 €/KG","img":"https://fd13-photos.leclercdrive.fr/image.ashx?id=2044381&use=l&cat=p&typeid=i","cat":314035},{"id":52688,"n":"Burrata Di Andria IGP  Tradizioni d'italia - 200g","p":4.79,"u":"23,95 €/KG","img":"https://fd13-photos.leclercdrive.fr/image.ashx?id=2904025&use=l&cat=p&typeid=i","cat":314026},{"id":52699,"n":"Comté Entremont Râpé - 2x70g","p":2.53,"u":"18,07 €/KG","img":"https://fd13-photos.leclercdrive.fr/image.ashx?id=2983162&use=l&cat=p&typeid=i","cat":314035},{"id":52720,"n":"Essuie-tout blanc Mimosa Super absorbant - x3 compacts","p":3.99,"u":"1,33 €/P","img":"https://fd13-photos.leclercdrive.fr/image.ashx?id=2727401&use=l&cat=p&typeid=i","cat":284635},{"id":52757,"n":"Biscuits sablés Granola Chocolat au lait - 2x200g","p":2.74,"u":"6,85 €/KG","img":"https://fd13-photos.leclercdrive.fr/image.ashx?id=2347275&use=l&cat=p&typeid=i","cat":284488},{"id":52773,"n":"Céréales Crousti avoine Bjorg Chocolat  bio - 500g","p":4.69,"u":"9,38 €/KG","img":"https://fd13-photos.leclercdrive.fr/image.ashx?id=2906184&use=l&cat=p&typeid=i","cat":318651},{"id":52788,"n":"Velouté Pursoup' Liebig Légumes facon pôelée - 2x1L","p":5.08,"u":"2,54 €/L","img":"https://fd13-photos.leclercdrive.fr/image.ashx?id=2385428&use=l&cat=p&typeid=i","cat":284462},{"id":52797,"n":"AOP Parmigiano Reggiano Tradizioni d'Italia - 60g","p":1.9,"u":"31,67 €/KG","img":"https://fd13-photos.leclercdrive.fr/image.ashx?id=2904028&use=l&cat=p&typeid=i","cat":314035},{"id":52804,"n":"Fromage à Raclette RichesMonts  Classique 18 Tranches - 420g","p":5.24,"u":"12,48 €/KG","img":"https://fd13-photos.leclercdrive.fr/image.ashx?id=2953489&use=l&cat=p&typeid=i","cat":314037},{"id":52806,"n":"Fromage à Tartiner St Môret  Nature Léger - 300g","p":3.87,"u":"12,90 €/KG","img":"https://fd13-photos.leclercdrive.fr/image.ashx?id=2914507&use=l&cat=p&typeid=i","cat":314029},{"id":52809,"n":"Fromage raclette Les Croisés 28%mg - 800g","p":7.39,"u":"9,24 €/KG","img":"https://fd13-photos.leclercdrive.fr/image.ashx?id=2793221&use=l&cat=p&typeid=i","cat":314037},{"id":52812,"n":"Yaourt nature bifidus Activia 16x125g","p":4.78,"u":"2,39 €/KG","img":"https://fd13-photos.leclercdrive.fr/image.ashx?id=2831675&use=l&cat=p&typeid=i","cat":315000},{"id":52816,"n":"yaourt nature bifidus Activia 8x125g","p":2.89,"u":"2,89 €/KG","img":"https://fd13-photos.leclercdrive.fr/image.ashx?id=2741709&use=l&cat=p&typeid=i","cat":315000},{"id":52818,"n":"Fromage à tartiner Boursin Figue et 3 noix - 150g","p":2.2,"u":"14,67 €/KG","img":"https://fd13-photos.leclercdrive.fr/image.ashx?id=2962062&use=l&cat=p&typeid=i","cat":314029},{"id":52819,"n":"Fromage Gruyère râpé IGP NRT 150g","p":2.23,"u":"14,87 €/KG","img":"https://fd13-photos.leclercdrive.fr/image.ashx?id=2771085&use=l&cat=p&typeid=i","cat":314035},{"id":52820,"n":"Fromage Mont d'Or AOP  Nos Régions ont du Talent -400g","p":7.59,"u":"18,98 €/KG","img":"https://fd13-photos.leclercdrive.fr/image.ashx?id=2934841&use=l&cat=p&typeid=i","cat":314037},{"id":52951,"n":"Café dosettes Tassimo Thé vert menthe x16","p":4.86,"u":"121,50 €/KG","img":"https://fd13-photos.leclercdrive.fr/image.ashx?id=2100368&use=l&cat=p&typeid=i","cat":293233},{"id":52958,"n":"Café dosettes Tassimo L'Or Espresso Classique x16","p":4.76,"u":"45,77 €/KG","img":"https://fd13-photos.leclercdrive.fr/image.ashx?id=2507335&use=l&cat=p&typeid=i","cat":293240},{"id":52962,"n":"Biscuits fourrés Prince Chocolat - 300g","p":1.35,"u":"4,50 €/KG","img":"https://fd13-photos.leclercdrive.fr/image.ashx?id=3014638&use=l&cat=p&typeid=i","cat":284488},{"id":52979,"n":"Truite fumée de Bretagne NRT x4 - 120g","p":5.39,"u":"44,92 €/KG","img":"https://fd13-photos.leclercdrive.fr/image.ashx?id=2663851&use=l&cat=p&typeid=i","cat":285188},{"id":53003,"n":"Vin d'Espagne rouge Merlot Adrien Champaud - BIB 5L","p":9.99,"u":"2,00 €/L","img":"https://fd13-photos.leclercdrive.fr/image.ashx?id=2960496&use=l&cat=p&typeid=i","cat":289560},{"id":53064,"n":"Eponges grattantes Mamison  Vaisselle délicate - x2","p":1.26,"u":"0,63 €/P","img":"https://fd13-photos.leclercdrive.fr/image.ashx?id=2202440&use=l&cat=p&typeid=i","cat":284667},{"id":53065,"n":"Eponges grattantes Mamison  Récurage difficile - x2","p":1.27,"u":"0,64 €/P","img":"https://fd13-photos.leclercdrive.fr/image.ashx?id=2207733&use=l&cat=p&typeid=i","cat":284667},{"id":53067,"n":"Recharge désodorisant Bien Air  Floral - 15ml","p":1.55,"u":"103,33 €/L","img":"https://fd13-photos.leclercdrive.fr/image.ashx?id=2467655&use=l&cat=p&typeid=i","cat":311629},{"id":53069,"n":"Recharge désodorisant Bien Air  Muguet - 15ml","p":1.5,"u":"100,00 €/L","img":"https://fd13-photos.leclercdrive.fr/image.ashx?id=2467658&use=l&cat=p&typeid=i","cat":311629},{"id":53116,"n":"Rhum blanc agricole Damoiseau 50%vol - 1L","p":18.98,"u":"18,98 €/L","img":"https://fd13-photos.leclercdrive.fr/image.ashx?id=2021214&use=l&cat=p&typeid=i","cat":284550},{"id":53135,"n":"Crozets de Savoie NRT Nature - 400g","p":2.35,"u":"5,88 €/KG","img":"https://fd13-photos.leclercdrive.fr/image.ashx?id=2856226&use=l&cat=p&typeid=i","cat":284427},{"id":53162,"n":"Roucoulons Fromagerie Milleret Offre Plaisir - 220g","p":2.72,"u":"12,36 €/KG","img":"https://fd13-photos.leclercdrive.fr/image.ashx?id=1884397&use=l&cat=p&typeid=i","cat":329558},{"id":53167,"n":"Gaufres liégoise P'tit Déli Nappée chocolat - x7 - 402g","p":2.61,"u":"6,49 €/KG","img":"https://fd13-photos.leclercdrive.fr/image.ashx?id=1965560&use=l&cat=p&typeid=i","cat":294777},{"id":53168,"n":"Snacks chats Tous mes amis Hygiène dentaire mini - 40g","p":0.99,"u":"24,75 €/KG","img":"https://fd13-photos.leclercdrive.fr/image.ashx?id=985880&use=l&cat=p&typeid=i","cat":285285},{"id":53174,"n":"Chocolat noir Equador Caramel salé - 100g","p":1.39,"u":"13,90 €/KG","img":"https://fd13-photos.leclercdrive.fr/image.ashx?id=2553339&use=l&cat=p&typeid=i","cat":284956},{"id":53412,"n":"Activateur biologique Eparcyl  Fosse septique - 864g x24","p":6.49,"u":"7,51 €/KG","img":"https://fd13-photos.leclercdrive.fr/image.ashx?id=2890085&use=l&cat=p&typeid=i","cat":284908},{"id":53465,"n":"Biscuit petit beurre P'tit Déli Chocolat lait 48% - 125g","p":1.49,"u":"11,92 €/KG","img":"https://fd13-photos.leclercdrive.fr/image.ashx?id=2846520&use=l&cat=p&typeid=i","cat":284488},{"id":53508,"n":"Fine chapelure de pain Tipiak 275g","p":0.63,"u":"2,29 €/KG","img":"https://fd13-photos.leclercdrive.fr/image.ashx?id=2594124&use=l&cat=p&typeid=i","cat":288382},{"id":53606,"n":"Salade Mexicaine Côté Snack Au thon - 250g","p":1.9,"u":"7,60 €/KG","img":"https://fd13-photos.leclercdrive.fr/image.ashx?id=2884255&use=l&cat=p&typeid=i","cat":284437},{"id":53663,"n":"Dés d'épaule Fleury Michon - 2x75g","p":1.68,"u":"11,20 €/KG","img":"https://fd13-photos.leclercdrive.fr/image.ashx?id=2650429&use=l&cat=p&typeid=i","cat":316011},{"id":53776,"n":"Brioche tressée Pasquier Nature - 630g","p":2.77,"u":"4,40 €/KG","img":"https://fd13-photos.leclercdrive.fr/image.ashx?id=2850946&use=l&cat=p&typeid=i","cat":284478},{"id":53777,"n":"Brioche tressée Pasquier  Pépites - 630g","p":2.85,"u":"4,52 €/KG","img":"https://fd13-photos.leclercdrive.fr/image.ashx?id=2848809&use=l&cat=p&typeid=i","cat":284478},{"id":53783,"n":"Lait de coco Suzi Wan 200ml","p":1.42,"u":"7,10 €/L","img":"https://fd13-photos.leclercdrive.fr/image.ashx?id=3002177&use=l&cat=p&typeid=i","cat":288992},{"id":53899,"n":"Eau minérale gazeuse Perrier  Naturelle - 6x1L","p":3.89,"u":"0,65 €/L","img":"https://fd13-photos.leclercdrive.fr/image.ashx?id=2454463&use=l&cat=p&typeid=i","cat":284536},{"id":53911,"n":"Crevettes  Eco+ Cocktail - 121g","p":2.92,"u":"24,13 €/KG","img":"https://fd13-photos.leclercdrive.fr/image.ashx?id=1710173&use=l&cat=p&typeid=i","cat":305147},{"id":53936,"n":"Dés de fromage salade Boursin Echalote ciboulette - 120g","p":2.45,"u":"20,42 €/KG","img":"https://fd13-photos.leclercdrive.fr/image.ashx?id=2865671&use=l&cat=p&typeid=i","cat":314027},{"id":53941,"n":"Fromage apéritif Boursin Echalote ciboulette 20 roulés","p":3.67,"u":"36,70 €/KG","img":"https://fd13-photos.leclercdrive.fr/image.ashx?id=2918595&use=l&cat=p&typeid=i","cat":314027},{"id":53944,"n":"Fromage à tartiner Boursin Ail et fines herbes - 250g","p":3.4,"u":"13,60 €/KG","img":"https://fd13-photos.leclercdrive.fr/image.ashx?id=2999853&use=l&cat=p&typeid=i","cat":314029},{"id":53946,"n":"Fromage à tartiner Boursin Echalote et ciboulette - 150g","p":2.2,"u":"14,67 €/KG","img":"https://fd13-photos.leclercdrive.fr/image.ashx?id=2962059&use=l&cat=p&typeid=i","cat":314029},{"id":54112,"n":"Absolut Vodka 40%vol - 1L","p":25.55,"u":"25,55 €/L","img":"https://fd13-photos.leclercdrive.fr/image.ashx?id=2550261&use=l&cat=p&typeid=i","cat":284550},{"id":54172,"n":"Sauce aux 3 poivres  120g","p":1.69,"u":"14,08 €/KG","img":"https://fd13-photos.leclercdrive.fr/image.ashx?id=2636242&use=l&cat=p&typeid=i","cat":284382},{"id":54184,"n":"Pétillant AOC Jaillance Clairette Bio, 7%vol - 75cl","p":6.9,"u":"9,20 €/L","img":"https://fd13-photos.leclercdrive.fr/image.ashx?id=2867455&use=l&cat=p&typeid=i","cat":284544},{"id":54244,"n":"Liqueur de menthe Get 31 Edition Limitée 24° - 70cl","p":14.33,"u":"20,47 €/L","img":"https://fd13-photos.leclercdrive.fr/image.ashx?id=2989051&use=l&cat=p&typeid=i","cat":286032},{"id":54299,"n":"Désodorisant Bien Air Mèche active Fruit rouge 375ml","p":1.65,"u":"4,40 €/L","img":"https://fd13-photos.leclercdrive.fr/image.ashx?id=2777806&use=l&cat=p&typeid=i","cat":311628},{"id":54300,"n":"Désodorisant Bien Air Mèche active agrume 375ml","p":1.65,"u":"4,40 €/L","img":"https://fd13-photos.leclercdrive.fr/image.ashx?id=2777809&use=l&cat=p&typeid=i","cat":311628},{"id":54311,"n":"Bière blonde Bio Jade 4.5%vol - 6x25cl","p":5.21,"u":"3,47 €/L","img":"https://fd13-photos.leclercdrive.fr/image.ashx?id=2511282&use=l&cat=p&typeid=i","cat":334873},{"id":54314,"n":"Pur Jus de tomates NRT Du Lot-et-Garonne - 1L","p":2.09,"u":"2,09 €/L","img":"https://fd13-photos.leclercdrive.fr/image.ashx?id=2590505&use=l&cat=p&typeid=i","cat":284523},{"id":54346,"n":"Barre Chocolatée KINDER Country  Céréales chocolat x10 - 235g","p":2.78,"u":"11,83 €/KG","img":"https://fd13-photos.leclercdrive.fr/image.ashx?id=2231942&use=l&cat=p&typeid=i","cat":284498},{"id":54351,"n":"Crème dessert Délisse Chocolat noisette - 4x125g","p":1.05,"u":"2,10 €/KG","img":"https://fd13-photos.leclercdrive.fr/image.ashx?id=2760810&use=l&cat=p&typeid=i","cat":285041},{"id":54372,"n":"Spécialité au soja Nat&Vie Caramel - 4x100g","p":1.5,"u":"3,75 €/P","img":"https://fd13-photos.leclercdrive.fr/image.ashx?id=2901467&use=l&cat=p&typeid=i","cat":316071},{"id":54385,"n":"Coupelles Ananas DDV Sirop léger - 4x70g","p":2.79,"u":"9,96 €/KG","img":"https://fd13-photos.leclercdrive.fr/image.ashx?id=2100793&use=l&cat=p&typeid=i","cat":284507},{"id":54386,"n":"Gâteau multicouche P'tit Déli Genoise fourré chocolat - 175g","p":1.27,"u":"7,26 €/KG","img":"https://fd13-photos.leclercdrive.fr/image.ashx?id=2416538&use=l&cat=p&typeid=i","cat":284495},{"id":54387,"n":"Pains Hot Dog Epi d'Or x4 - 250g","p":1.41,"u":"5,64 €/KG","img":"https://fd13-photos.leclercdrive.fr/image.ashx?id=2147414&use=l&cat=p&typeid=i","cat":284985},{"id":54396,"n":"Salade Catalane Côté Snack Thon à la catalane - 250g","p":2.17,"u":"8,68 €/KG","img":"https://fd13-photos.leclercdrive.fr/image.ashx?id=2910589&use=l&cat=p&typeid=i","cat":284437},{"id":54405,"n":"Sauce Tomacouli Panzani - 700G","p":1.59,"u":"2,27 €/KG","img":"https://fd13-photos.leclercdrive.fr/image.ashx?id=2744632&use=l&cat=p&typeid=i","cat":288384},{"id":54415,"n":"Bâtonnet à mâcher Dentalife  Petit chien - x21 - 345g","p":3.94,"u":"11,42 €/KG","img":"https://fd13-photos.leclercdrive.fr/image.ashx?id=2897339&use=l&cat=p&typeid=i","cat":294527},{"id":54416,"n":"Bâtonnet à macher Dentalife Chien moyen - 345g","p":3.79,"u":"10,99 €/KG","img":"https://fd13-photos.leclercdrive.fr/image.ashx?id=2896426&use=l&cat=p&typeid=i","cat":294527},{"id":54417,"n":"Barre chocolat lait P'tit Déli x5 - 130g","p":1.5,"u":"11,54 €/KG","img":"https://fd13-photos.leclercdrive.fr/image.ashx?id=2568936&use=l&cat=p&typeid=i","cat":284488},{"id":54418,"n":"Bâtonnet à mâche Dentalife Grand chien x12 - 426g","p":3.8,"u":"8,92 €/KG","img":"https://fd13-photos.leclercdrive.fr/image.ashx?id=2897342&use=l&cat=p&typeid=i","cat":294527},{"id":54420,"n":"Gel à raser Carré Homme Pour barbe difficile - 200ml","p":1.89,"u":"9,45 €/L","img":"https://fd13-photos.leclercdrive.fr/image.ashx?id=2704723&use=l&cat=p&typeid=i","cat":284617},{"id":54422,"n":"Spray automatique Bien Air + recharge - 250ml","p":5.98,"u":"23,92 €/L","img":"https://fd13-photos.leclercdrive.fr/image.ashx?id=2330493&use=l&cat=p&typeid=i","cat":311629},{"id":54423,"n":"Gel à raser Carré Homme Fraicheur - 200ml","p":1.69,"u":"8,45 €/L","img":"https://fd13-photos.leclercdrive.fr/image.ashx?id=2704726&use=l&cat=p&typeid=i","cat":284617},{"id":54471,"n":"Madeleines longues Le Ster Marbrées choco - 250g","p":1.73,"u":"6,92 €/KG","img":"https://fd13-photos.leclercdrive.fr/image.ashx?id=2962548&use=l&cat=p&typeid=i","cat":284492},{"id":54473,"n":"Madeleines longues Le Ster Nature  - 250g","p":1.57,"u":"6,28 €/KG","img":"https://fd13-photos.leclercdrive.fr/image.ashx?id=2962545&use=l&cat=p&typeid=i","cat":284492},{"id":54482,"n":"Gâteaux Mini roulés Lulu LU Fraise - 150g","p":1.87,"u":"12,47 €/KG","img":"https://fd13-photos.leclercdrive.fr/image.ashx?id=2182876&use=l&cat=p&typeid=i","cat":284495},{"id":54494,"n":"Biscuits Petit Ecolier LU Chocolat au lait - 2x150g","p":3.32,"u":"11,07 €/KG","img":"https://fd13-photos.leclercdrive.fr/image.ashx?id=3009122&use=l&cat=p&typeid=i","cat":284488},{"id":54513,"n":"Falafels Végé - 200g","p":1.99,"u":"9,95 €/KG","img":"https://fd13-photos.leclercdrive.fr/image.ashx?id=2865266&use=l&cat=p&typeid=i","cat":316036},{"id":54520,"n":"Pâte a pizza Tablier Blanc Rectangle - 385g","p":1.3,"u":"3,38 €/KG","img":"https://fd13-photos.leclercdrive.fr/image.ashx?id=2635925&use=l&cat=p&typeid=i","cat":333681},{"id":54522,"n":"Pâte feuilletée Tablier Blanc A dérouler - x2 - 460g","p":1.48,"u":"3,22 €/KG","img":"https://fd13-photos.leclercdrive.fr/image.ashx?id=2635928&use=l&cat=p&typeid=i","cat":333681},{"id":54542,"n":"Boisson sans alcool D'Artigny Cassis - 75cl","p":3.6,"u":"4,80 €/L","img":"https://fd13-photos.leclercdrive.fr/image.ashx?id=2854399&use=l&cat=p&typeid=i","cat":289460},{"id":54612,"n":"Corn Flakes bio Bio Village Nature - 375g","p":2.4,"u":"6,40 €/KG","img":"https://fd13-photos.leclercdrive.fr/image.ashx?id=2835226&use=l&cat=p&typeid=i","cat":309513},{"id":54857,"n":"Polenta Turini  500g","p":1.19,"u":"2,38 €/KG","img":"https://fd13-photos.leclercdrive.fr/image.ashx?id=2682792&use=l&cat=p&typeid=i","cat":284431},{"id":54860,"n":"Mix apéritif Bio Village  Bio -  120g","p":2.74,"u":"22,83 €/KG","img":"https://fd13-photos.leclercdrive.fr/image.ashx?id=1944243&use=l&cat=p&typeid=i","cat":284448},{"id":54926,"n":"Mousse liégeoise Viennois  Café - 4x90g","p":1.81,"u":"5,03 €/KG","img":"https://fd13-photos.leclercdrive.fr/image.ashx?id=2729788&use=l&cat=p&typeid=i","cat":284417},{"id":54944,"n":"Cône Nestlé Extrême  Café intense - 6x71g","p":3.75,"u":"8,80 €/KG","img":"https://fd13-photos.leclercdrive.fr/image.ashx?id=3000435&use=l&cat=p&typeid=i","cat":284264},{"id":54957,"n":"Cône Extrême Nestle Vanille Fraise - 6x71g","p":3.57,"u":"8,38 €/KG","img":"https://fd13-photos.leclercdrive.fr/image.ashx?id=2353113&use=l&cat=p&typeid=i","cat":284264},{"id":54958,"n":"Cône Extrême Nestle Menthe chocolat - 6x71g","p":3.65,"u":"8,57 €/KG","img":"https://fd13-photos.leclercdrive.fr/image.ashx?id=2737048&use=l&cat=p&typeid=i","cat":284264},{"id":54959,"n":"Cône Extrême Intense Nestle Pistache Chocolat - 6x71g","p":3.99,"u":"9,37 €/KG","img":"https://fd13-photos.leclercdrive.fr/image.ashx?id=2353116&use=l&cat=p&typeid=i","cat":284264},{"id":55033,"n":"Fromage à Tartiner Tartare Ail et Fines Herbes 16P - 250g","p":3.64,"u":"14,56 €/KG","img":"https://fd13-photos.leclercdrive.fr/image.ashx?id=2732887&use=l&cat=p&typeid=i","cat":314029},{"id":55069,"n":"Bière La Rousse aux 3 malts 6.5%vol - 75cl","p":4.94,"u":"6,59 €/L","img":"https://fd13-photos.leclercdrive.fr/image.ashx?id=2432964&use=l&cat=p&typeid=i","cat":334872},{"id":55102,"n":"Dentifrice expert Bionaïa Menthe Bio - 75ml","p":1.79,"u":"23,87 €/L","img":"https://fd13-photos.leclercdrive.fr/image.ashx?id=2529540&use=l&cat=p&typeid=i","cat":284612},{"id":55104,"n":"Recharge brosse à dents Dentamyl - Double zone - x2","p":6.99,"u":"3,50 €/P","img":"https://fd13-photos.leclercdrive.fr/image.ashx?id=2790988&use=l&cat=p&typeid=i","cat":297133},{"id":55106,"n":"Culottes Always Discreet Taille Basse - Normal - L- x10","p":9.85,"u":"0,99 €/P","img":"https://fd13-photos.leclercdrive.fr/image.ashx?id=2520596&use=l&cat=p&typeid=i","cat":284628},{"id":55109,"n":"Recharge brosse à dents Dentamyl Sensitive x2","p":6.99,"u":"3,50 €/P","img":"https://fd13-photos.leclercdrive.fr/image.ashx?id=2790991&use=l&cat=p&typeid=i","cat":297133},{"id":55116,"n":"Plat à tarte Elembal  x3","p":2.05,"u":"0,68 €/P","img":"https://fd13-photos.leclercdrive.fr/image.ashx?id=2511123&use=l&cat=p&typeid=i","cat":334134},{"id":55144,"n":"Emincés de poulet Fleury Michon Rôti sans nitrite 2x75g","p":2.48,"u":"16,53 €/KG","img":"https://fd13-photos.leclercdrive.fr/image.ashx?id=2649804&use=l&cat=p&typeid=i","cat":316011},{"id":55145,"n":"Allumettes Fleury Michon Jambon cuit - 2x75g","p":1.23,"u":"8,20 €/KG","img":"https://fd13-photos.leclercdrive.fr/image.ashx?id=2651047&use=l&cat=p&typeid=i","cat":316011},{"id":55146,"n":"Jambon à poêler Fleury Michon 2x80g","p":2.99,"u":"18,69 €/KG","img":"https://fd13-photos.leclercdrive.fr/image.ashx?id=2975155&use=l&cat=p&typeid=i","cat":316009},{"id":55160,"n":"Brioche tréssée Pasquier Tranchée Pépite chocolat - 500g","p":2.82,"u":"5,64 €/KG","img":"https://fd13-photos.leclercdrive.fr/image.ashx?id=2971969&use=l&cat=p&typeid=i","cat":284478},{"id":55197,"n":"Plat bébé soir Blédiner 12 mois Macaroni ratatouille - 2x200g","p":2.44,"u":"6,10 €/KG","img":"https://fd13-photos.leclercdrive.fr/image.ashx?id=2845826&use=l&cat=p&typeid=i","cat":312239},{"id":55206,"n":"Plat bébé Blédina 12 mois Pâtes tomate jambon - 2x200g","p":2.4,"u":"6,00 €/KG","img":"https://fd13-photos.leclercdrive.fr/image.ashx?id=2975071&use=l&cat=p&typeid=i","cat":312237},{"id":55233,"n":"Dosettes Café Carte Noire  Arabica Espresso n°8 x36 - 250g","p":6.21,"u":"24,84 €/KG","img":"https://fd13-photos.leclercdrive.fr/image.ashx?id=2908789&use=l&cat=p&typeid=i","cat":293238},{"id":55234,"n":"Dosettes Café Carte Noire  Arabica Corsé n°7 x36 - 250g","p":6.23,"u":"24,92 €/KG","img":"https://fd13-photos.leclercdrive.fr/image.ashx?id=2909236&use=l&cat=p&typeid=i","cat":293238},{"id":55235,"n":"Dosettes Café Carte Noire  Arabica Classique n5 x36 - 250g","p":6.23,"u":"24,92 €/KG","img":"https://fd13-photos.leclercdrive.fr/image.ashx?id=2908795&use=l&cat=p&typeid=i","cat":293238},{"id":55260,"n":"Rôti de porc supérieur L'Atelier Charcuterie x4 -180g","p":3.68,"u":"20,44 €/KG","img":"https://fd13-photos.leclercdrive.fr/image.ashx?id=2744128&use=l&cat=p&typeid=i","cat":316009},{"id":55261,"n":"Pâté de campagne Breton L'Atelier Charcuterie - 170g","p":2.39,"u":"14,06 €/KG","img":"https://fd13-photos.leclercdrive.fr/image.ashx?id=2448285&use=l&cat=p&typeid=i","cat":316008},{"id":55262,"n":"Pâté Campagne Supérieur L'Atelier Charcuterie - 170g","p":2.08,"u":"12,24 €/KG","img":"https://fd13-photos.leclercdrive.fr/image.ashx?id=2905862&use=l&cat=p&typeid=i","cat":316008},{"id":55264,"n":"Mousse de foie Supérieure L'Atelier Charcuterie - 170g","p":2.19,"u":"12,88 €/KG","img":"https://fd13-photos.leclercdrive.fr/image.ashx?id=2882289&use=l&cat=p&typeid=i","cat":316008},{"id":55265,"n":"Mousse de canard Supérieure L'Atelier Charcuterie - 170g","p":2.71,"u":"15,94 €/KG","img":"https://fd13-photos.leclercdrive.fr/image.ashx?id=2769405&use=l&cat=p&typeid=i","cat":316008},{"id":55276,"n":"Brosse adhésive  Mamison Textile 36 feuilles","p":2.29,"img":"https://fd13-photos.leclercdrive.fr/image.ashx?id=1063565&use=l&cat=p&typeid=i","cat":284669},{"id":55343,"n":"Biscuits à thé Delacre Tea Time Assortiment Boîte Métal - 1kg","p":13.76,"u":"13,76 €/KG","img":"https://fd13-photos.leclercdrive.fr/image.ashx?id=2867969&use=l&cat=p&typeid=i","cat":284490},{"id":55381,"n":"Cacahuètes Tokapi  Grillées à sec - 120g","p":0.47,"u":"3,92 €/KG","img":"https://fd13-photos.leclercdrive.fr/image.ashx?id=2799778&use=l&cat=p&typeid=i","cat":284448},{"id":55415,"n":"Bougie Bien Air Anti-tabac 30h - x1","p":1.83,"img":"https://fd13-photos.leclercdrive.fr/image.ashx?id=2999613&use=l&cat=p&typeid=i","cat":284666},{"id":55429,"n":"Crème Chantilly UHT Président Aérosol sucré aromatisé - 250g","p":2.64,"u":"10,56 €/KG","img":"https://fd13-photos.leclercdrive.fr/image.ashx?id=2860169&use=l&cat=p&typeid=i","cat":284382},{"id":55439,"n":"Salade Niçoise Côté Snack Au thon - 250g","p":1.8,"u":"7,20 €/KG","img":"https://fd13-photos.leclercdrive.fr/image.ashx?id=2868316&use=l&cat=p&typeid=i","cat":284437},{"id":55452,"n":"Gougères au fromage x20 bouchées - 220g","p":4.5,"u":"20,45 €/KG","img":"https://fd13-photos.leclercdrive.fr/image.ashx?id=2633848&use=l&cat=p&typeid=i","cat":327280},{"id":55495,"n":"Baguette Tradition  285g","p":0.7,"u":"2,46 €/KG","img":"https://fd13-photos.leclercdrive.fr/image.ashx?id=2063134&use=l&cat=p&typeid=i","cat":284359},{"id":55527,"n":"Vin d'Espagne blanc François D'Aubigné - 150 cl","p":1.99,"u":"1,33 €/L","img":"https://fd13-photos.leclercdrive.fr/image.ashx?id=2751862&use=l&cat=p&typeid=i","cat":289557},{"id":55528,"n":"Vin d'Espagne rosé François D'Aubigné - 150 cl","p":1.99,"u":"1,33 €/L","img":"https://fd13-photos.leclercdrive.fr/image.ashx?id=2747734&use=l&cat=p&typeid=i","cat":289558},{"id":55529,"n":"Vin d'Espagne rouge François D'Aubigné - 150 cl","p":1.99,"u":"1,33 €/L","img":"https://fd13-photos.leclercdrive.fr/image.ashx?id=2774888&use=l&cat=p&typeid=i","cat":289556},{"id":55573,"n":"Soda Coca-Cola Original Bouteille - 1L","p":1.7,"u":"1,70 €/L","img":"https://fd13-photos.leclercdrive.fr/image.ashx?id=2194409&use=l&cat=p&typeid=i","cat":284530},{"id":55585,"n":"Verrines avocat crevettes x6 pièces - 270g","p":6.9,"u":"25,56 €/KG","img":"https://fd13-photos.leclercdrive.fr/image.ashx?id=2309972&use=l&cat=p&typeid=i","cat":327280},{"id":55586,"n":"Verrines de Tomate et Thon x6 pièces - 270g","p":6.98,"u":"25,85 €/KG","img":"https://fd13-photos.leclercdrive.fr/image.ashx?id=2445367&use=l&cat=p&typeid=i","cat":316003},{"id":55700,"n":"Haricots Verts Cassegrain Extra Fins Ceuillis main 110g","p":1.34,"u":"12,18 €/KG","img":"https://fd13-photos.leclercdrive.fr/image.ashx?id=2913034&use=l&cat=p&typeid=i","cat":312606},{"id":55766,"n":"AOP Crémant de Loire Brut - Lacheteau - 75cL","p":6.93,"u":"9,24 €/L","img":"https://fd13-photos.leclercdrive.fr/image.ashx?id=2431911&use=l&cat=p&typeid=i","cat":284545},{"id":55816,"n":"Lingettes désinfectantes 2en1 x10 lingettes","p":1.52,"img":"https://fd13-photos.leclercdrive.fr/image.ashx?id=2832981&use=l&cat=p&typeid=i","cat":284630},{"id":55887,"n":"Bougie Bien Air Vanille Caramel 30h - x1","p":1.8,"img":"https://fd13-photos.leclercdrive.fr/image.ashx?id=2399761&use=l&cat=p&typeid=i","cat":284666},{"id":55949,"n":"Riz soja bio Céréal Bio  à l'espagnol repas express-220g","p":2.29,"u":"10,41 €/KG","img":"https://fd13-photos.leclercdrive.fr/image.ashx?id=2575093&use=l&cat=p&typeid=i","cat":287600},{"id":56418,"n":"Vinaigre de cidre Bio Village Bio 75cl","p":2.09,"u":"2,79 €/L","img":"https://fd13-photos.leclercdrive.fr/image.ashx?id=1069902&use=l&cat=p&typeid=i","cat":298543},{"id":56435,"n":"Bouillon Kub Or Maggi  Déshydraté dégraissé - 128g","p":1.62,"u":"12,66 €/KG","img":"https://fd13-photos.leclercdrive.fr/image.ashx?id=2953977&use=l&cat=p&typeid=i","cat":288379},{"id":56440,"n":"Biscuit Citron Yuzu GERBLE  sans sucre 6 132g","p":1.89,"u":"14,32 €/KG","img":"https://fd13-photos.leclercdrive.fr/image.ashx?id=2664016&use=l&cat=p&typeid=i","cat":318653},{"id":56452,"n":"Cookie Cacao GERBLE  sans sucres - 130g","p":2.36,"u":"18,15 €/KG","img":"https://fd13-photos.leclercdrive.fr/image.ashx?id=2575057&use=l&cat=p&typeid=i","cat":318653},{"id":56457,"n":"Biscuit Sésame Vanille GERBLE  sans sucres - 132g","p":1.96,"u":"14,85 €/KG","img":"https://fd13-photos.leclercdrive.fr/image.ashx?id=2664013&use=l&cat=p&typeid=i","cat":318653},{"id":56464,"n":"Biscuit fourré cacao GERBLE   sans sucre 6 185g","p":2.74,"u":"14,81 €/KG","img":"https://fd13-photos.leclercdrive.fr/image.ashx?id=2662832&use=l&cat=p&typeid=i","cat":318653},{"id":56511,"n":"Galettes sarrasin Bretagne NRT x6 - 300g","p":1.89,"u":"6,30 €/KG","img":"https://fd13-photos.leclercdrive.fr/image.ashx?id=2770268&use=l&cat=p&typeid=i","cat":333672},{"id":56517,"n":"Eau minérale naturelle Contrex 6x1.5L","p":3.0,"u":"0,33 €/L","img":"https://fd13-photos.leclercdrive.fr/image.ashx?id=2758773&use=l&cat=p&typeid=i","cat":284535},{"id":56547,"n":"Flocons d'avoine bio Bio Village - 500g","p":1.48,"u":"2,96 €/KG","img":"https://fd13-photos.leclercdrive.fr/image.ashx?id=2688243&use=l&cat=p&typeid=i","cat":309512},{"id":56558,"n":"Croquettes chat Tous mes amis Boeuf/poulet/légumes - 7.5kg","p":10.46,"u":"1,39 €/KG","img":"https://fd13-photos.leclercdrive.fr/image.ashx?id=2319118&use=l&cat=p&typeid=i","cat":284680},{"id":56571,"n":"Tomates entières pelées bio Bio Village - 240g","p":1.04,"u":"4,33 €/KG","img":"https://fd13-photos.leclercdrive.fr/image.ashx?id=2302982&use=l&cat=p&typeid=i","cat":312608},{"id":56609,"n":"Fromage à tartiner Madame Loïk Fouetté Nature - 320g","p":3.25,"u":"10,16 €/KG","img":"https://fd13-photos.leclercdrive.fr/image.ashx?id=2967798&use=l&cat=p&typeid=i","cat":314029},{"id":56610,"n":"Fromage à tartiner Madame Loïk Fouetté Nature - 180g","p":2.02,"u":"11,22 €/KG","img":"https://fd13-photos.leclercdrive.fr/image.ashx?id=2948015&use=l&cat=p&typeid=i","cat":314029},{"id":56673,"n":"Crakers Tokapi Mini pizza - 4x85g","p":2.76,"u":"8,12 €/KG","img":"https://fd13-photos.leclercdrive.fr/image.ashx?id=1648072&use=l&cat=p&typeid=i","cat":297000},{"id":56683,"n":"Pur jus d'ananas Bio Village  Bio - 1L","p":3.81,"u":"3,81 €/L","img":"https://fd13-photos.leclercdrive.fr/image.ashx?id=2901539&use=l&cat=p&typeid=i","cat":284916},{"id":56741,"n":"Fromage raclette Entremont  Sans croûte - 350g","p":4.9,"u":"14,00 €/KG","img":"https://fd13-photos.leclercdrive.fr/image.ashx?id=2980902&use=l&cat=p&typeid=i","cat":314037},{"id":56765,"n":"Vinaigre de cidre Rustica 25cl","p":0.79,"u":"3,16 €/L","img":"https://fd13-photos.leclercdrive.fr/image.ashx?id=1072906&use=l&cat=p&typeid=i","cat":298543},{"id":56767,"n":"Vinaigre balsamique Rustica De Modène - 25cl","p":1.27,"u":"5,08 €/L","img":"https://fd13-photos.leclercdrive.fr/image.ashx?id=2777812&use=l&cat=p&typeid=i","cat":298543},{"id":56770,"n":"Fleur de sel de Guérande IGP  NRT - 125g","p":2.49,"u":"19,92 €/KG","img":"https://fd13-photos.leclercdrive.fr/image.ashx?id=2644924&use=l&cat=p&typeid=i","cat":284457},{"id":56789,"n":"Whisky Talisker Storm 45.8%vol - 70cL","p":39.62,"u":"56,60 €/L","img":"https://fd13-photos.leclercdrive.fr/image.ashx?id=2160039&use=l&cat=p&typeid=i","cat":284547},{"id":56831,"n":"Nuggets de poulet Maître Coq Sachet - 1kg","p":5.79,"u":"5,79 €/KG","img":"https://fd13-photos.leclercdrive.fr/image.ashx?id=2936404&use=l&cat=p&typeid=i","cat":319780},{"id":56845,"n":"Bâtonnets de poisson Findus  Colin d'Alaska MSC x16 - 448g","p":4.41,"u":"9,84 €/KG","img":"https://fd13-photos.leclercdrive.fr/image.ashx?id=2650684&use=l&cat=p&typeid=i","cat":319788},{"id":56852,"n":"Tablette de chocolat Côte d'or Lait Noisette - 4x180g","p":13.09,"u":"18,18 €/KG","img":"https://fd13-photos.leclercdrive.fr/image.ashx?id=2168660&use=l&cat=p&typeid=i","cat":284497},{"id":56860,"n":"Flûtes Tokapi Chèvre/romarin -  - 100g","p":1.59,"u":"15,90 €/KG","img":"https://fd13-photos.leclercdrive.fr/image.ashx?id=2374055&use=l&cat=p&typeid=i","cat":297000},{"id":56861,"n":"Mini-flûtes Tokapi Tomate/olive/origan - 100g","p":1.59,"u":"15,90 €/KG","img":"https://fd13-photos.leclercdrive.fr/image.ashx?id=2374058&use=l&cat=p&typeid=i","cat":297000},{"id":56872,"n":"Tartiflette Côté Table  350g","p":2.9,"u":"8,29 €/KG","img":"https://fd13-photos.leclercdrive.fr/image.ashx?id=2970456&use=l&cat=p&typeid=i","cat":284953},{"id":56873,"n":"Hachis parmentier Côté Table 350g","p":2.53,"u":"7,23 €/KG","img":"https://fd13-photos.leclercdrive.fr/image.ashx?id=2393893&use=l&cat=p&typeid=i","cat":284953},{"id":56874,"n":"Lasagnes bolognaise Côté Table Barquette - 350g","p":2.39,"u":"6,83 €/KG","img":"https://fd13-photos.leclercdrive.fr/image.ashx?id=2476164&use=l&cat=p&typeid=i","cat":284953},{"id":56885,"n":"Gel coiffant Vitanove Effet invisible - 300ml","p":1.96,"u":"6,53 €/L","img":"https://fd13-photos.leclercdrive.fr/image.ashx?id=2275418&use=l&cat=p&typeid=i","cat":284609},{"id":56935,"n":"Pâte à tartiner Nutella 400g","p":3.35,"u":"8,38 €/KG","img":"https://fd13-photos.leclercdrive.fr/image.ashx?id=2935645&use=l&cat=p&typeid=i","cat":284481},{"id":56953,"n":"Cordons bleus Côté Croc Au poulet x2 - 200g","p":1.59,"u":"7,95 €/KG","img":"https://fd13-photos.leclercdrive.fr/image.ashx?id=2801046&use=l&cat=p&typeid=i","cat":333683},{"id":56962,"n":"IGP Pays d'Oc Vin blanc Bio Chardonnay Autrement - 75cl","p":5.5,"u":"7,33 €/L","img":"https://fd13-photos.leclercdrive.fr/image.ashx?id=2108006&use=l&cat=p&typeid=i","cat":289557},{"id":56967,"n":"Biscuits déli Matin P'tit Deli Pepites chocolat -  600g","p":3.31,"u":"5,52 €/KG","img":"https://fd13-photos.leclercdrive.fr/image.ashx?id=2999514&use=l&cat=p&typeid=i","cat":284491},{"id":56968,"n":"Rhum ambré Trois Rivières 40% vol - 70cl","p":16.26,"u":"23,23 €/L","img":"https://fd13-photos.leclercdrive.fr/image.ashx?id=2973670&use=l&cat=p&typeid=i","cat":284550},{"id":56991,"n":"Eau de javel Clair Citron - 3x250ml","p":1.3,"u":"1,73 €/L","img":"https://fd13-photos.leclercdrive.fr/image.ashx?id=1073466&use=l&cat=p&typeid=i","cat":284661},{"id":56992,"n":"Sauce roquefort Ferial  120g","p":1.69,"u":"14,08 €/KG","img":"https://fd13-photos.leclercdrive.fr/image.ashx?id=2636245&use=l&cat=p&typeid=i","cat":284382},{"id":57007,"n":"Fromage tartiflette Les Croisés 27%mg - 250g","p":2.88,"u":"11,52 €/KG","img":"https://fd13-photos.leclercdrive.fr/image.ashx?id=2793248&use=l&cat=p&typeid=i","cat":314037},{"id":57020,"n":"Ossau iraty NRT AOP  Fromage de brebis - 200g","p":3.99,"u":"19,95 €/KG","img":"https://fd13-photos.leclercdrive.fr/image.ashx?id=2342632&use=l&cat=p&typeid=i","cat":329184},{"id":57034,"n":"Fromage Mini Mont d'Or NRT AOP  x1 - 400g","p":8.85,"u":"22,13 €/KG","img":"https://fd13-photos.leclercdrive.fr/image.ashx?id=2934844&use=l&cat=p&typeid=i","cat":314037},{"id":57040,"n":"Bière blanche 1664 Blanc 5° - 6x25cl","p":4.54,"u":"3,03 €/L","img":"https://fd13-photos.leclercdrive.fr/image.ashx?id=2886699&use=l&cat=p&typeid=i","cat":334878},{"id":57041,"n":"Bière blonde 1664 5,5° - 6x33cl canettes","p":4.99,"pp":3.29,"u":"1,66 €/L","img":"https://fd13-photos.leclercdrive.fr/image.ashx?id=2887566&use=l&cat=p&typeid=i","cat":334853},{"id":57044,"n":"Bière blonde Kronenbourg 4,2° - 12x33cl canettes","p":7.59,"u":"1,92 €/L","img":"https://fd13-photos.leclercdrive.fr/image.ashx?id=2854366&use=l&cat=p&typeid=i","cat":334853},{"id":57119,"n":"Super décapant cuisine Briochin Ecocert - 1L","p":3.9,"u":"3,90 €/L","img":"https://fd13-photos.leclercdrive.fr/image.ashx?id=3011401&use=l&cat=p&typeid=i","cat":325357},{"id":57151,"n":"Mousse Délisse Chocolat au lait - 8x60g","p":2.25,"u":"4,69 €/KG","img":"https://fd13-photos.leclercdrive.fr/image.ashx?id=3009517&use=l&cat=p&typeid=i","cat":284417},{"id":57274,"n":"Boisson aux fruits Oasis Goût Pomme Cassis Framboise 1L","p":1.82,"u":"1,82 €/L","img":"https://fd13-photos.leclercdrive.fr/image.ashx?id=3011083&use=l&cat=p&typeid=i","cat":295018},{"id":57284,"n":"AOC Prosecco Riccadonna Extra Dry - 11° - 75cl","p":6.29,"u":"8,39 €/L","img":"https://fd13-photos.leclercdrive.fr/image.ashx?id=2666303&use=l&cat=p&typeid=i","cat":289461},{"id":57288,"n":"Jeunes pousses & roquettes  Bonduelle - 145g","p":2.09,"u":"14,41 €/KG","img":"https://fd13-photos.leclercdrive.fr/image.ashx?id=2862128&use=l&cat=p&typeid=i","cat":284353},{"id":57307,"n":"Pur jus Jafaden Orange, raisin, clémentine, pamplemousse - 1L","p":2.29,"u":"2,29 €/L","img":"https://fd13-photos.leclercdrive.fr/image.ashx?id=2869799&use=l&cat=p&typeid=i","cat":284917},{"id":57391,"n":"Salade Garden Sodebo Caesar Poulet - 240g","p":3.92,"u":"16,33 €/KG","img":"https://fd13-photos.leclercdrive.fr/image.ashx?id=2939496&use=l&cat=p&typeid=i","cat":333657},{"id":57685,"n":"Pots bébé bio Babybio Légumes poulet - 6 mois - 400g","p":2.85,"u":"7,13 €/KG","img":"https://fd13-photos.leclercdrive.fr/image.ashx?id=2827422&use=l&cat=p&typeid=i","cat":312236},{"id":57688,"n":"Bols soir bébé bio Babybio Purée, courgette -8 mois-2x200g","p":3.29,"u":"8,23 €/KG","img":"https://fd13-photos.leclercdrive.fr/image.ashx?id=2859365&use=l&cat=p&typeid=i","cat":312239},{"id":57691,"n":"Gourde bébé Babybio Bio 6 mois Pomme/poire/pêche - 4x90g","p":3.58,"u":"9,94 €/KG","img":"https://fd13-photos.leclercdrive.fr/image.ashx?id=2733319&use=l&cat=p&typeid=i","cat":312393},{"id":57693,"n":"Crème dessert bébé bio Babybio  Semoule cacao -8 mois- 4x85g","p":3.51,"u":"10,32 €/KG","img":"https://fd13-photos.leclercdrive.fr/image.ashx?id=2834527&use=l&cat=p&typeid=i","cat":312393},{"id":57694,"n":"Crème dessert bébé bio Babybio  Semoule vanille -6 mois- 4x85g","p":3.51,"u":"10,32 €/KG","img":"https://fd13-photos.leclercdrive.fr/image.ashx?id=2834530&use=l&cat=p&typeid=i","cat":312393},{"id":57696,"n":"Pots bébé bio Babybio - 6 mois  Légumes pâtes boeuf - 2x200g","p":3.11,"u":"7,78 €/KG","img":"https://fd13-photos.leclercdrive.fr/image.ashx?id=2838301&use=l&cat=p&typeid=i","cat":312236},{"id":57703,"n":"Bols bébé soir bio Babybio Légumes pâtes - 8 mois - 2x200g","p":2.88,"u":"7,20 €/KG","img":"https://fd13-photos.leclercdrive.fr/image.ashx?id=2838311&use=l&cat=p&typeid=i","cat":312239},{"id":57705,"n":"Compote bébé Babybio Bio 4 mois Mirabelle Pomme - 2x130g","p":2.06,"u":"7,92 €/KG","img":"https://fd13-photos.leclercdrive.fr/image.ashx?id=2834518&use=l&cat=p&typeid=i","cat":312387},{"id":57706,"n":"Salades Bonduelle Tortis, concombres, saumon 300g","p":2.99,"u":"9,97 €/KG","img":"https://fd13-photos.leclercdrive.fr/image.ashx?id=2905303&use=l&cat=p&typeid=i","cat":333657},{"id":57713,"n":"Vin Union européenne blanc Lichette Alouettes - 5L","p":13.38,"u":"2,68 €/L","img":"https://fd13-photos.leclercdrive.fr/image.ashx?id=2859194&use=l&cat=p&typeid=i","cat":289557},{"id":57763,"n":"Pâtes Serpentini Panzani 3 Minutes - 500g","p":1.38,"u":"2,76 €/KG","img":"https://fd13-photos.leclercdrive.fr/image.ashx?id=2896078&use=l&cat=p&typeid=i","cat":284427},{"id":57764,"n":"Pâtes Farfalle Panzani  3 Minutes - 500G","p":1.26,"u":"2,52 €/KG","img":"https://fd13-photos.leclercdrive.fr/image.ashx?id=2896090&use=l&cat=p&typeid=i","cat":284427},{"id":57772,"n":"Chocolat noir Lindt Création Menthe frappée - 150g","p":3.09,"u":"20,60 €/KG","img":"https://fd13-photos.leclercdrive.fr/image.ashx?id=2685817&use=l&cat=p&typeid=i","cat":284956},{"id":57779,"n":"Capsules café Plantation Espresso n°5 - x16 - 92g","p":2.69,"u":"29,24 €/KG","img":"https://fd13-photos.leclercdrive.fr/image.ashx?id=2649729&use=l&cat=p&typeid=i","cat":293239},{"id":57782,"n":"Capsules café Plantation Cappuccino - 2x8 - 166g","p":3.45,"u":"20,78 €/KG","img":"https://fd13-photos.leclercdrive.fr/image.ashx?id=2856558&use=l&cat=p&typeid=i","cat":293239},{"id":57783,"n":"Capsules café Plantation Espresso forte n°7 - x16 - 105g","p":2.99,"u":"28,48 €/KG","img":"https://fd13-photos.leclercdrive.fr/image.ashx?id=2649732&use=l&cat=p&typeid=i","cat":293239},{"id":57785,"n":"Capsules café Plantation Lungo n°6 - x16 - 99.2g","p":2.69,"u":"27,17 €/KG","img":"https://fd13-photos.leclercdrive.fr/image.ashx?id=2649735&use=l&cat=p&typeid=i","cat":293239},{"id":57786,"n":"Capsules café Plantation Gigante n°5 - x16 - 112g","p":2.99,"u":"26,70 €/KG","img":"https://fd13-photos.leclercdrive.fr/image.ashx?id=2649738&use=l&cat=p&typeid=i","cat":293239},{"id":57804,"n":"Tomato Ketchup Heinz - 570g","p":2.25,"u":"3,95 €/KG","img":"https://fd13-photos.leclercdrive.fr/image.ashx?id=2924944&use=l&cat=p&typeid=i","cat":284455},{"id":57812,"n":"Petits pots bébé P'TITE RECETTE Couscous 8M+ - 2x200g","p":1.96,"u":"4,90 €/KG","img":"https://fd13-photos.leclercdrive.fr/image.ashx?id=2525696&use=l&cat=p&typeid=i","cat":312236},{"id":57814,"n":"Petits pots bébé P'TITE RECETTE Hachis Parmentier 8M+ - 2x200g","p":1.86,"u":"4,65 €/KG","img":"https://fd13-photos.leclercdrive.fr/image.ashx?id=2629689&use=l&cat=p&typeid=i","cat":312236},{"id":57815,"n":"Petits pots bébé P'TITE RECETTE Spaghetti bolognaise 8m -2x200g","p":1.84,"u":"4,60 €/KG","img":"https://fd13-photos.leclercdrive.fr/image.ashx?id=2629683&use=l&cat=p&typeid=i","cat":312236},{"id":57816,"n":"Petits pots bébé P'TITE RECETTE Pot au feu 8M+ - 2x200g","p":2.19,"u":"5,48 €/KG","img":"https://fd13-photos.leclercdrive.fr/image.ashx?id=2518415&use=l&cat=p&typeid=i","cat":312236},{"id":57821,"n":"Petits pots bébé PTIT SOUPER pâtes courgettes 6M+ - 2x200g","p":2.05,"u":"5,13 €/KG","img":"https://fd13-photos.leclercdrive.fr/image.ashx?id=2526523&use=l&cat=p&typeid=i","cat":312239},{"id":57823,"n":"Petits pots bébé P'TIT SOUPER Carottes semoule 6M+ - 2x200g","p":1.82,"u":"4,55 €/KG","img":"https://fd13-photos.leclercdrive.fr/image.ashx?id=2527109&use=l&cat=p&typeid=i","cat":312239},{"id":57824,"n":"Petits pots bébé P'TIT SOUPER Risotto carottes 12M+ - 2x200g","p":1.94,"u":"4,85 €/KG","img":"https://fd13-photos.leclercdrive.fr/image.ashx?id=2526526&use=l&cat=p&typeid=i","cat":312239},{"id":57839,"n":"Saucisse de Toulouse Bigard Label Rouge - 400g","p":4.9,"u":"12,25 €/KG","img":"https://fd13-photos.leclercdrive.fr/image.ashx?id=2008715&use=l&cat=p&typeid=i","cat":284334},{"id":57883,"n":"Petits pots bébé P'TITE RECETTE  riz dinde 12M+ - 2x200g","p":1.84,"u":"4,60 €/KG","img":"https://fd13-photos.leclercdrive.fr/image.ashx?id=2629686&use=l&cat=p&typeid=i","cat":312237},{"id":57953,"n":"Papier cuisson Albal x16 feuilles","p":2.83,"img":"https://fd13-photos.leclercdrive.fr/image.ashx?id=2551447&use=l&cat=p&typeid=i","cat":334134},{"id":57956,"n":"Serviettes fuites urinaires  TENA Discreet - Mini - x20","p":3.62,"u":"0,18 €/P","img":"https://fd13-photos.leclercdrive.fr/image.ashx?id=2597241&use=l&cat=p&typeid=i","cat":284628},{"id":57958,"n":"Eau de toilette Alix De Faure Nature de feu - 100ml","p":4.55,"u":"45,50 €/L","img":"https://fd13-photos.leclercdrive.fr/image.ashx?id=2741300&use=l&cat=p&typeid=i","cat":287740},{"id":58119,"n":"Madeleines longue pépites sucre Le Ster x20 - 250g","p":1.66,"u":"6,64 €/KG","img":"https://fd13-photos.leclercdrive.fr/image.ashx?id=2962566&use=l&cat=p&typeid=i","cat":284492},{"id":58122,"n":"Colin d'Alaska Findus Façon meuniere - x2 - 250g","p":2.75,"u":"11,00 €/KG","img":"https://fd13-photos.leclercdrive.fr/image.ashx?id=2654914&use=l&cat=p&typeid=i","cat":319788},{"id":58125,"n":"flan dany chocolat 4x100g","p":1.5,"u":"3,75 €/KG","img":"https://fd13-photos.leclercdrive.fr/image.ashx?id=2132316&use=l&cat=p&typeid=i","cat":284414},{"id":58138,"n":"Chocolat Noir Bio village Aux éclats d'amandes Bio - 100g","p":2.19,"u":"21,90 €/KG","img":"https://fd13-photos.leclercdrive.fr/image.ashx?id=2891896&use=l&cat=p&typeid=i","cat":284956},{"id":58141,"n":"Lentilles corail Bio Village Bio - 450g","p":1.97,"u":"4,38 €/KG","img":"https://fd13-photos.leclercdrive.fr/image.ashx?id=3002665&use=l&cat=p&typeid=i","cat":284430},{"id":58142,"n":"Confiture extra bio Bio Village Cassis - 370g","p":2.59,"u":"7,00 €/KG","img":"https://fd13-photos.leclercdrive.fr/image.ashx?id=2459587&use=l&cat=p&typeid=i","cat":284480},{"id":58143,"n":"Soin de jour L'Oréal Paris Age Perfect anti-âge - 50ml","p":11.97,"pp":7.9,"u":"158,00 €/L","img":"https://fd13-photos.leclercdrive.fr/image.ashx?id=2769744&use=l&cat=p&typeid=i","cat":325345},{"id":58201,"n":"Désodorisant Bien Air  Senteur muguet - 300ml","p":1.09,"u":"3,63 €/L","img":"https://fd13-photos.leclercdrive.fr/image.ashx?id=2607942&use=l&cat=p&typeid=i","cat":311626},{"id":58202,"n":"Désodorisant Bien Air Floral - 300ml","p":1.09,"u":"3,63 €/L","img":"https://fd13-photos.leclercdrive.fr/image.ashx?id=2614573&use=l&cat=p&typeid=i","cat":311626},{"id":58203,"n":"Désodorisant Bien Air  Fruits rouges - 300ml","p":1.35,"u":"4,50 €/L","img":"https://fd13-photos.leclercdrive.fr/image.ashx?id=2613723&use=l&cat=p&typeid=i","cat":311626},{"id":58214,"n":"Carré gourmand Garden Gourmet Tomates et mozzarella 160g","p":2.35,"u":"14,69 €/KG","img":"https://fd13-photos.leclercdrive.fr/image.ashx?id=3009107&use=l&cat=p&typeid=i","cat":316036},{"id":58218,"n":"Croissants Côté Table Jambon emmental - 2x170g","p":2.92,"u":"8,59 €/KG","img":"https://fd13-photos.leclercdrive.fr/image.ashx?id=2885128&use=l&cat=p&typeid=i","cat":333671},{"id":58220,"n":"Quenelles Côté Table x6 - 240g","p":1.21,"u":"5,04 €/KG","img":"https://fd13-photos.leclercdrive.fr/image.ashx?id=1944237&use=l&cat=p&typeid=i","cat":333682},{"id":58222,"n":"Nuggets Côté Croc Fromage - 180g","p":1.84,"u":"10,22 €/KG","img":"https://fd13-photos.leclercdrive.fr/image.ashx?id=2462260&use=l&cat=p&typeid=i","cat":333684},{"id":58232,"n":"Pâte feuilletée Tablier Blanc Rectangulaire - 230g","p":1.14,"u":"4,96 €/KG","img":"https://fd13-photos.leclercdrive.fr/image.ashx?id=2073489&use=l&cat=p&typeid=i","cat":333681},{"id":58314,"n":"Verrines tartare de concombre et surimi x6 pièces - 270g","p":6.48,"u":"24,00 €/KG","img":"https://fd13-photos.leclercdrive.fr/image.ashx?id=2331402&use=l&cat=p&typeid=i","cat":316003},{"id":58365,"n":"Tartelettes Chocolat P'tit Déli Fourrées au lait - 225g","p":1.39,"u":"6,18 €/KG","img":"https://fd13-photos.leclercdrive.fr/image.ashx?id=2523715&use=l&cat=p&typeid=i","cat":284488},{"id":58428,"n":"Sachet fraicheur chat Sheba Boeuf poulet en sauce - 6x50g","p":2.59,"u":"8,63 €/KG","img":"https://fd13-photos.leclercdrive.fr/image.ashx?id=2895927&use=l&cat=p&typeid=i","cat":285286},{"id":58444,"n":"Cacahuètes Benenuts-Twinuts Nature format familial - 260g","p":1.92,"u":"7,38 €/KG","img":"https://fd13-photos.leclercdrive.fr/image.ashx?id=2967744&use=l&cat=p&typeid=i","cat":284448},{"id":58449,"n":"Tomates pelées entières D'aucy 238g","p":1.01,"u":"4,24 €/KG","img":"https://fd13-photos.leclercdrive.fr/image.ashx?id=2503425&use=l&cat=p&typeid=i","cat":312608},{"id":58450,"n":"Tomates pelées entières D'aucy 476g","p":1.62,"u":"3,40 €/KG","img":"https://fd13-photos.leclercdrive.fr/image.ashx?id=2751996&use=l&cat=p&typeid=i","cat":312608},{"id":58453,"n":"Sachets repas chats Gourmet Mon Petit - Volaille - 6x50g","p":2.48,"u":"8,27 €/KG","img":"https://fd13-photos.leclercdrive.fr/image.ashx?id=2899689&use=l&cat=p&typeid=i","cat":285286},{"id":58459,"n":"Croquettes chat Purina One Adulte - Boeuf/Céréales - 1.5Kg","p":6.77,"u":"4,51 €/KG","img":"https://fd13-photos.leclercdrive.fr/image.ashx?id=2433548&use=l&cat=p&typeid=i","cat":284680},{"id":58463,"n":"Gâche tranchée La Fournée Dorée 500g","p":2.17,"u":"4,34 €/KG","img":"https://fd13-photos.leclercdrive.fr/image.ashx?id=2277956&use=l&cat=p&typeid=i","cat":284478},{"id":58490,"n":"Sauce Béchamel Maggi 350ml","p":1.66,"u":"4,74 €/L","img":"https://fd13-photos.leclercdrive.fr/image.ashx?id=2977726&use=l&cat=p&typeid=i","cat":288381},{"id":58502,"n":"Croquettes chat Purina One Stérilisé Adulte-Dinde/Blé -3kg","p":14.6,"u":"4,87 €/KG","img":"https://fd13-photos.leclercdrive.fr/image.ashx?id=2488055&use=l&cat=p&typeid=i","cat":284680},{"id":58505,"n":"Bière blonde Heineken Sans alcool - 6x25cl","p":4.31,"u":"2,87 €/L","img":"https://fd13-photos.leclercdrive.fr/image.ashx?id=2948528&use=l&cat=p&typeid=i","cat":334877},{"id":58510,"n":"Jambon cru fumé Eco+ 14 tranches - 200g","p":1.96,"u":"9,80 €/KG","img":"https://fd13-photos.leclercdrive.fr/image.ashx?id=2779172&use=l&cat=p&typeid=i","cat":316007},{"id":58511,"n":"Salami Danois fumé Eco+ 20 tranches - 200g","p":1.09,"u":"5,45 €/KG","img":"https://fd13-photos.leclercdrive.fr/image.ashx?id=2573713&use=l&cat=p&typeid=i","cat":316007},{"id":58525,"n":"Salade choux rouge  Menu fraîcheur - 300g","p":1.81,"u":"6,03 €/KG","img":"https://fd13-photos.leclercdrive.fr/image.ashx?id=2901458&use=l&cat=p&typeid=i","cat":333657},{"id":58526,"n":"Salade cervelas Menu fraîcheur 300g","p":2.57,"u":"8,57 €/KG","img":"https://fd13-photos.leclercdrive.fr/image.ashx?id=2645957&use=l&cat=p&typeid=i","cat":333657},{"id":58529,"n":"Pâte à tartiner L.Georgelin Cacao noisettes - 400g","p":4.56,"u":"11,40 €/KG","img":"https://fd13-photos.leclercdrive.fr/image.ashx?id=1557088&use=l&cat=p&typeid=i","cat":284481},{"id":58548,"n":"Sachets repas chats Purina One Sauce boeuf poulet x4 - 340g","p":2.03,"u":"5,97 €/KG","img":"https://fd13-photos.leclercdrive.fr/image.ashx?id=2468239&use=l&cat=p&typeid=i","cat":285286},{"id":58570,"n":"Friandises chien Pedigree  Récompense bœuf volaille - 155g","p":1.75,"u":"11,29 €/KG","img":"https://fd13-photos.leclercdrive.fr/image.ashx?id=2924779&use=l&cat=p&typeid=i","cat":294527},{"id":58577,"n":"Dessert bébé lacté Blédina 6m Abricot - 6x55g","p":2.09,"u":"6,33 €/KG","img":"https://fd13-photos.leclercdrive.fr/image.ashx?id=2952448&use=l&cat=p&typeid=i","cat":312392},{"id":58578,"n":"Dessert bébé lacté Blédina 6m Fraise - 6x55g","p":2.24,"u":"6,79 €/KG","img":"https://fd13-photos.leclercdrive.fr/image.ashx?id=2952451&use=l&cat=p&typeid=i","cat":312392},{"id":58613,"n":"Haricots verts Gillet  Extra fins, bocal - 345g","p":3.5,"u":"10,14 €/KG","img":"https://fd13-photos.leclercdrive.fr/image.ashx?id=1867183&use=l&cat=p&typeid=i","cat":312606},{"id":58618,"n":"Tarte Côté Table Saumon Poireau - 400g","p":3.09,"u":"7,73 €/KG","img":"https://fd13-photos.leclercdrive.fr/image.ashx?id=2791821&use=l&cat=p&typeid=i","cat":284257},{"id":58621,"n":"Asperges blanches Géant Vert mini - 110g","p":2.1,"u":"19,09 €/KG","img":"https://fd13-photos.leclercdrive.fr/image.ashx?id=2840554&use=l&cat=p&typeid=i","cat":312611},{"id":58625,"n":"Cœurs de palmiers Géant Vert - 220g","p":3.56,"u":"16,18 €/KG","img":"https://fd13-photos.leclercdrive.fr/image.ashx?id=2840560&use=l&cat=p&typeid=i","cat":312611},{"id":58626,"n":"Coeurs d'artichauts Géant Vert - 240g","p":2.93,"u":"12,21 €/KG","img":"https://fd13-photos.leclercdrive.fr/image.ashx?id=2840566&use=l&cat=p&typeid=i","cat":312611},{"id":58628,"n":"Galettes riz bio bjorg  Complet  - 130g","p":1.29,"u":"9,92 €/KG","img":"https://fd13-photos.leclercdrive.fr/image.ashx?id=2978002&use=l&cat=p&typeid=i","cat":318651},{"id":58629,"n":"galettes de maïs bio bjorg Extra fines - 130g","p":1.39,"u":"10,69 €/KG","img":"https://fd13-photos.leclercdrive.fr/image.ashx?id=2978005&use=l&cat=p&typeid=i","cat":318651},{"id":58655,"n":"Poêlée fermière Notre Jardin 750g","p":2.89,"u":"3,85 €/KG","img":"https://fd13-photos.leclercdrive.fr/image.ashx?id=2878597&use=l&cat=p&typeid=i","cat":319823},{"id":58674,"n":"Saucisse de veau x6 - 330g","p":4.48,"u":"13,58 €/KG","img":"https://fd13-photos.leclercdrive.fr/image.ashx?id=2831284&use=l&cat=p&typeid=i","cat":284334},{"id":58676,"n":"Saucisses fumées Férial x4 - 360g","p":3.99,"u":"11,08 €/KG","img":"https://fd13-photos.leclercdrive.fr/image.ashx?id=2693156&use=l&cat=p&typeid=i","cat":316012},{"id":58686,"n":"Mini moelleux au chocolat Autour du Dessert - 8x24g","p":4.79,"u":"24,95 €/KG","img":"https://fd13-photos.leclercdrive.fr/image.ashx?id=1887235&use=l&cat=p&typeid=i","cat":284267},{"id":58703,"n":"Fraises entières Fruistar 650g","p":3.45,"u":"5,31 €/KG","img":"https://fd13-photos.leclercdrive.fr/image.ashx?id=2072623&use=l&cat=p&typeid=i","cat":284268},{"id":58715,"n":"Mini croque monsieur Côté Table x20 - 240g","p":4.64,"u":"19,33 €/KG","img":"https://fd13-photos.leclercdrive.fr/image.ashx?id=2217167&use=l&cat=p&typeid=i","cat":319774},{"id":58740,"n":"Haché à cuisiner Charal Happy Family - 600g","p":8.28,"u":"13,80 €/KG","img":"https://fd13-photos.leclercdrive.fr/image.ashx?id=2977330&use=l&cat=p&typeid=i","cat":319779},{"id":58939,"n":"Yaourt à boire Actimel fraise - 12x100g","p":3.89,"u":"3,24 €/KG","img":"https://fd13-photos.leclercdrive.fr/image.ashx?id=2996458&use=l&cat=p&typeid=i","cat":284415},{"id":58944,"n":"Yaourts à boire Actimel Nature - 12x100g","p":4.01,"u":"3,34 €/KG","img":"https://fd13-photos.leclercdrive.fr/image.ashx?id=2996461&use=l&cat=p&typeid=i","cat":284415},{"id":58946,"n":"Yaourts à boire Actimel Multifruits - 8x100g","p":3.34,"u":"4,18 €/KG","img":"https://fd13-photos.leclercdrive.fr/image.ashx?id=2996464&use=l&cat=p&typeid=i","cat":284415},{"id":58952,"n":"Yaourts à boire Actimel framboise fruit rouge - 12x100g","p":4.99,"u":"4,16 €/KG","img":"https://fd13-photos.leclercdrive.fr/image.ashx?id=2996476&use=l&cat=p&typeid=i","cat":284415},{"id":59025,"n":"Pur beurre cacahuète Jardin Bio Bio - 350g","p":3.79,"u":"10,83 €/KG","img":"https://fd13-photos.leclercdrive.fr/image.ashx?id=3000312&use=l&cat=p&typeid=i","cat":284481},{"id":59027,"n":"Dessert fruitier bio Jardin Bio Pomme nature - 680g","p":2.84,"u":"4,18 €/KG","img":"https://fd13-photos.leclercdrive.fr/image.ashx?id=2999297&use=l&cat=p&typeid=i","cat":284508},{"id":59039,"n":"Café Moulu Carte Noire  Arabica Douceur Intense 2x250g","p":9.67,"u":"19,34 €/KG","img":"https://fd13-photos.leclercdrive.fr/image.ashx?id=2869233&use=l&cat=p&typeid=i","cat":284750},{"id":59041,"n":"Céréales Extra Kellogg's Chocolat au lait - 800g","p":4.49,"u":"5,61 €/KG","img":"https://fd13-photos.leclercdrive.fr/image.ashx?id=2694941&use=l&cat=p&typeid=i","cat":309512},{"id":59043,"n":"Lait en poudre Régilait Entier - 300g","p":2.72,"u":"9,07 €/KG","img":"https://fd13-photos.leclercdrive.fr/image.ashx?id=2110074&use=l&cat=p&typeid=i","cat":293236},{"id":59108,"n":"Verrines duo de saumon Citron, aneth x6 - 270g","p":6.9,"u":"25,56 €/KG","img":"https://fd13-photos.leclercdrive.fr/image.ashx?id=2374228&use=l&cat=p&typeid=i","cat":327280},{"id":59213,"n":"Dosettes Café Carte Noire  Arabica Classique n5 x60 - 420g","p":9.4,"u":"22,38 €/KG","img":"https://fd13-photos.leclercdrive.fr/image.ashx?id=2922191&use=l&cat=p&typeid=i","cat":293238},{"id":59235,"n":"Café dosettes Tassimo L'Or Café Long Classique x24","p":6.68,"u":"42,82 €/KG","img":"https://fd13-photos.leclercdrive.fr/image.ashx?id=2100356&use=l&cat=p&typeid=i","cat":293240},{"id":59242,"n":"Gourde bébé Babybio Bio 6 mois Abricot/banane/pomme - 360g","p":3.58,"u":"9,94 €/KG","img":"https://fd13-photos.leclercdrive.fr/image.ashx?id=2850548&use=l&cat=p&typeid=i","cat":312393},{"id":59249,"n":"Huile de coco Jardin Bio Bio - 200ml","p":3.69,"u":"18,45 €/L","img":"https://fd13-photos.leclercdrive.fr/image.ashx?id=2790135&use=l&cat=p&typeid=i","cat":284453},{"id":59252,"n":"Café dosettes Tassimo Maxwell House - caramel x8","p":5.96,"u":"22,24 €/KG","img":"https://fd13-photos.leclercdrive.fr/image.ashx?id=2100254&use=l&cat=p&typeid=i","cat":293240},{"id":59253,"n":"Café dosettes Tassimo L'Or Petit Déjeuner Classique x24","p":7.65,"u":"38,44 €/KG","img":"https://fd13-photos.leclercdrive.fr/image.ashx?id=2100365&use=l&cat=p&typeid=i","cat":293240},{"id":59257,"n":"Café dosettes Tassimo Grand-mère - petit déjeuner x16","p":2.93,"u":"22,03 €/KG","img":"https://fd13-photos.leclercdrive.fr/image.ashx?id=2100359&use=l&cat=p&typeid=i","cat":293240},{"id":59277,"n":"Bonbons acidulés têtes brûlées Fraise/framboise-kitache-135g","p":1.95,"u":"14,44 €/KG","img":"https://fd13-photos.leclercdrive.fr/image.ashx?id=3008650&use=l&cat=p&typeid=i","cat":304250},{"id":59284,"n":"Maoam Mixx Haribo Sachet bonbons - 250g","p":1.88,"u":"7,52 €/KG","img":"https://fd13-photos.leclercdrive.fr/image.ashx?id=2876956&use=l&cat=p&typeid=i","cat":304250},{"id":59287,"n":"Cornichons Rustica 6 épices - 360g","p":2.31,"u":"6,42 €/KG","img":"https://fd13-photos.leclercdrive.fr/image.ashx?id=2916710&use=l&cat=p&typeid=i","cat":284458},{"id":59288,"n":"IGP Gros sel - Le Guérandais Sachet - 800g","p":1.18,"u":"1,48 €/KG","img":"https://fd13-photos.leclercdrive.fr/image.ashx?id=2458622&use=l&cat=p&typeid=i","cat":284457},{"id":59291,"n":"Sauce bolognaise Bio Village  Bio - 350g","p":1.69,"u":"4,83 €/KG","img":"https://fd13-photos.leclercdrive.fr/image.ashx?id=2753381&use=l&cat=p&typeid=i","cat":287599},{"id":59293,"n":"Sauce provençale Bio Village  Bio - 350g","p":1.63,"u":"4,66 €/KG","img":"https://fd13-photos.leclercdrive.fr/image.ashx?id=2712995&use=l&cat=p&typeid=i","cat":287599},{"id":59296,"n":"Sauce tomate Bio Village  Basilic bio - 350g","p":1.63,"u":"4,66 €/KG","img":"https://fd13-photos.leclercdrive.fr/image.ashx?id=2696289&use=l&cat=p&typeid=i","cat":287599},{"id":59299,"n":"Bonbons KINDER Schoko-Bons Chocolat au lait - 225G","p":3.92,"u":"17,42 €/KG","img":"https://fd13-photos.leclercdrive.fr/image.ashx?id=2679633&use=l&cat=p&typeid=i","cat":304238},{"id":59302,"n":"Chewing-gum Ice Fresh Hollywood Menthe fraîche - 87g","p":3.22,"u":"37,01 €/KG","img":"https://fd13-photos.leclercdrive.fr/image.ashx?id=2640812&use=l&cat=p&typeid=i","cat":304251},{"id":59307,"n":"Miami Pik Haribo Sachet bonbons acidulés - 200g","p":1.73,"u":"8,65 €/KG","img":"https://fd13-photos.leclercdrive.fr/image.ashx?id=2984895&use=l&cat=p&typeid=i","cat":304250},{"id":59311,"n":"Olives Apéro Tramier  À l'Ail 150g","p":2.47,"u":"16,47 €/KG","img":"https://fd13-photos.leclercdrive.fr/image.ashx?id=2639299&use=l&cat=p&typeid=i","cat":284458},{"id":59318,"n":"Caserecce Tradizioni d'Italia N°168 - 500g","p":1.69,"u":"3,38 €/KG","img":"https://fd13-photos.leclercdrive.fr/image.ashx?id=2657313&use=l&cat=p&typeid=i","cat":284427},{"id":59319,"n":"Penne rigate Tradizioni Italia N°133 - 500g","p":1.52,"u":"3,04 €/KG","img":"https://fd13-photos.leclercdrive.fr/image.ashx?id=2657316&use=l&cat=p&typeid=i","cat":284427},{"id":59324,"n":"Pipe rigate Tradizioni d'Italia N°179 - 500g","p":1.59,"u":"3,18 €/KG","img":"https://fd13-photos.leclercdrive.fr/image.ashx?id=2657319&use=l&cat=p&typeid=i","cat":284427},{"id":59336,"n":"Barquette chien Cesar Terrine poulet - 300g","p":1.63,"u":"5,43 €/KG","img":"https://fd13-photos.leclercdrive.fr/image.ashx?id=2091323&use=l&cat=p&typeid=i","cat":284673},{"id":59343,"n":"Pâtes Tradizioni d'Italia Linguine n°121 - 500g","p":1.52,"u":"3,04 €/KG","img":"https://fd13-photos.leclercdrive.fr/image.ashx?id=2657322&use=l&cat=p&typeid=i","cat":284427},{"id":59344,"n":"Barquette chien Cesar Terrine du jardin - 4x300g","p":6.64,"u":"5,53 €/KG","img":"https://fd13-photos.leclercdrive.fr/image.ashx?id=2091308&use=l&cat=p&typeid=i","cat":284673},{"id":59398,"n":"Café moulu L'Or Intense 100% Arabica - 3x250g","p":13.89,"u":"18,52 €/KG","img":"https://fd13-photos.leclercdrive.fr/image.ashx?id=2802377&use=l&cat=p&typeid=i","cat":284750},{"id":59399,"n":"Café moulu L'Or  Doux - 3x250g","p":14.4,"u":"19,20 €/KG","img":"https://fd13-photos.leclercdrive.fr/image.ashx?id=1651025&use=l&cat=p&typeid=i","cat":284750},{"id":59499,"n":"Bière Chouffe Blonde 75cl","p":4.76,"u":"6,35 €/L","img":"https://fd13-photos.leclercdrive.fr/image.ashx?id=2959199&use=l&cat=p&typeid=i","cat":334872},{"id":59553,"n":"Croustilles  Belin  Emmental - 138g","p":1.23,"u":"8,91 €/KG","img":"https://fd13-photos.leclercdrive.fr/image.ashx?id=3002267&use=l&cat=p&typeid=i","cat":284449},{"id":59556,"n":"Croustilles Belin Cacahuète - 138g","p":1.35,"u":"9,78 €/KG","img":"https://fd13-photos.leclercdrive.fr/image.ashx?id=3002270&use=l&cat=p&typeid=i","cat":284449},{"id":59563,"n":"Galette de maïs GERBLE Chocolat au lait - 124g","p":1.71,"u":"13,79 €/KG","img":"https://fd13-photos.leclercdrive.fr/image.ashx?id=2664034&use=l&cat=p&typeid=i","cat":318651},{"id":59565,"n":"Pâte à tartiner Nustikao 1kg","p":4.25,"u":"4,25 €/KG","img":"https://fd13-photos.leclercdrive.fr/image.ashx?id=2958041&use=l&cat=p&typeid=i","cat":284481},{"id":59589,"n":"Boisson base vodka Eristoff Red 18° - 70cl","p":12.9,"u":"18,43 €/L","img":"https://fd13-photos.leclercdrive.fr/image.ashx?id=2858258&use=l&cat=p&typeid=i","cat":284550},{"id":59591,"n":"Boisson base vodka Eristoff Black 18° - 70cl","p":12.9,"u":"18,43 €/L","img":"https://fd13-photos.leclercdrive.fr/image.ashx?id=2842882&use=l&cat=p&typeid=i","cat":284550},{"id":59687,"n":"Sardines Connetable Olive/citron - 135g","p":2.85,"u":"21,11 €/KG","img":"https://fd13-photos.leclercdrive.fr/image.ashx?id=2618951&use=l&cat=p&typeid=i","cat":305146},{"id":59688,"n":"Sardines Connetable Olive/piment d'espelette - 135g","p":2.55,"u":"18,89 €/KG","img":"https://fd13-photos.leclercdrive.fr/image.ashx?id=2990505&use=l&cat=p&typeid=i","cat":305146},{"id":59695,"n":"Yaourt à la grecque YAOS Vanille - 4x125g","p":2.72,"u":"5,44 €/KG","img":"https://fd13-photos.leclercdrive.fr/image.ashx?id=3007972&use=l&cat=p&typeid=i","cat":314999},{"id":59713,"n":"Gros cornichons Rustica  Aigre doux - 850g","p":2.69,"u":"3,16 €/KG","img":"https://fd13-photos.leclercdrive.fr/image.ashx?id=2916707&use=l&cat=p&typeid=i","cat":284458},{"id":59714,"n":"Cacahuètes Tokapi  Grillées à sec - 200g","p":0.78,"u":"3,90 €/KG","img":"https://fd13-photos.leclercdrive.fr/image.ashx?id=2799781&use=l&cat=p&typeid=i","cat":284448},{"id":59717,"n":"Saucisse grillée Purée pomme de terre La Cuisine d'Océane 300g","p":2.49,"u":"8,30 €/KG","img":"https://fd13-photos.leclercdrive.fr/image.ashx?id=2962338&use=l&cat=p&typeid=i","cat":284953},{"id":59718,"n":"Saumon tagliatelles D'Aucy Micro-ondes - 300g","p":2.83,"u":"9,43 €/KG","img":"https://fd13-photos.leclercdrive.fr/image.ashx?id=2117168&use=l&cat=p&typeid=i","cat":284953},{"id":59722,"n":"Crème légère semi-épaisse  Bridélice 18%mg - 3x20cl","p":2.46,"u":"4,10 €/L","img":"https://fd13-photos.leclercdrive.fr/image.ashx?id=2904733&use=l&cat=p&typeid=i","cat":284381},{"id":59740,"n":"Tarama Blini Aux oeufs de cabillaud - 250g","p":2.84,"u":"11,36 €/KG","img":"https://fd13-photos.leclercdrive.fr/image.ashx?id=2960873&use=l&cat=p&typeid=i","cat":315999},{"id":59751,"n":"Rollmops au vinaigre  MSC Ronde des mers - 400g","p":2.29,"u":"5,73 €/KG","img":"https://fd13-photos.leclercdrive.fr/image.ashx?id=2686470&use=l&cat=p&typeid=i","cat":285190},{"id":59776,"n":"Chocolat Côte d'Or Bouchée Lait - 200g","p":5.36,"u":"26,80 €/KG","img":"https://fd13-photos.leclercdrive.fr/image.ashx?id=3000447&use=l&cat=p&typeid=i","cat":284497},{"id":60000,"n":"Biscuits Karelea Palmier - 100g","p":2.37,"u":"23,70 €/KG","img":"https://fd13-photos.leclercdrive.fr/image.ashx?id=2896357&use=l&cat=p&typeid=i","cat":284487},{"id":60015,"n":"Pancakes Pasquier x10 - 350g","p":1.98,"u":"5,66 €/KG","img":"https://fd13-photos.leclercdrive.fr/image.ashx?id=2688878&use=l&cat=p&typeid=i","cat":284495},{"id":60051,"n":"Gâteaux Lulu L'Ourson Fraise - 150g","p":1.44,"u":"9,60 €/KG","img":"https://fd13-photos.leclercdrive.fr/image.ashx?id=3008050&use=l&cat=p&typeid=i","cat":284495},{"id":60118,"n":"Ratatouille niçoise D'aucy  750g","p":2.14,"u":"2,85 €/KG","img":"https://fd13-photos.leclercdrive.fr/image.ashx?id=2665904&use=l&cat=p&typeid=i","cat":312612},{"id":60120,"n":"Yaourts Lait de chèvre Vrai Bio Nature - 2x125g","p":1.48,"u":"5,92 €/KG","img":"https://fd13-photos.leclercdrive.fr/image.ashx?id=2516284&use=l&cat=p&typeid=i","cat":314998},{"id":60124,"n":"Compotes Pom'Potes Gourdes  Pomme Nature - 4x90g","p":1.7,"u":"4,72 €/KG","img":"https://fd13-photos.leclercdrive.fr/image.ashx?id=2983003&use=l&cat=p&typeid=i","cat":284508},{"id":60165,"n":"Boisson végétale Alpro noisette - 1l","p":2.2,"u":"2,20 €/L","img":"https://fd13-photos.leclercdrive.fr/image.ashx?id=2849602&use=l&cat=p&typeid=i","cat":316067},{"id":60168,"n":"fromage blanc jockey Nature 3%MG - 8x100g","p":2.55,"u":"3,19 €/KG","img":"https://fd13-photos.leclercdrive.fr/image.ashx?id=2230369&use=l&cat=p&typeid=i","cat":284409},{"id":60171,"n":"boisson végétale lait d'amande grillée alpro -1l","p":2.16,"u":"2,16 €/L","img":"https://fd13-photos.leclercdrive.fr/image.ashx?id=2988671&use=l&cat=p&typeid=i","cat":316067},{"id":60174,"n":"Madeleine Bonne Maman  Chocolat au lait x10 - 300g","p":3.38,"u":"11,27 €/KG","img":"https://fd13-photos.leclercdrive.fr/image.ashx?id=2949940&use=l&cat=p&typeid=i","cat":284492},{"id":60175,"n":"Madeleines St Michel  Oeuf en plein air - 1kg","p":3.92,"u":"3,92 €/KG","img":"https://fd13-photos.leclercdrive.fr/image.ashx?id=2936194&use=l&cat=p&typeid=i","cat":284492},{"id":60192,"n":"Pancakes Le Ster  x8 - 280g","p":2.26,"u":"8,07 €/KG","img":"https://fd13-photos.leclercdrive.fr/image.ashx?id=2827215&use=l&cat=p&typeid=i","cat":284495},{"id":60313,"n":"Fromage frais Délisse  Vanille de Madagascar - 500g","p":2.29,"u":"4,58 €/KG","img":"https://fd13-photos.leclercdrive.fr/image.ashx?id=3012851&use=l&cat=p&typeid=i","cat":284409},{"id":60382,"n":"Soin de jour L'Oréal Paris Age Perfect anti-rides - 50ml","p":11.97,"pp":7.9,"u":"158,00 €/L","img":"https://fd13-photos.leclercdrive.fr/image.ashx?id=2860355&use=l&cat=p&typeid=i","cat":325345},{"id":60538,"n":"Purée Délice Bonduelle Duo douceur - 780g","p":3.3,"u":"4,23 €/KG","img":"https://fd13-photos.leclercdrive.fr/image.ashx?id=2996521&use=l&cat=p&typeid=i","cat":319805},{"id":60539,"n":"Purée delice Bonduelle  Courgette Céleri Brocoli - 780g","p":3.0,"u":"3,85 €/KG","img":"https://fd13-photos.leclercdrive.fr/image.ashx?id=2910043&use=l&cat=p&typeid=i","cat":319805},{"id":60587,"n":"Bûche de chèvre Président 180g","p":2.08,"u":"11,56 €/KG","img":"https://fd13-photos.leclercdrive.fr/image.ashx?id=2454088&use=l&cat=p&typeid=i","cat":314031},{"id":60588,"n":"Emmental Président 250g","p":2.81,"u":"11,24 €/KG","img":"https://fd13-photos.leclercdrive.fr/image.ashx?id=2752942&use=l&cat=p&typeid=i","cat":314034},{"id":60693,"n":"Chocolat au lait Alter Eco Caramel beurre salé bio - 100g","p":2.89,"u":"28,90 €/KG","img":"https://fd13-photos.leclercdrive.fr/image.ashx?id=2923016&use=l&cat=p&typeid=i","cat":284497},{"id":60694,"n":"Avoine Alpina Savoie Bio - 500g","p":1.99,"u":"3,98 €/KG","img":"https://fd13-photos.leclercdrive.fr/image.ashx?id=2844554&use=l&cat=p&typeid=i","cat":309512},{"id":60777,"n":"Brique de brebis Lou Pérac Fromage de brebis - 150g","p":2.86,"u":"19,07 €/KG","img":"https://fd13-photos.leclercdrive.fr/image.ashx?id=2785154&use=l&cat=p&typeid=i","cat":314031},{"id":60778,"n":"Tranche Salakis Fromage de brebis - 200g","p":2.65,"u":"13,25 €/KG","img":"https://fd13-photos.leclercdrive.fr/image.ashx?id=2729710&use=l&cat=p&typeid=i","cat":314026},{"id":60886,"n":"Mozzarella Galbani 125g","p":1.04,"u":"8,32 €/KG","img":"https://fd13-photos.leclercdrive.fr/image.ashx?id=2765381&use=l&cat=p&typeid=i","cat":314026},{"id":60891,"n":"Camembert Président 250g","p":1.86,"u":"7,44 €/KG","img":"https://fd13-photos.leclercdrive.fr/image.ashx?id=2878873&use=l&cat=p&typeid=i","cat":314033},{"id":60892,"n":"Emmental râpé fondant Président 200g","p":2.05,"u":"10,25 €/KG","img":"https://fd13-photos.leclercdrive.fr/image.ashx?id=2488455&use=l&cat=p&typeid=i","cat":314035},{"id":60930,"n":"Thé Earl Grey Twinings x25 sachets - 50g","p":2.07,"u":"41,40 €/KG","img":"https://fd13-photos.leclercdrive.fr/image.ashx?id=2889817&use=l&cat=p&typeid=i","cat":293233},{"id":60931,"n":"Thé Ceylan Scotland Twinings x20 - 40g","p":2.51,"u":"62,75 €/KG","img":"https://fd13-photos.leclercdrive.fr/image.ashx?id=2893024&use=l&cat=p&typeid=i","cat":293233},{"id":60957,"n":"Boisson énergisante Red Bull Goût Myrtille, 250ml","p":1.31,"u":"5,24 €/L","img":"https://fd13-photos.leclercdrive.fr/image.ashx?id=2174528&use=l&cat=p&typeid=i","cat":284533},{"id":60974,"n":"Pur jus Tropicana Orange Pure Premium Sans pulpe - 1L","p":3.22,"u":"3,22 €/L","img":"https://fd13-photos.leclercdrive.fr/image.ashx?id=2586186&use=l&cat=p&typeid=i","cat":284521},{"id":61021,"n":"Risotto champignon poulet Marie 900g","p":4.56,"u":"5,07 €/KG","img":"https://fd13-photos.leclercdrive.fr/image.ashx?id=2996755&use=l&cat=p&typeid=i","cat":284254},{"id":61166,"n":"Mousse Maronsui's La Laitière Crème de marrons 8x68,8g","p":3.4,"u":"6,18 €/KG","img":"https://fd13-photos.leclercdrive.fr/image.ashx?id=3010969&use=l&cat=p&typeid=i","cat":284417},{"id":61169,"n":"Petit suisse NESQUIK Chocolat 6x60g","p":1.35,"u":"3,75 €/KG","img":"https://fd13-photos.leclercdrive.fr/image.ashx?id=3007933&use=l&cat=p&typeid=i","cat":284414},{"id":61172,"n":"Yaourts à la Grecque Délisse Citron - 4x150g","p":2.38,"u":"3,97 €/KG","img":"https://fd13-photos.leclercdrive.fr/image.ashx?id=2699714&use=l&cat=p&typeid=i","cat":314999},{"id":61293,"n":"Boisson Jafaden Orange carotte citron - 1L","p":1.89,"u":"1,89 €/L","img":"https://fd13-photos.leclercdrive.fr/image.ashx?id=2956753&use=l&cat=p&typeid=i","cat":284917},{"id":61594,"n":"Tomato Ketchup Heinz - 910g","p":2.81,"u":"3,09 €/KG","img":"https://fd13-photos.leclercdrive.fr/image.ashx?id=2923420&use=l&cat=p&typeid=i","cat":284455},{"id":61596,"n":"Sauce au poivre Rustica Pot - 245g","p":1.13,"u":"4,61 €/KG","img":"https://fd13-photos.leclercdrive.fr/image.ashx?id=2954373&use=l&cat=p&typeid=i","cat":318430},{"id":61597,"n":"Sauce bourguignonne Rustica Pot - 250g","p":1.01,"u":"4,04 €/KG","img":"https://fd13-photos.leclercdrive.fr/image.ashx?id=2954376&use=l&cat=p&typeid=i","cat":318430},{"id":61605,"n":"Sauce barbecue Rustica Flacon souple - 280g","p":1.39,"u":"4,96 €/KG","img":"https://fd13-photos.leclercdrive.fr/image.ashx?id=2559704&use=l&cat=p&typeid=i","cat":318431},{"id":61607,"n":"Sauce andalousie Rustica Flacon souple - 249g","p":1.68,"u":"6,75 €/KG","img":"https://fd13-photos.leclercdrive.fr/image.ashx?id=2459153&use=l&cat=p&typeid=i","cat":318431},{"id":61631,"n":"Cocktail Douceur du Verger 4 fruits - Sirop léger- 500g","p":1.99,"u":"3,98 €/KG","img":"https://fd13-photos.leclercdrive.fr/image.ashx?id=2783023&use=l&cat=p&typeid=i","cat":284507},{"id":61634,"n":"Poires Douceur du Verger Sirop léger - 455 g","p":1.95,"u":"4,29 €/KG","img":"https://fd13-photos.leclercdrive.fr/image.ashx?id=2783020&use=l&cat=p&typeid=i","cat":284507},{"id":61641,"n":"Sirop d'érable Le Québécois Bio - 189ml","p":4.89,"u":"25,87 €/L","img":"https://fd13-photos.leclercdrive.fr/image.ashx?id=1601087&use=l&cat=p&typeid=i","cat":287643},{"id":61976,"n":"Coeurs de palmiers Bio Village Bio - 250g","p":4.02,"u":"16,08 €/KG","img":"https://fd13-photos.leclercdrive.fr/image.ashx?id=2077463&use=l&cat=p&typeid=i","cat":312611},{"id":62001,"n":"Jus de citron jaune 1L","p":2.13,"u":"2,13 €/L","img":"https://fd13-photos.leclercdrive.fr/image.ashx?id=2656991&use=l&cat=p&typeid=i","cat":288383},{"id":62004,"n":"Cornichons Maille  Mini classique - 370g","p":4.21,"u":"11,38 €/KG","img":"https://fd13-photos.leclercdrive.fr/image.ashx?id=2916567&use=l&cat=p&typeid=i","cat":284458},{"id":62007,"n":"Sardines Huile Olive PARMENTIER Vierge Extra - 135g","p":1.56,"u":"11,56 €/KG","img":"https://fd13-photos.leclercdrive.fr/image.ashx?id=3014410&use=l&cat=p&typeid=i","cat":305146},{"id":62042,"n":"Haricots rouges D'aucy  500g","p":2.02,"u":"4,04 €/KG","img":"https://fd13-photos.leclercdrive.fr/image.ashx?id=2491190&use=l&cat=p&typeid=i","cat":312606},{"id":62043,"n":"Lentilles préparées D'aucy  265g","p":0.94,"u":"3,55 €/KG","img":"https://fd13-photos.leclercdrive.fr/image.ashx?id=2560600&use=l&cat=p&typeid=i","cat":312609},{"id":62045,"n":"Haricots verts Jardin Bio étic Bio sans sel - 345g","p":3.82,"u":"11,07 €/KG","img":"https://fd13-photos.leclercdrive.fr/image.ashx?id=2535010&use=l&cat=p&typeid=i","cat":312606},{"id":62050,"n":"Macédoine déjà égouttée D'aucy 265g","p":1.34,"u":"5,06 €/KG","img":"https://fd13-photos.leclercdrive.fr/image.ashx?id=2511601&use=l&cat=p&typeid=i","cat":312612},{"id":62057,"n":"Champignons Eco+ Entiers - 230g","p":1.11,"u":"4,83 €/KG","img":"https://fd13-photos.leclercdrive.fr/image.ashx?id=2782999&use=l&cat=p&typeid=i","cat":312610},{"id":62067,"n":"Flageolets Préparés Cassegrain Extra Fins 130g","p":1.08,"u":"8,31 €/KG","img":"https://fd13-photos.leclercdrive.fr/image.ashx?id=2912980&use=l&cat=p&typeid=i","cat":312606},{"id":62083,"n":"Soda Schweppes Saveur Agrumes - 1L","p":1.59,"u":"1,59 €/L","img":"https://fd13-photos.leclercdrive.fr/image.ashx?id=2852414&use=l&cat=p&typeid=i","cat":284532},{"id":62094,"n":"Sauce fajitas Old El Paso à cuisiner doux - 395g","p":2.23,"u":"5,65 €/KG","img":"https://fd13-photos.leclercdrive.fr/image.ashx?id=2950852&use=l&cat=p&typeid=i","cat":288993},{"id":62095,"n":"Chips Tortilla Old El Paso Fajita - 185g","p":2.29,"u":"12,38 €/KG","img":"https://fd13-photos.leclercdrive.fr/image.ashx?id=2444522&use=l&cat=p&typeid=i","cat":288993},{"id":62101,"n":"Miel l'Apiculteur liquide   et savoureux - 500g","p":6.93,"u":"13,86 €/KG","img":"https://fd13-photos.leclercdrive.fr/image.ashx?id=3008077&use=l&cat=p&typeid=i","cat":287643},{"id":62112,"n":"Compotes Pom'Potes Gourdes  Pomme Nature - 12x90g","p":4.9,"u":"4,54 €/KG","img":"https://fd13-photos.leclercdrive.fr/image.ashx?id=3010927&use=l&cat=p&typeid=i","cat":284508},{"id":62120,"n":"Cookies Choco Sensation Milka Chocolat au lait - 312g","p":3.98,"u":"12,76 €/KG","img":"https://fd13-photos.leclercdrive.fr/image.ashx?id=3002279&use=l&cat=p&typeid=i","cat":325066},{"id":62121,"n":"Brownie Milka Chocolat - 180g","p":2.36,"u":"13,11 €/KG","img":"https://fd13-photos.leclercdrive.fr/image.ashx?id=2339807&use=l&cat=p&typeid=i","cat":294776},{"id":62128,"n":"Biscuits fourrés Prince Tout chocolat - 300g","p":1.49,"u":"4,97 €/KG","img":"https://fd13-photos.leclercdrive.fr/image.ashx?id=2528801&use=l&cat=p&typeid=i","cat":284488},{"id":62130,"n":"Cookies extra moelleux Granola Pépites de chocolat - 312g","p":3.95,"u":"12,66 €/KG","img":"https://fd13-photos.leclercdrive.fr/image.ashx?id=2306723&use=l&cat=p&typeid=i","cat":325066},{"id":62142,"n":"Biscottes Braisor Heudebert  Nature - 500g","p":3.31,"u":"6,62 €/KG","img":"https://fd13-photos.leclercdrive.fr/image.ashx?id=2680176&use=l&cat=p&typeid=i","cat":284479},{"id":62146,"n":"Brioche La Fournée Dorée Tranchée crème fraiche - 500g","p":2.27,"u":"4,54 €/KG","img":"https://fd13-photos.leclercdrive.fr/image.ashx?id=2415365&use=l&cat=p&typeid=i","cat":284478},{"id":62148,"n":"Brioch'burger La fournée Dorée x4 - 250g","p":1.68,"u":"6,72 €/KG","img":"https://fd13-photos.leclercdrive.fr/image.ashx?id=2765261&use=l&cat=p&typeid=i","cat":325067},{"id":62162,"n":"Donuts Curly 100g","p":1.13,"u":"11,30 €/KG","img":"https://fd13-photos.leclercdrive.fr/image.ashx?id=2446836&use=l&cat=p&typeid=i","cat":284449},{"id":62226,"n":"Soda Coca-Cola Sans Sucres Bouteille - 1L","p":1.26,"u":"1,26 €/L","img":"https://fd13-photos.leclercdrive.fr/image.ashx?id=2194418&use=l&cat=p&typeid=i","cat":284530},{"id":62238,"n":"Bière blonde Grimbergen Triple d'Abbaye -8° - 6x25cl","p":5.59,"u":"3,73 €/L","img":"https://fd13-photos.leclercdrive.fr/image.ashx?id=2317363&use=l&cat=p&typeid=i","cat":334852},{"id":62246,"n":"Soda au cola Pepsi La bouteille de 1.5L","p":1.14,"u":"0,76 €/L","img":"https://fd13-photos.leclercdrive.fr/image.ashx?id=2896318&use=l&cat=p&typeid=i","cat":284530},{"id":62251,"n":"Soda au cola Pepsi Zéro sucres La bouteille de 1.5L","p":1.14,"u":"0,76 €/L","img":"https://fd13-photos.leclercdrive.fr/image.ashx?id=2683130&use=l&cat=p&typeid=i","cat":284530},{"id":62252,"n":"Soda 7UP Citron et citron vert - 1.5L","p":1.2,"u":"0,80 €/L","img":"https://fd13-photos.leclercdrive.fr/image.ashx?id=2748545&use=l&cat=p&typeid=i","cat":284531},{"id":62303,"n":"yaourt fruits bio les 2 vaches brassé framboise - 4x115g","p":2.0,"u":"4,35 €/KG","img":"https://fd13-photos.leclercdrive.fr/image.ashx?id=2571533&use=l&cat=p&typeid=i","cat":284410},{"id":62333,"n":"Yaourt brassé Bio les 2 vaches Citron - 4x115g","p":1.99,"u":"4,33 €/KG","img":"https://fd13-photos.leclercdrive.fr/image.ashx?id=2571536&use=l&cat=p&typeid=i","cat":284410},{"id":62335,"n":"yaourt fruits bio les 2 vaches brassé myrtille - 4x115g","p":2.01,"u":"4,37 €/KG","img":"https://fd13-photos.leclercdrive.fr/image.ashx?id=2571530&use=l&cat=p&typeid=i","cat":284410},{"id":62340,"n":"Jus d'oranges pressées Andros 1.5L","p":4.25,"u":"2,83 €/L","img":"https://fd13-photos.leclercdrive.fr/image.ashx?id=2904272&use=l&cat=p&typeid=i","cat":285435},{"id":62359,"n":"Jus d'oranges pressées  Sans pulpe Andros - 1.5L","p":4.24,"u":"2,83 €/L","img":"https://fd13-photos.leclercdrive.fr/image.ashx?id=2876104&use=l&cat=p&typeid=i","cat":285435},{"id":62417,"n":"Jus de pamplemousse rose pressé Andros - 1L","p":3.2,"u":"3,20 €/L","img":"https://fd13-photos.leclercdrive.fr/image.ashx?id=2928423&use=l&cat=p&typeid=i","cat":285435},{"id":62481,"n":"Coton disque Bio Bionaïa x70","p":0.97,"u":"0,01 €/P","img":"https://fd13-photos.leclercdrive.fr/image.ashx?id=2434942&use=l&cat=p&typeid=i","cat":285593},{"id":62497,"n":"Biscuit bébé Blédina 12 mois  Petit beurre pépites choco-133g","p":2.16,"u":"16,24 €/KG","img":"https://fd13-photos.leclercdrive.fr/image.ashx?id=2639344&use=l&cat=p&typeid=i","cat":312227},{"id":62571,"n":"Soda à l'orange Orangina 1L","p":1.72,"u":"1,72 €/L","img":"https://fd13-photos.leclercdrive.fr/image.ashx?id=2668413&use=l&cat=p&typeid=i","cat":284532},{"id":62574,"n":"Bière ambrée Grimbergen 6,5° - 6x25cl","p":5.81,"u":"3,87 €/L","img":"https://fd13-photos.leclercdrive.fr/image.ashx?id=2293483&use=l&cat=p&typeid=i","cat":334852},{"id":62576,"n":"Bière blanche Grimbergen 6° - 6x25cl","p":5.24,"u":"3,49 €/L","img":"https://fd13-photos.leclercdrive.fr/image.ashx?id=2294375&use=l&cat=p&typeid=i","cat":334878},{"id":62579,"n":"Bière blonde Leffe Triple 8,5% - 6x25cl","p":6.08,"u":"24,32 €/L","img":"https://fd13-photos.leclercdrive.fr/image.ashx?id=2548282&use=l&cat=p&typeid=i","cat":334852},{"id":62614,"n":"Pâte à tartiner Ovomaltine Crunchy - 360g","p":3.15,"u":"8,75 €/KG","img":"https://fd13-photos.leclercdrive.fr/image.ashx?id=2428645&use=l&cat=p&typeid=i","cat":284481},{"id":62619,"n":"Biscuits nappés Pépito Chocolat au lait - 2x192g","p":2.61,"u":"6,80 €/KG","img":"https://fd13-photos.leclercdrive.fr/image.ashx?id=2989444&use=l&cat=p&typeid=i","cat":284488},{"id":62667,"n":"Brosse à dents Aquafresh Medium x1","p":1.12,"img":"https://fd13-photos.leclercdrive.fr/image.ashx?id=2454013&use=l&cat=p&typeid=i","cat":284614},{"id":62668,"n":"Brosse à dents Sensodyne Extra souple x1","p":2.07,"pp":1.45,"img":"https://fd13-photos.leclercdrive.fr/image.ashx?id=2923633&use=l&cat=p&typeid=i","cat":284614},{"id":62676,"n":"Gel douche bio So Bio Etic  Karité sans sulfate - 650ml","p":5.61,"u":"8,63 €/L","img":"https://fd13-photos.leclercdrive.fr/image.ashx?id=2850593&use=l&cat=p&typeid=i","cat":284594},{"id":62677,"n":"Gel douche bio So Bio Etic Aloe vera sans sulfate 650ml","p":5.84,"u":"8,98 €/L","img":"https://fd13-photos.leclercdrive.fr/image.ashx?id=2850596&use=l&cat=p&typeid=i","cat":284594},{"id":62678,"n":"Crème douche bio So Bio Etic Lait d'anesse - 650ml","p":6.27,"u":"9,65 €/L","img":"https://fd13-photos.leclercdrive.fr/image.ashx?id=2862515&use=l&cat=p&typeid=i","cat":284594},{"id":62681,"n":"Eau de javel Clair Parfum citron - 2L","p":0.98,"u":"0,49 €/L","img":"https://fd13-photos.leclercdrive.fr/image.ashx?id=2949206&use=l&cat=p&typeid=i","cat":284661},{"id":62687,"n":"Spray nasal Primoplast 100% eau de mer - 150ml","p":4.45,"u":"29,67 €/L","img":"https://fd13-photos.leclercdrive.fr/image.ashx?id=2955758&use=l&cat=p&typeid=i","cat":284630},{"id":62697,"n":"Nappe damassée Homeside Blanche - 8m","p":1.61,"img":"https://fd13-photos.leclercdrive.fr/image.ashx?id=1659708&use=l&cat=p&typeid=i","cat":334134},{"id":62722,"n":"Biscuits fourrés Prince Chocolat lait - 300g","p":1.47,"u":"4,90 €/KG","img":"https://fd13-photos.leclercdrive.fr/image.ashx?id=2349070&use=l&cat=p&typeid=i","cat":284488},{"id":62723,"n":"Biscuits fourrés Prince Multi céréales - 293g","p":1.52,"u":"5,19 €/KG","img":"https://fd13-photos.leclercdrive.fr/image.ashx?id=2350993&use=l&cat=p&typeid=i","cat":284488},{"id":62724,"n":"Biscuits Double Crème Oreo Vanille - 157g","p":1.26,"u":"8,03 €/KG","img":"https://fd13-photos.leclercdrive.fr/image.ashx?id=2160198&use=l&cat=p&typeid=i","cat":284488},{"id":62726,"n":"Compote bio Bio Village Bocal pomme - 625g","p":2.07,"u":"3,31 €/KG","img":"https://fd13-photos.leclercdrive.fr/image.ashx?id=1948042&use=l&cat=p&typeid=i","cat":284508},{"id":62727,"n":"Compote bio Bio Village Bocal pomme poire - 625g","p":2.1,"u":"3,36 €/KG","img":"https://fd13-photos.leclercdrive.fr/image.ashx?id=1948039&use=l&cat=p&typeid=i","cat":284508},{"id":62753,"n":"Noix de cajou Bio Village  Bio Grillées - 100g","p":2.1,"u":"21,00 €/KG","img":"https://fd13-photos.leclercdrive.fr/image.ashx?id=2664590&use=l&cat=p&typeid=i","cat":284448},{"id":62875,"n":"Confiture fraise Gerblé Sans sucres ajoutés - 320g","p":2.35,"u":"7,34 €/KG","img":"https://fd13-photos.leclercdrive.fr/image.ashx?id=2676678&use=l&cat=p&typeid=i","cat":318653},{"id":63009,"n":"Sardine entière Pêche Océan Nature - 95g","p":1.37,"u":"14,42 €/KG","img":"https://fd13-photos.leclercdrive.fr/image.ashx?id=2692964&use=l&cat=p&typeid=i","cat":305146},{"id":63170,"n":"Sucre de canne Daddy Petits morceaux - 1kg","p":2.75,"u":"2,75 €/KG","img":"https://fd13-photos.leclercdrive.fr/image.ashx?id=2276420&use=l&cat=p&typeid=i","cat":284502},{"id":63248,"n":"Biscuits fourrés Prince Maxi Chocolat - 2X250g","p":3.29,"u":"6,58 €/KG","img":"https://fd13-photos.leclercdrive.fr/image.ashx?id=2347308&use=l&cat=p&typeid=i","cat":284488},{"id":63284,"n":"AOP Champagne Canard Duchêne Charles VII Brut - 75cl","p":29.5,"pp":26.55,"u":"35,40 €/L","img":"https://fd13-photos.leclercdrive.fr/image.ashx?id=2174390&use=l&cat=p&typeid=i","cat":284542},{"id":63304,"n":"Pizza Crust Sodebo Classic Jambon Emmental - 600g","p":4.86,"u":"8,10 €/KG","img":"https://fd13-photos.leclercdrive.fr/image.ashx?id=3008254&use=l&cat=p&typeid=i","cat":333679},{"id":63387,"n":"Crème chantilly Président  30%MG - 500g","p":5.98,"u":"11,96 €/KG","img":"https://fd13-photos.leclercdrive.fr/image.ashx?id=2939316&use=l&cat=p&typeid=i","cat":284382},{"id":63512,"n":"Yaourt brebis Bio Bio Village Lit myrtille - 2x125g","p":1.93,"u":"7,72 €/KG","img":"https://fd13-photos.leclercdrive.fr/image.ashx?id=2841977&use=l&cat=p&typeid=i","cat":284410},{"id":63541,"n":"Sauce barbecue Rustica 560g","p":1.78,"u":"3,18 €/KG","img":"https://fd13-photos.leclercdrive.fr/image.ashx?id=2092948&use=l&cat=p&typeid=i","cat":318431},{"id":63639,"n":"Biscuits Oréo Duo Vanille - 2x220g","p":2.39,"u":"5,43 €/KG","img":"https://fd13-photos.leclercdrive.fr/image.ashx?id=2207475&use=l&cat=p&typeid=i","cat":284488},{"id":63648,"n":"Biscuits cacaotés Oréo Fourrés goût Vanille - 3x154g","p":2.4,"u":"5,19 €/KG","img":"https://fd13-photos.leclercdrive.fr/image.ashx?id=2192949&use=l&cat=p&typeid=i","cat":284488},{"id":63669,"n":"Chewing-gum Hollywood Menthe forte power fresh- 70g","p":2.36,"u":"33,71 €/KG","img":"https://fd13-photos.leclercdrive.fr/image.ashx?id=2670080&use=l&cat=p&typeid=i","cat":304251},{"id":63685,"n":"4 épices moulues Ducros 37g","p":1.72,"u":"46,49 €/KG","img":"https://fd13-photos.leclercdrive.fr/image.ashx?id=2983213&use=l&cat=p&typeid=i","cat":298297},{"id":63712,"n":"AOC Martinique Rhum blanc  Agricole HSE 40° - 1L","p":15.95,"u":"15,95 €/L","img":"https://fd13-photos.leclercdrive.fr/image.ashx?id=2902019&use=l&cat=p&typeid=i","cat":284550},{"id":63718,"n":"Rhum Vieux agricole HSE 40° - 70cl","p":24.3,"u":"34,71 €/L","img":"https://fd13-photos.leclercdrive.fr/image.ashx?id=2475753&use=l&cat=p&typeid=i","cat":284550},{"id":63759,"n":"Pur Jus Jafaden Mutlifruits - 2L","p":2.75,"u":"1,38 €/L","img":"https://fd13-photos.leclercdrive.fr/image.ashx?id=2762955&use=l&cat=p&typeid=i","cat":284917},{"id":63762,"n":"Boisson aux fruits Oasis Tropical - 6x33cl","p":3.57,"u":"1,80 €/L","img":"https://fd13-photos.leclercdrive.fr/image.ashx?id=2900812&use=l&cat=p&typeid=i","cat":295018},{"id":63768,"n":"Boisson aux fruits Oasis Pomme Cassis Framboise - 6x33cl","p":4.02,"u":"2,03 €/L","img":"https://fd13-photos.leclercdrive.fr/image.ashx?id=3014449&use=l&cat=p&typeid=i","cat":295018},{"id":63794,"n":"Soda Schweppes Saveur Citron - 6x33cl","p":3.67,"u":"1,85 €/L","img":"https://fd13-photos.leclercdrive.fr/image.ashx?id=2852743&use=l&cat=p&typeid=i","cat":284532},{"id":63795,"n":"Soda Schweppes Indian Tonic - 6x33cl","p":3.65,"u":"1,84 €/L","img":"https://fd13-photos.leclercdrive.fr/image.ashx?id=2852423&use=l&cat=p&typeid=i","cat":284531},{"id":63797,"n":"Soda Schweppes Saveur Agrumes - 6x33cl","p":3.51,"u":"1,77 €/L","img":"https://fd13-photos.leclercdrive.fr/image.ashx?id=2852737&use=l&cat=p&typeid=i","cat":284532},{"id":63828,"n":"Concentré à diluer Pulco Citron Vert Menthe - 70cl","p":2.73,"u":"3,90 €/L","img":"https://fd13-photos.leclercdrive.fr/image.ashx?id=2687791&use=l&cat=p&typeid=i","cat":295020},{"id":63837,"n":"Champignons Eco+ Pieds et morceaux - 230g","p":0.82,"u":"3,57 €/KG","img":"https://fd13-photos.leclercdrive.fr/image.ashx?id=2783002&use=l&cat=p&typeid=i","cat":312610},{"id":63847,"n":"Champagne A.Rothschild & Cie Rosé - 75cl","p":27.47,"u":"36,63 €/L","img":"https://fd13-photos.leclercdrive.fr/image.ashx?id=2628470&use=l&cat=p&typeid=i","cat":284542},{"id":63971,"n":"Escalope cordon bleu Père dodu Poulet x4 - 400g - Familial","p":4.1,"u":"10,25 €/KG","img":"https://fd13-photos.leclercdrive.fr/image.ashx?id=2957173&use=l&cat=p&typeid=i","cat":333683},{"id":63973,"n":"Cordon Bleu Père Dodu  Poulet x8 - 800g - Maxi Format","p":7.54,"u":"9,43 €/KG","img":"https://fd13-photos.leclercdrive.fr/image.ashx?id=2957176&use=l&cat=p&typeid=i","cat":333683},{"id":63993,"n":"Crème glacée Eskiss  Douceur de vanille - 500g","p":3.91,"u":"7,82 €/KG","img":"https://fd13-photos.leclercdrive.fr/image.ashx?id=2982634&use=l&cat=p&typeid=i","cat":284263},{"id":63996,"n":"Glace gourmande Eskiss  Coco passion - 488g","p":3.16,"u":"6,48 €/KG","img":"https://fd13-photos.leclercdrive.fr/image.ashx?id=3002623&use=l&cat=p&typeid=i","cat":284263},{"id":63997,"n":"Glace gourmande Eskiss  Citron framboise - 515g","p":3.14,"u":"6,10 €/KG","img":"https://fd13-photos.leclercdrive.fr/image.ashx?id=2982637&use=l&cat=p&typeid=i","cat":284263},{"id":64029,"n":"Boisson au thé vert Fresh Tea Menthe - 1.5L","p":1.82,"u":"1,21 €/L","img":"https://fd13-photos.leclercdrive.fr/image.ashx?id=2622269&use=l&cat=p&typeid=i","cat":295019},{"id":64052,"n":"Bière blonde Castelain Grand cru 8.5% - 75cl","p":4.24,"u":"5,65 €/L","img":"https://fd13-photos.leclercdrive.fr/image.ashx?id=2139097&use=l&cat=p&typeid=i","cat":334872},{"id":64057,"n":"Bière Desperados Red 12x33cl","p":17.81,"u":"4,50 €/L","img":"https://fd13-photos.leclercdrive.fr/image.ashx?id=2651074&use=l&cat=p&typeid=i","cat":334878},{"id":64062,"n":"Petits feuilletés Atelier Blini Fromager - 420g","p":6.06,"u":"14,43 €/KG","img":"https://fd13-photos.leclercdrive.fr/image.ashx?id=1738057&use=l&cat=p&typeid=i","cat":319774},{"id":64109,"n":"Fromage blanc Délisse 3.2%mg 12x100g","p":2.69,"u":"2,24 €/KG","img":"https://fd13-photos.leclercdrive.fr/image.ashx?id=3012848&use=l&cat=p&typeid=i","cat":284409},{"id":64121,"n":"Vinaigrette balsamique Puget Ciboulette échalote - 330ml","p":2.39,"u":"7,24 €/L","img":"https://fd13-photos.leclercdrive.fr/image.ashx?id=2144449&use=l&cat=p&typeid=i","cat":284456},{"id":64128,"n":"Eau Minérale Courmayeur 6x50cl","p":2.35,"u":"0,78 €/L","img":"https://fd13-photos.leclercdrive.fr/image.ashx?id=2964102&use=l&cat=p&typeid=i","cat":284535},{"id":64191,"n":"Tomates cerises allongées Panier du Primeur - 250g","p":1.49,"u":"5,96 €/KG","img":"https://fd13-photos.leclercdrive.fr/image.ashx?id=2988099&use=l&cat=p&typeid=i","cat":284352},{"id":64630,"n":"Coquilles Saint Jacques Tipiak Fond de poireaux - 4x90g","p":7.15,"u":"19,86 €/KG","img":"https://fd13-photos.leclercdrive.fr/image.ashx?id=2560978&use=l&cat=p&typeid=i","cat":319775},{"id":64666,"n":"Gâteaux moelleux Kinder Délice Coeur lait enrobé Cacao - x10","p":3.33,"u":"8,54 €/KG","img":"https://fd13-photos.leclercdrive.fr/image.ashx?id=2832476&use=l&cat=p&typeid=i","cat":284495},{"id":64680,"n":"Soupe liquide Liebig Potiron Kiri Brique - 2x30cl","p":2.38,"u":"3,97 €/L","img":"https://fd13-photos.leclercdrive.fr/image.ashx?id=2892136&use=l&cat=p&typeid=i","cat":284462},{"id":64684,"n":"Soupe liquide brique Liebig  Légumes façon Poêlée - 2x30cl","p":2.32,"u":"3,87 €/L","img":"https://fd13-photos.leclercdrive.fr/image.ashx?id=2598073&use=l&cat=p&typeid=i","cat":284462},{"id":64686,"n":"Soupe liquide brique Liebig  Velouté légumes soleil - 2x30cl","p":1.9,"u":"3,17 €/L","img":"https://fd13-photos.leclercdrive.fr/image.ashx?id=2203382&use=l&cat=p&typeid=i","cat":284462},{"id":64692,"n":"Chocolat Pâtissier Nestlé Dessert - Noir corsé - 200g","p":3.08,"u":"15,40 €/KG","img":"https://fd13-photos.leclercdrive.fr/image.ashx?id=2889895&use=l&cat=p&typeid=i","cat":285562},{"id":64889,"n":"Végétal Nuggets Garden Gourmet Soja et Blé 200g","p":2.65,"u":"13,25 €/KG","img":"https://fd13-photos.leclercdrive.fr/image.ashx?id=2963967&use=l&cat=p&typeid=i","cat":316036},{"id":64897,"n":"Tortellini à poêler Lustucru Jambon emmental - 300g","p":2.18,"u":"7,27 €/KG","img":"https://fd13-photos.leclercdrive.fr/image.ashx?id=2792393&use=l&cat=p&typeid=i","cat":333682},{"id":64910,"n":"Secret de mousse La Laitière Citron - 4x59g","p":1.65,"u":"6,99 €/KG","img":"https://fd13-photos.leclercdrive.fr/image.ashx?id=2616532&use=l&cat=p&typeid=i","cat":284417},{"id":64964,"n":"Eau minérale gazeuse Quezac 6x1.15L","p":2.81,"u":"0,41 €/L","img":"https://fd13-photos.leclercdrive.fr/image.ashx?id=2975341&use=l&cat=p&typeid=i","cat":284536},{"id":65013,"n":"AIRWICK Spray Désodorisant  Pure Rafraichissant - 250ml","p":3.79,"u":"15,16 €/L","img":"https://fd13-photos.leclercdrive.fr/image.ashx?id=2962011&use=l&cat=p&typeid=i","cat":311626},{"id":65033,"n":"Dosettes Café Carte Noire  Arabica Corsé n°7 - x60 - 420g","p":9.3,"u":"22,14 €/KG","img":"https://fd13-photos.leclercdrive.fr/image.ashx?id=2922176&use=l&cat=p&typeid=i","cat":293238},{"id":65044,"n":"Biscuits petit déjeuner Belvita Miel & pépites chocolat - 435g","p":2.7,"u":"6,21 €/KG","img":"https://fd13-photos.leclercdrive.fr/image.ashx?id=2989441&use=l&cat=p&typeid=i","cat":284491},{"id":65341,"n":"Bonbons LUTTI Koala Guimauve Chocolat - 185g","p":0.96,"u":"5,19 €/KG","img":"https://fd13-photos.leclercdrive.fr/image.ashx?id=2806147&use=l&cat=p&typeid=i","cat":304250},{"id":65342,"n":"Bonbons LUTTI Surffizz Piquants Fruits - 200g","p":1.1,"u":"5,50 €/KG","img":"https://fd13-photos.leclercdrive.fr/image.ashx?id=2806144&use=l&cat=p&typeid=i","cat":304250},{"id":65358,"n":"AOP Bordeaux Vin Rosé Mouton Cadet - 14% vol. - 1.5L","p":18.53,"u":"12,35 €/L","img":"https://fd13-photos.leclercdrive.fr/image.ashx?id=2645522&use=l&cat=p&typeid=i","cat":289558},{"id":65366,"n":"Bière blonde Affligem Pack 6.7% vol. - 20x25cl","p":15.33,"u":"3,07 €/L","img":"https://fd13-photos.leclercdrive.fr/image.ashx?id=2774274&use=l&cat=p&typeid=i","cat":334852},{"id":65426,"n":"Olives dénoyautées Croc Frais Méditerranéenne - 500g","p":4.47,"u":"8,94 €/KG","img":"https://fd13-photos.leclercdrive.fr/image.ashx?id=2589416&use=l&cat=p&typeid=i","cat":316002},{"id":65665,"n":"Mini cônes Milka x8 - 140g","p":3.82,"u":"27,29 €/KG","img":"https://fd13-photos.leclercdrive.fr/image.ashx?id=1989618&use=l&cat=p&typeid=i","cat":284264},{"id":65926,"n":"Guacamole Extra l'Atelier Blini 175g","p":3.5,"u":"20,00 €/KG","img":"https://fd13-photos.leclercdrive.fr/image.ashx?id=2852504&use=l&cat=p&typeid=i","cat":315999},{"id":65932,"n":"Pizza Dolce Sodebo Capri chèvre coppa - 380g","p":4.09,"u":"10,76 €/KG","img":"https://fd13-photos.leclercdrive.fr/image.ashx?id=2889412&use=l&cat=p&typeid=i","cat":333679},{"id":65970,"n":"Crème légère fluide Bridélice 12%MG - 3x20cl","p":2.52,"u":"4,20 €/L","img":"https://fd13-photos.leclercdrive.fr/image.ashx?id=2904736&use=l&cat=p&typeid=i","cat":284381},{"id":65973,"n":"Abricots Douceur du Verger Sirop léger - 235 g","p":1.44,"u":"6,13 €/KG","img":"https://fd13-photos.leclercdrive.fr/image.ashx?id=2622891&use=l&cat=p&typeid=i","cat":284507},{"id":66076,"n":"Bière ambrée Bio Jade  4.5%vol - 6x25cl","p":5.51,"u":"3,67 €/L","img":"https://fd13-photos.leclercdrive.fr/image.ashx?id=2518154&use=l&cat=p&typeid=i","cat":334852},{"id":66266,"n":"Brioche tranchée Pasquier Tranches gourmandes - 450g","p":2.18,"u":"4,84 €/KG","img":"https://fd13-photos.leclercdrive.fr/image.ashx?id=2850940&use=l&cat=p&typeid=i","cat":284478},{"id":66279,"n":"Roquefort AOP Les croisés - 32%mg - 100g","p":2.15,"u":"21,50 €/KG","img":"https://fd13-photos.leclercdrive.fr/image.ashx?id=2562885&use=l&cat=p&typeid=i","cat":314032},{"id":66284,"n":"Saucisson sec Saint-Azay 30 tranches - 100g","p":1.43,"u":"14,30 €/KG","img":"https://fd13-photos.leclercdrive.fr/image.ashx?id=2907213&use=l&cat=p&typeid=i","cat":316007},{"id":66293,"n":"Eau aromatisée Volvic juicy jus de fraise - 6x50cl","p":4.22,"u":"1,41 €/L","img":"https://fd13-photos.leclercdrive.fr/image.ashx?id=2961996&use=l&cat=p&typeid=i","cat":284537},{"id":66299,"n":"Petits fours apéritifs x24 bouchées - 365g","p":9.81,"u":"26,88 €/KG","img":"https://fd13-photos.leclercdrive.fr/image.ashx?id=2804293&use=l&cat=p&typeid=i","cat":316003},{"id":66359,"n":"Café moulu Jacques Vabre Colombie 100% Arabica - 250g","p":4.39,"u":"17,56 €/KG","img":"https://fd13-photos.leclercdrive.fr/image.ashx?id=2570754&use=l&cat=p&typeid=i","cat":284750},{"id":66366,"n":"Déodorant compressé Sanex  Zéro % Extra control - 100ml","p":3.5,"u":"35,00 €/L","img":"https://fd13-photos.leclercdrive.fr/image.ashx?id=2664274&use=l&cat=p&typeid=i","cat":284618},{"id":66527,"n":"Fromage Le Vieux Pané Finement typé - 200g","p":3.28,"u":"16,40 €/KG","img":"https://fd13-photos.leclercdrive.fr/image.ashx?id=2770380&use=l&cat=p&typeid=i","cat":329558},{"id":66555,"n":"Café moulu Bio Village Bio Ethiopie - 250g","p":4.35,"u":"17,40 €/KG","img":"https://fd13-photos.leclercdrive.fr/image.ashx?id=2468876&use=l&cat=p&typeid=i","cat":284750},{"id":66557,"n":"Boisson amande Bio Bjorg 2x1L + 1L offert","p":4.5,"u":"1,50 €/L","img":"https://fd13-photos.leclercdrive.fr/image.ashx?id=2148008&use=l&cat=p&typeid=i","cat":316067},{"id":66559,"n":"Boisson amande Bio Bjorg Vanille - 2x1L + 1L offert","p":4.58,"u":"1,53 €/L","img":"https://fd13-photos.leclercdrive.fr/image.ashx?id=2148020&use=l&cat=p&typeid=i","cat":316067},{"id":66651,"n":"Doonuts nappés St Michel 180g","p":1.72,"u":"9,56 €/KG","img":"https://fd13-photos.leclercdrive.fr/image.ashx?id=2928495&use=l&cat=p&typeid=i","cat":284495},{"id":66739,"n":"Petits Pots  - P'tite Recette  Paëlla - dès 12 mois - 2x200g","p":2.36,"u":"5,90 €/KG","img":"https://fd13-photos.leclercdrive.fr/image.ashx?id=2525693&use=l&cat=p&typeid=i","cat":312237},{"id":66740,"n":"P'tite Recette Nestlé Lentilles Vertes Jambon 12 mois - 2x200g","p":2.21,"u":"5,53 €/KG","img":"https://fd13-photos.leclercdrive.fr/image.ashx?id=2525690&use=l&cat=p&typeid=i","cat":312237},{"id":66747,"n":"Ma Crème anglaise Bridélice UHT - 50cl","p":1.84,"u":"3,68 €/L","img":"https://fd13-photos.leclercdrive.fr/image.ashx?id=2643086&use=l&cat=p&typeid=i","cat":284382},{"id":66751,"n":"Boisson à l'amande Végé 1L Végé - 200g","p":1.85,"u":"1,85 €/L","img":"https://fd13-photos.leclercdrive.fr/image.ashx?id=2874699&use=l&cat=p&typeid=i","cat":316067},{"id":66752,"n":"Boisson au riz Végé 1L Végé - 200g","p":1.55,"u":"1,55 €/L","img":"https://fd13-photos.leclercdrive.fr/image.ashx?id=2852112&use=l&cat=p&typeid=i","cat":316067},{"id":66754,"n":"Boisson a l'avoine Végé 1L Végé - 200g","p":1.47,"u":"1,47 €/L","img":"https://fd13-photos.leclercdrive.fr/image.ashx?id=2869501&use=l&cat=p&typeid=i","cat":316067},{"id":66755,"n":"Boisson à la noisette Végé 1L Végé - 200g","p":1.79,"u":"1,79 €/L","img":"https://fd13-photos.leclercdrive.fr/image.ashx?id=2869504&use=l&cat=p&typeid=i","cat":316067},{"id":66757,"n":"Soja cuisine Bio Bio Village Végétal - 25cl","p":0.95,"u":"3,80 €/L","img":"https://fd13-photos.leclercdrive.fr/image.ashx?id=2791060&use=l&cat=p&typeid=i","cat":316069},{"id":66761,"n":"Mini gratins Côté Table Légumes du soleil - 400g","p":3.69,"u":"9,23 €/KG","img":"https://fd13-photos.leclercdrive.fr/image.ashx?id=2059098&use=l&cat=p&typeid=i","cat":319802},{"id":66772,"n":"Gésiers de volaille Provençale - 300g","p":2.49,"u":"8,30 €/KG","img":"https://fd13-photos.leclercdrive.fr/image.ashx?id=2814872&use=l&cat=p&typeid=i","cat":284715},{"id":66787,"n":"Biscuits Nat&Vie  Chocolat - 200g","p":1.07,"u":"5,35 €/KG","img":"https://fd13-photos.leclercdrive.fr/image.ashx?id=2460616&use=l&cat=p&typeid=i","cat":318651},{"id":66803,"n":"Biscuits Nutella B-ready Cacao noisettes - 330g","p":3.32,"u":"10,06 €/KG","img":"https://fd13-photos.leclercdrive.fr/image.ashx?id=2770599&use=l&cat=p&typeid=i","cat":284488},{"id":66804,"n":"Biscuits Nutella B-ready Cacao Noisettes - 220g","p":2.87,"u":"13,05 €/KG","img":"https://fd13-photos.leclercdrive.fr/image.ashx?id=2630784&use=l&cat=p&typeid=i","cat":284488},{"id":66808,"n":"Miel de France Côté Miel  Crémeux - 500g","p":6.95,"u":"13,90 €/KG","img":"https://fd13-photos.leclercdrive.fr/image.ashx?id=2314680&use=l&cat=p&typeid=i","cat":287643},{"id":66809,"n":"Gousses vanille Vahiné  3g","p":4.28,"img":"https://fd13-photos.leclercdrive.fr/image.ashx?id=2524314&use=l&cat=p&typeid=i","cat":284504},{"id":66814,"n":"Persil plat Les Crudettes 11g","p":2.11,"u":"191,82 €/KG","img":"https://fd13-photos.leclercdrive.fr/image.ashx?id=2654983&use=l&cat=p&typeid=i","cat":293607},{"id":66834,"n":"Gel coiffant Vitanove Fixation extrême - 250ml","p":1.62,"u":"6,48 €/L","img":"https://fd13-photos.leclercdrive.fr/image.ashx?id=2824704&use=l&cat=p&typeid=i","cat":284609},{"id":66837,"n":"Gel coiffant Vitanove  Fixation extra forte - 250ml","p":1.29,"u":"5,16 €/L","img":"https://fd13-photos.leclercdrive.fr/image.ashx?id=2836325&use=l&cat=p&typeid=i","cat":284609},{"id":66838,"n":"Gel coiffant Vitanove  Fixation béton - 250ml","p":1.61,"u":"6,44 €/L","img":"https://fd13-photos.leclercdrive.fr/image.ashx?id=2823087&use=l&cat=p&typeid=i","cat":284609},{"id":66843,"n":"Bandes de cire froide Siliss Visage - x32","p":2.19,"u":"0,07 €/P","img":"https://fd13-photos.leclercdrive.fr/image.ashx?id=2699708&use=l&cat=p&typeid=i","cat":325351},{"id":66844,"n":"Bandes de cire froide Siliss Jambes - x20","p":2.3,"u":"0,12 €/P","img":"https://fd13-photos.leclercdrive.fr/image.ashx?id=2699705&use=l&cat=p&typeid=i","cat":325351},{"id":66849,"n":"Dessert bébé lacté Blédina 6m Banane - 6x55g","p":2.13,"u":"6,45 €/KG","img":"https://fd13-photos.leclercdrive.fr/image.ashx?id=2952454&use=l&cat=p&typeid=i","cat":312392},{"id":66965,"n":"Matière grasse Primevere Oméga 3 - 55% - 500g","p":2.96,"u":"5,92 €/KG","img":"https://fd13-photos.leclercdrive.fr/image.ashx?id=2939328&use=l&cat=p&typeid=i","cat":315229},{"id":66967,"n":"Matière grasse Primevere 63%MG - oméga 3 - 500g","p":3.33,"u":"6,66 €/KG","img":"https://fd13-photos.leclercdrive.fr/image.ashx?id=2936044&use=l&cat=p&typeid=i","cat":315229},{"id":66974,"n":"Quart de jambon sec Saint Azay 18 tranches - 220g","p":2.84,"u":"12,91 €/KG","img":"https://fd13-photos.leclercdrive.fr/image.ashx?id=2874386&use=l&cat=p&typeid=i","cat":316007},{"id":66978,"n":"Poire bio Bio Village Barquette x4","p":2.99,"u":"0,75 €/P","img":"https://fd13-photos.leclercdrive.fr/image.ashx?id=2551999&use=l&cat=p&typeid=i","cat":284356},{"id":66982,"n":"Truite eau douce Ronde des Mers x4 tranches - 100g","p":3.24,"u":"32,40 €/KG","img":"https://fd13-photos.leclercdrive.fr/image.ashx?id=2839924&use=l&cat=p&typeid=i","cat":285188},{"id":66985,"n":"Roulés au fromage Côté Table x2 - 260g","p":2.32,"u":"8,92 €/KG","img":"https://fd13-photos.leclercdrive.fr/image.ashx?id=2794838&use=l&cat=p&typeid=i","cat":333671},{"id":66989,"n":"Yaourt bifidus Activia céréales noix - 4x120g","p":2.13,"u":"4,44 €/KG","img":"https://fd13-photos.leclercdrive.fr/image.ashx?id=2901623&use=l&cat=p&typeid=i","cat":315000},{"id":66990,"n":"Yaourt bifidus Activia céréales muesli - 4x120g","p":2.04,"u":"4,25 €/KG","img":"https://fd13-photos.leclercdrive.fr/image.ashx?id=2901620&use=l&cat=p&typeid=i","cat":315000},{"id":67042,"n":"Vin du Chili rouge Cabernet Sauvignon Gato Negro 75cl","p":4.3,"u":"5,73 €/L","img":"https://fd13-photos.leclercdrive.fr/image.ashx?id=2846168&use=l&cat=p&typeid=i","cat":289556},{"id":67090,"n":"Soupe Doux Plaisir Liebig  Légumes et kiri - 1L","p":2.77,"u":"2,77 €/L","img":"https://fd13-photos.leclercdrive.fr/image.ashx?id=2186706&use=l&cat=p&typeid=i","cat":284462},{"id":67143,"n":"Quatro de graines Daco Bello Grillées - Non salées - 175g","p":4.23,"u":"24,17 €/KG","img":"https://fd13-photos.leclercdrive.fr/image.ashx?id=2298544&use=l&cat=p&typeid=i","cat":284357},{"id":67150,"n":"Croustilles Belin Emmental - 4x138g","p":2.83,"u":"5,13 €/KG","img":"https://fd13-photos.leclercdrive.fr/image.ashx?id=2539025&use=l&cat=p&typeid=i","cat":284449},{"id":67155,"n":"Tablette de chocolat noir Lindt Orange intense - 2x100g","p":4.44,"u":"22,20 €/KG","img":"https://fd13-photos.leclercdrive.fr/image.ashx?id=2153273&use=l&cat=p&typeid=i","cat":284956},{"id":67156,"n":"Tablette de chocolat noir Lindt Caramel Pointe de sel - 2x100g","p":4.48,"u":"22,40 €/KG","img":"https://fd13-photos.leclercdrive.fr/image.ashx?id=2153276&use=l&cat=p&typeid=i","cat":284956},{"id":67168,"n":"Yaourt à boire Actimel fruits pêche gelée royale - 12x100g","p":5.07,"u":"4,23 €/KG","img":"https://fd13-photos.leclercdrive.fr/image.ashx?id=2996473&use=l&cat=p&typeid=i","cat":284415},{"id":67305,"n":"Cordon de poulet Maître Coq A la Normande - 800g","p":6.0,"u":"7,50 €/KG","img":"https://fd13-photos.leclercdrive.fr/image.ashx?id=2426935&use=l&cat=p&typeid=i","cat":333683},{"id":67393,"n":"Beurre gastronomique Président Doux - 82% MG - 250g","p":2.79,"u":"11,16 €/KG","img":"https://fd13-photos.leclercdrive.fr/image.ashx?id=3011104&use=l&cat=p&typeid=i","cat":284379},{"id":67522,"n":"Chili con carne Côté Table Au piment de Cayenne - 400g","p":1.65,"u":"4,13 €/KG","img":"https://fd13-photos.leclercdrive.fr/image.ashx?id=2977174&use=l&cat=p&typeid=i","cat":325094},{"id":67568,"n":"Curry moulu Rustica 42g","p":0.55,"u":"13,10 €/KG","img":"https://fd13-photos.leclercdrive.fr/image.ashx?id=2772975&use=l&cat=p&typeid=i","cat":298297},{"id":67569,"n":"Oignon semoule Rustica Déshydraté - 30g","p":0.99,"u":"33,00 €/KG","img":"https://fd13-photos.leclercdrive.fr/image.ashx?id=2772978&use=l&cat=p&typeid=i","cat":298297},{"id":67570,"n":"Poivre noir moulu Rustica Indonésie - 38g","p":0.81,"u":"21,32 €/KG","img":"https://fd13-photos.leclercdrive.fr/image.ashx?id=2797793&use=l&cat=p&typeid=i","cat":284457},{"id":67571,"n":"Poivre noir Rustica Moulin - 28g","p":1.22,"u":"43,57 €/KG","img":"https://fd13-photos.leclercdrive.fr/image.ashx?id=2932674&use=l&cat=p&typeid=i","cat":284457},{"id":67573,"n":"Cumin moulu Rustica 32g","p":0.59,"u":"18,44 €/KG","img":"https://fd13-photos.leclercdrive.fr/image.ashx?id=2772963&use=l&cat=p&typeid=i","cat":298297},{"id":67620,"n":"Persil Rustica 5g","p":0.39,"u":"78,00 €/KG","img":"https://fd13-photos.leclercdrive.fr/image.ashx?id=2772969&use=l&cat=p&typeid=i","cat":298297},{"id":67621,"n":"Paprika doux moulu Rustica  40g","p":0.49,"u":"12,25 €/KG","img":"https://fd13-photos.leclercdrive.fr/image.ashx?id=2772966&use=l&cat=p&typeid=i","cat":298297},{"id":67622,"n":"Thym Rustica 14g","p":0.4,"u":"28,57 €/KG","img":"https://fd13-photos.leclercdrive.fr/image.ashx?id=2797784&use=l&cat=p&typeid=i","cat":298297},{"id":67651,"n":"Poivre Noir moulu Bio Village Bio  - 38g","p":1.99,"u":"52,37 €/KG","img":"https://fd13-photos.leclercdrive.fr/image.ashx?id=2706538&use=l&cat=p&typeid=i","cat":284457},{"id":67652,"n":"Poivre gris moulu Flacon - 36g","p":1.11,"u":"30,83 €/KG","img":"https://fd13-photos.leclercdrive.fr/image.ashx?id=2797778&use=l&cat=p&typeid=i","cat":284457},{"id":67653,"n":"Gingembre moulu Rustica 27g","p":1.19,"u":"44,07 €/KG","img":"https://fd13-photos.leclercdrive.fr/image.ashx?id=2797796&use=l&cat=p&typeid=i","cat":298297},{"id":67654,"n":"Ail semoule Bio Village Bio 56g","p":1.99,"u":"35,54 €/KG","img":"https://fd13-photos.leclercdrive.fr/image.ashx?id=2991461&use=l&cat=p&typeid=i","cat":298297},{"id":67667,"n":"Purée de tomate Panzani Tomacouli nature - 500g","p":0.93,"u":"1,86 €/KG","img":"https://fd13-photos.leclercdrive.fr/image.ashx?id=2979623&use=l&cat=p&typeid=i","cat":288384},{"id":67677,"n":"Clous de girofle Rustica 23g","p":1.32,"u":"57,39 €/KG","img":"https://fd13-photos.leclercdrive.fr/image.ashx?id=2797787&use=l&cat=p&typeid=i","cat":298297},{"id":67679,"n":"Estragon Rustica 7g","p":0.79,"u":"112,86 €/KG","img":"https://fd13-photos.leclercdrive.fr/image.ashx?id=2772993&use=l&cat=p&typeid=i","cat":298297},{"id":67680,"n":"Herbes de provence Rustica 120g","p":2.6,"u":"21,67 €/KG","img":"https://fd13-photos.leclercdrive.fr/image.ashx?id=2907228&use=l&cat=p&typeid=i","cat":298297},{"id":67682,"n":"Noix de Muscade Rustica Moulue - 32g","p":1.36,"u":"42,50 €/KG","img":"https://fd13-photos.leclercdrive.fr/image.ashx?id=2772996&use=l&cat=p&typeid=i","cat":298297},{"id":67683,"n":"Persillade Rustica 95g","p":1.74,"u":"18,32 €/KG","img":"https://fd13-photos.leclercdrive.fr/image.ashx?id=2932668&use=l&cat=p&typeid=i","cat":298297},{"id":67693,"n":"Piment de Cayenne Rustica 38g","p":1.09,"u":"28,68 €/KG","img":"https://fd13-photos.leclercdrive.fr/image.ashx?id=2932671&use=l&cat=p&typeid=i","cat":298297},{"id":67712,"n":"Yaourts nature Délisse Au lait chèvre - 4x125g","p":1.84,"u":"3,68 €/KG","img":"https://fd13-photos.leclercdrive.fr/image.ashx?id=1847192&use=l&cat=p&typeid=i","cat":314998},{"id":67722,"n":"Galettes riz Bio Bjorg Complet - 2x130g + 130g offert","p":2.74,"u":"7,03 €/KG","img":"https://fd13-photos.leclercdrive.fr/image.ashx?id=2158992&use=l&cat=p&typeid=i","cat":318651},{"id":67723,"n":"Galettes Bio Bjorg 4 céréales - 2x 130g + 1 offert","p":2.74,"u":"7,03 €/KG","img":"https://fd13-photos.leclercdrive.fr/image.ashx?id=2158995&use=l&cat=p&typeid=i","cat":318651},{"id":67875,"n":"The Pik Box Haribo Boîte bonbons acidulés - 550g","p":4.83,"u":"8,78 €/KG","img":"https://fd13-photos.leclercdrive.fr/image.ashx?id=2805219&use=l&cat=p&typeid=i","cat":304250},{"id":67885,"n":"Crème fraîche épaisse Président Entière 30%mg - 45cl","p":2.27,"u":"5,04 €/L","img":"https://fd13-photos.leclercdrive.fr/image.ashx?id=2971948&use=l&cat=p&typeid=i","cat":284381},{"id":67890,"n":"Mélange de fruits de mer Costa - 360g","p":8.5,"u":"23,61 €/KG","img":"https://fd13-photos.leclercdrive.fr/image.ashx?id=2741132&use=l&cat=p&typeid=i","cat":319787},{"id":67892,"n":"Amandes décortiquées Sun 300g","p":6.46,"u":"21,53 €/KG","img":"https://fd13-photos.leclercdrive.fr/image.ashx?id=2765027&use=l&cat=p&typeid=i","cat":284448},{"id":68009,"n":"Yaourt Enfant Petits Filous Fruits Mixés Panaché - 18x50g","p":2.81,"u":"3,12 €/KG","img":"https://fd13-photos.leclercdrive.fr/image.ashx?id=2767362&use=l&cat=p&typeid=i","cat":284414},{"id":68010,"n":"Crème dessert Bio Les 2 vaches Vanille - 4x95g","p":1.84,"u":"4,84 €/KG","img":"https://fd13-photos.leclercdrive.fr/image.ashx?id=2774015&use=l&cat=p&typeid=i","cat":285041},{"id":68012,"n":"Crème dessert Bio Les 2 vaches Chocolat - 4x95g","p":1.74,"u":"4,58 €/KG","img":"https://fd13-photos.leclercdrive.fr/image.ashx?id=2774100&use=l&cat=p&typeid=i","cat":285041},{"id":68087,"n":"Ananas Douceur du Verger Tranches brisées -  340g","p":1.59,"u":"4,68 €/KG","img":"https://fd13-photos.leclercdrive.fr/image.ashx?id=2485086&use=l&cat=p&typeid=i","cat":284507},{"id":68088,"n":"Cannelle Rustica 39g","p":0.88,"u":"22,56 €/KG","img":"https://fd13-photos.leclercdrive.fr/image.ashx?id=2772960&use=l&cat=p&typeid=i","cat":298297},{"id":68090,"n":"Champignons Bio Village Bio Emincés - 170g","p":2.25,"u":"13,24 €/KG","img":"https://fd13-photos.leclercdrive.fr/image.ashx?id=2613294&use=l&cat=p&typeid=i","cat":312610},{"id":68094,"n":"Poivre blanc Rustica Moulu - 36g","p":1.89,"u":"52,50 €/KG","img":"https://fd13-photos.leclercdrive.fr/image.ashx?id=2772987&use=l&cat=p&typeid=i","cat":284457},{"id":68095,"n":"Yaourt à la grecque YAOS Nature lit de fraises 4x125g","p":2.56,"u":"5,12 €/KG","img":"https://fd13-photos.leclercdrive.fr/image.ashx?id=2729734&use=l&cat=p&typeid=i","cat":314999},{"id":68097,"n":"Yaourt à la grecque YAOS Citron - 4x125g","p":2.75,"u":"5,50 €/KG","img":"https://fd13-photos.leclercdrive.fr/image.ashx?id=2578672&use=l&cat=p&typeid=i","cat":314999},{"id":68214,"n":"Biscuits Petits Cœurs LU Chocolat - 125g","p":1.15,"u":"9,20 €/KG","img":"https://fd13-photos.leclercdrive.fr/image.ashx?id=3002021&use=l&cat=p&typeid=i","cat":284488},{"id":68275,"n":"Déodorant Carré homme Musc séduction - 100ml","p":1.12,"u":"11,20 €/L","img":"https://fd13-photos.leclercdrive.fr/image.ashx?id=2440745&use=l&cat=p&typeid=i","cat":284618},{"id":68276,"n":"Déodorant Carré Homme Marine Ice boost - 100ml","p":1.12,"u":"11,20 €/L","img":"https://fd13-photos.leclercdrive.fr/image.ashx?id=2440748&use=l&cat=p&typeid=i","cat":284618},{"id":68277,"n":"Déodorant Carré Homme Anti-transpirant - 100ml","p":1.12,"u":"11,20 €/L","img":"https://fd13-photos.leclercdrive.fr/image.ashx?id=2618232&use=l&cat=p&typeid=i","cat":284618},{"id":68278,"n":"Recharge gel lavant Manava Hypoallergénique - 250ml","p":0.66,"u":"2,64 €/L","img":"https://fd13-photos.leclercdrive.fr/image.ashx?id=2935537&use=l&cat=p&typeid=i","cat":284597},{"id":68399,"n":"Poisson pané Double délice   Findus x8 - 600g","p":5.61,"u":"9,35 €/KG","img":"https://fd13-photos.leclercdrive.fr/image.ashx?id=2679594&use=l&cat=p&typeid=i","cat":319788},{"id":68432,"n":"Gel WC Syphon Activ'Effect Fraîcheur pin - 750ml","p":0.74,"u":"0,99 €/L","img":"https://fd13-photos.leclercdrive.fr/image.ashx?id=2388382&use=l&cat=p&typeid=i","cat":284662},{"id":68433,"n":"Destructeur d'odeurs Bien air Escapade forêt - 250ml","p":2.42,"u":"9,68 €/L","img":"https://fd13-photos.leclercdrive.fr/image.ashx?id=2593465&use=l&cat=p&typeid=i","cat":311626},{"id":68434,"n":"Destructeur d'odeurs Bien air Printemps Japon - 250ml","p":2.42,"u":"9,68 €/L","img":"https://fd13-photos.leclercdrive.fr/image.ashx?id=2593468&use=l&cat=p&typeid=i","cat":311626},{"id":68451,"n":"Lingettes Inell Rafraichissantes - x10","p":1.08,"u":"0,11 €/P","img":"https://fd13-photos.leclercdrive.fr/image.ashx?id=2658132&use=l&cat=p&typeid=i","cat":284603},{"id":68454,"n":"Savon noir Clair Mou - 1kg","p":4.3,"u":"4,30 €/KG","img":"https://fd13-photos.leclercdrive.fr/image.ashx?id=1294158&use=l&cat=p&typeid=i","cat":284907},{"id":68459,"n":"Nettoyant Clair Parquets classiques - 1L","p":2.45,"u":"2,45 €/L","img":"https://fd13-photos.leclercdrive.fr/image.ashx?id=2652912&use=l&cat=p&typeid=i","cat":284907},{"id":68475,"n":"Culotte Chorys Médium nuit - x12","p":8.56,"u":"0,71 €/P","img":"https://fd13-photos.leclercdrive.fr/image.ashx?id=2716009&use=l&cat=p&typeid=i","cat":284628},{"id":68486,"n":"Tampon Nett  Digital normal boite - x24","p":2.43,"u":"0,10 €/P","img":"https://fd13-photos.leclercdrive.fr/image.ashx?id=2359657&use=l&cat=p&typeid=i","cat":284626},{"id":68736,"n":"Thé vert Bio Clipper 20 sachets - 35g","p":2.27,"u":"64,86 €/KG","img":"https://fd13-photos.leclercdrive.fr/image.ashx?id=2912548&use=l&cat=p&typeid=i","cat":293233},{"id":68737,"n":"Crème de coco légère Bio Bjorg  20cl","p":1.61,"u":"8,05 €/L","img":"https://fd13-photos.leclercdrive.fr/image.ashx?id=2936386&use=l&cat=p&typeid=i","cat":288992},{"id":68839,"n":"Ananas Douceur du Verger Tranches entières - 340g","p":1.87,"u":"5,50 €/KG","img":"https://fd13-photos.leclercdrive.fr/image.ashx?id=2562949&use=l&cat=p&typeid=i","cat":284507},{"id":68861,"n":"Miel Bio Village Bio crémeux de fleurs - 500g","p":4.99,"u":"9,98 €/KG","img":"https://fd13-photos.leclercdrive.fr/image.ashx?id=2564219&use=l&cat=p&typeid=i","cat":287643},{"id":68862,"n":"Pâte à tartiner Nustikao 600g","p":2.73,"u":"4,55 €/KG","img":"https://fd13-photos.leclercdrive.fr/image.ashx?id=2856555&use=l&cat=p&typeid=i","cat":284481},{"id":68863,"n":"Compote Douceur du Verger Gourdes Pomme - 12x90g","p":2.95,"u":"2,73 €/KG","img":"https://fd13-photos.leclercdrive.fr/image.ashx?id=2843794&use=l&cat=p&typeid=i","cat":284508},{"id":68866,"n":"Compote Douceur du Verger Bocal pomme - 710g","p":1.27,"u":"1,79 €/KG","img":"https://fd13-photos.leclercdrive.fr/image.ashx?id=2663536&use=l&cat=p&typeid=i","cat":284508},{"id":68868,"n":"Riz long Bio Village Bio semi complet - 500g","p":2.25,"u":"4,50 €/KG","img":"https://fd13-photos.leclercdrive.fr/image.ashx?id=2441513&use=l&cat=p&typeid=i","cat":284428},{"id":68870,"n":"Pistaches Bio Village Grillées salées bio - 100g","p":2.6,"u":"26,00 €/KG","img":"https://fd13-photos.leclercdrive.fr/image.ashx?id=2615789&use=l&cat=p&typeid=i","cat":284448},{"id":68881,"n":"Litchis Douceur du Verger Sirop léger - 250g","p":2.74,"u":"10,96 €/KG","img":"https://fd13-photos.leclercdrive.fr/image.ashx?id=2485089&use=l&cat=p&typeid=i","cat":284507},{"id":68882,"n":"Compote bio Bio Village Coupelle pomme - 8x100g","p":2.89,"u":"3,61 €/KG","img":"https://fd13-photos.leclercdrive.fr/image.ashx?id=1947749&use=l&cat=p&typeid=i","cat":284508},{"id":68913,"n":"Purificateur d'air Sanytol Désinfectant - 300ml","p":3.82,"u":"12,73 €/L","img":"https://fd13-photos.leclercdrive.fr/image.ashx?id=2901659&use=l&cat=p&typeid=i","cat":311626},{"id":68951,"n":"Crème dessert La Laitière  Velours de crème caramel 4x85g","p":1.6,"u":"4,71 €/KG","img":"https://fd13-photos.leclercdrive.fr/image.ashx?id=3007930&use=l&cat=p&typeid=i","cat":285041},{"id":68952,"n":"Crème dessert La Laitière Velours de crème chocolat 4x85g","p":2.19,"u":"6,44 €/KG","img":"https://fd13-photos.leclercdrive.fr/image.ashx?id=2633824&use=l&cat=p&typeid=i","cat":285041},{"id":68953,"n":"Crème dessert La Laitière Chocolat Caramel - 4x85g","p":2.19,"u":"6,44 €/KG","img":"https://fd13-photos.leclercdrive.fr/image.ashx?id=2633827&use=l&cat=p&typeid=i","cat":285041},{"id":68986,"n":"Lait d'amande Bio Village Sans sucre bio - 1L","p":1.41,"u":"1,41 €/L","img":"https://fd13-photos.leclercdrive.fr/image.ashx?id=2939097&use=l&cat=p&typeid=i","cat":316067},{"id":68996,"n":"Crackers bio Bio Village Emmental courge - 200g","p":2.69,"u":"13,45 €/KG","img":"https://fd13-photos.leclercdrive.fr/image.ashx?id=2310507&use=l&cat=p&typeid=i","cat":297000},{"id":69061,"n":"Yaourt nature Danone 4x125g","p":0.93,"u":"1,86 €/KG","img":"https://fd13-photos.leclercdrive.fr/image.ashx?id=2911184&use=l&cat=p&typeid=i","cat":284409},{"id":69062,"n":"Yaourt nature Danone 12x125g","p":2.75,"u":"1,83 €/KG","img":"https://fd13-photos.leclercdrive.fr/image.ashx?id=2915688&use=l&cat=p&typeid=i","cat":284409},{"id":69063,"n":"Yaourt nature Danone 16x125g","p":3.12,"u":"1,56 €/KG","img":"https://fd13-photos.leclercdrive.fr/image.ashx?id=2915691&use=l&cat=p&typeid=i","cat":284409},{"id":69070,"n":"Yaourts brassés velouté Danone Nature - 16x125g","p":4.25,"u":"2,13 €/KG","img":"https://fd13-photos.leclercdrive.fr/image.ashx?id=2865584&use=l&cat=p&typeid=i","cat":284409},{"id":69074,"n":"Yaourts brassés Velouté Danone Nature - 8x125g","p":2.46,"u":"2,46 €/KG","img":"https://fd13-photos.leclercdrive.fr/image.ashx?id=2865590&use=l&cat=p&typeid=i","cat":284409},{"id":69087,"n":"Boisson épeautre Bio Bjorg 2x1L","p":4.7,"u":"2,35 €/L","img":"https://fd13-photos.leclercdrive.fr/image.ashx?id=2147993&use=l&cat=p&typeid=i","cat":316067},{"id":69108,"n":"Muesli duo pépites de chocolats  bio Terres et Céréales -1kg","p":5.99,"u":"5,99 €/KG","img":"https://fd13-photos.leclercdrive.fr/image.ashx?id=2802452&use=l&cat=p&typeid=i","cat":309512},{"id":69145,"n":"Crème lavante Manava Framboise pivoine - 300ml","p":1.28,"u":"4,27 €/L","img":"https://fd13-photos.leclercdrive.fr/image.ashx?id=2935507&use=l&cat=p&typeid=i","cat":284597},{"id":69148,"n":"Café dosettes Tassimo L'Or Café Long Intense x16","p":4.85,"u":"37,89 €/KG","img":"https://fd13-photos.leclercdrive.fr/image.ashx?id=2290599&use=l&cat=p&typeid=i","cat":293240},{"id":69150,"n":"Nettoyant multi surfaces Clair Citron - 1.5L","p":1.7,"u":"1,13 €/L","img":"https://fd13-photos.leclercdrive.fr/image.ashx?id=2534211&use=l&cat=p&typeid=i","cat":284907},{"id":69151,"n":"Nettoyant multi surfaces Clair Pins - 1.5L","p":1.7,"u":"1,13 €/L","img":"https://fd13-photos.leclercdrive.fr/image.ashx?id=2369164&use=l&cat=p&typeid=i","cat":284907},{"id":69152,"n":"Nettoyant multi surfaces Clair Fleurs - 1.5L","p":1.7,"u":"1,13 €/L","img":"https://fd13-photos.leclercdrive.fr/image.ashx?id=2381556&use=l&cat=p&typeid=i","cat":284907},{"id":69153,"n":"Nettoyant multi surfaces Clair Fraîcheur pure - 1.5L","p":1.7,"u":"1,13 €/L","img":"https://fd13-photos.leclercdrive.fr/image.ashx?id=2373263&use=l&cat=p&typeid=i","cat":284907},{"id":69154,"n":"Nettoyant multi surfaces Clair Savon de Marseille - 1.5L","p":1.7,"u":"1,13 €/L","img":"https://fd13-photos.leclercdrive.fr/image.ashx?id=2081708&use=l&cat=p&typeid=i","cat":284907},{"id":69155,"n":"Nettoyant multi surfaces Clair Savon noir - 1.5L","p":1.7,"u":"1,13 €/L","img":"https://fd13-photos.leclercdrive.fr/image.ashx?id=2074656&use=l&cat=p&typeid=i","cat":284907},{"id":69159,"n":"Poelée cuisinée légumes Bio Bio village - 600g","p":2.99,"u":"4,98 €/KG","img":"https://fd13-photos.leclercdrive.fr/image.ashx?id=2898074&use=l&cat=p&typeid=i","cat":319823},{"id":69164,"n":"Pizza chèvre feu de bois Bio  Bio Village - 360g","p":3.19,"u":"8,86 €/KG","img":"https://fd13-photos.leclercdrive.fr/image.ashx?id=1911810&use=l&cat=p&typeid=i","cat":284256},{"id":69227,"n":"Huile vierge Bio Village Coco bio - 200ml","p":2.28,"u":"11,40 €/L","img":"https://fd13-photos.leclercdrive.fr/image.ashx?id=1974311&use=l&cat=p&typeid=i","cat":284453},{"id":69256,"n":"Dessert panaché Andros Panaché - 16x100g","p":5.48,"u":"3,43 €/KG","img":"https://fd13-photos.leclercdrive.fr/image.ashx?id=2875114&use=l&cat=p&typeid=i","cat":284416},{"id":69268,"n":"Liquide vaisselle Rainett Citron écologique - 750ml","p":1.56,"u":"2,08 €/L","img":"https://fd13-photos.leclercdrive.fr/image.ashx?id=2297129&use=l&cat=p&typeid=i","cat":284655},{"id":69280,"n":"Couches bébé Mots d'enfants Midi T3 4/9kg - x50 changes","p":6.35,"u":"0,13 €/P","img":"https://fd13-photos.leclercdrive.fr/image.ashx?id=2699717&use=l&cat=p&typeid=i","cat":284737},{"id":69281,"n":"Couches bébé Mots d'enfants Ultra confort T4 7/18kg - x44","p":6.35,"u":"0,14 €/P","img":"https://fd13-photos.leclercdrive.fr/image.ashx?id=2699720&use=l&cat=p&typeid=i","cat":284737},{"id":69282,"n":"Couches bébé Mots d'enfants Ultra confort T4+  9/20kg - x41","p":6.35,"u":"0,15 €/P","img":"https://fd13-photos.leclercdrive.fr/image.ashx?id=2699723&use=l&cat=p&typeid=i","cat":284737},{"id":69283,"n":"Couches bébé Mots d'enfants Ultra confort T5 11/25kg - x39","p":6.35,"u":"0,16 €/P","img":"https://fd13-photos.leclercdrive.fr/image.ashx?id=2699726&use=l&cat=p&typeid=i","cat":284737},{"id":69284,"n":"Couches bébé Mots d'enfants Ultra confort T6  16/23kg - x33","p":6.35,"u":"0,19 €/P","img":"https://fd13-photos.leclercdrive.fr/image.ashx?id=2699729&use=l&cat=p&typeid=i","cat":284737},{"id":69285,"n":"Couches bébé Mots d'enfants T4 Ultra confort 7/18kg - x144","p":19.85,"u":"0,14 €/P","img":"https://fd13-photos.leclercdrive.fr/image.ashx?id=2689429&use=l&cat=p&typeid=i","cat":284737},{"id":69286,"n":"Couches bébé Mots d'enfants T5 Ultra confort 11/25kg - x136","p":19.85,"u":"0,15 €/P","img":"https://fd13-photos.leclercdrive.fr/image.ashx?id=2691833&use=l&cat=p&typeid=i","cat":284737},{"id":69317,"n":"Eau minérale naturelle Vittel 6x1.5L","p":2.86,"u":"0,32 €/L","img":"https://fd13-photos.leclercdrive.fr/image.ashx?id=3000441&use=l&cat=p&typeid=i","cat":284535},{"id":69327,"n":"Piles Duracell MN21 x2","p":7.86,"u":"3,93 €/P","img":"https://fd13-photos.leclercdrive.fr/image.ashx?id=2328739&use=l&cat=p&typeid=i","cat":300572},{"id":69430,"n":"Poulet Basquaise NRT 750g","p":7.99,"u":"10,65 €/KG","img":"https://fd13-photos.leclercdrive.fr/image.ashx?id=2723255&use=l&cat=p&typeid=i","cat":284441},{"id":69432,"n":"Trio de terrines Label Rouge Nos Régions Ont Du Talent -270g","p":3.7,"u":"13,70 €/KG","img":"https://fd13-photos.leclercdrive.fr/image.ashx?id=2560521&use=l&cat=p&typeid=i","cat":305149},{"id":69442,"n":"Madeleines NRT Caramel - 330g","p":3.29,"u":"9,97 €/KG","img":"https://fd13-photos.leclercdrive.fr/image.ashx?id=2607885&use=l&cat=p&typeid=i","cat":284492},{"id":69445,"n":"Pralinés extra NRT 200g","p":3.29,"u":"16,45 €/KG","img":"https://fd13-photos.leclercdrive.fr/image.ashx?id=2443194&use=l&cat=p&typeid=i","cat":284504},{"id":69679,"n":"Yaourt à la grecque YAOS Nature lit de myrtilles 4x125g","p":2.75,"u":"5,50 €/KG","img":"https://fd13-photos.leclercdrive.fr/image.ashx?id=2614933&use=l&cat=p&typeid=i","cat":314999},{"id":69680,"n":"Yaourt à la grecque YAOS Nature lit de pêches 4x125g","p":2.8,"u":"5,60 €/KG","img":"https://fd13-photos.leclercdrive.fr/image.ashx?id=2539533&use=l&cat=p&typeid=i","cat":314999},{"id":69697,"n":"Fromage à Raclette RichesMonts  Nature 12 Tranches - 450g","p":7.95,"u":"17,67 €/KG","img":"https://fd13-photos.leclercdrive.fr/image.ashx?id=2953809&use=l&cat=p&typeid=i","cat":314036},{"id":69705,"n":"Coleslaw moutarde Bonduelle 320g","p":1.81,"u":"5,66 €/KG","img":"https://fd13-photos.leclercdrive.fr/image.ashx?id=2894185&use=l&cat=p&typeid=i","cat":333657},{"id":69737,"n":"AOC Coteaux Varois en Provence vin rosé Terres Ocrées - BIB 3L","p":15.99,"u":"5,33 €/L","img":"https://fd13-photos.leclercdrive.fr/image.ashx?id=2716000&use=l&cat=p&typeid=i","cat":289560},{"id":69738,"n":"AOC Côtes du Marmandais vin  rosé Terrasses d'Autan - BIB 3L","p":9.99,"u":"3,33 €/L","img":"https://fd13-photos.leclercdrive.fr/image.ashx?id=1929352&use=l&cat=p&typeid=i","cat":289560},{"id":69741,"n":"Mini-feuilletés Côté Table Apéritifs - x40 - 350g","p":3.37,"u":"9,63 €/KG","img":"https://fd13-photos.leclercdrive.fr/image.ashx?id=2632873&use=l&cat=p&typeid=i","cat":319774},{"id":69798,"n":"Aligot Coeur d'Aveyron 900g","p":9.9,"u":"11,00 €/KG","img":"https://fd13-photos.leclercdrive.fr/image.ashx?id=2346975&use=l&cat=p&typeid=i","cat":333666},{"id":69806,"n":"Pavé de boeuf Tendre & Plus A l'échalote marinés x2 - 260g","p":6.9,"u":"26,54 €/KG","img":"https://fd13-photos.leclercdrive.fr/image.ashx?id=2235383&use=l&cat=p&typeid=i","cat":284328},{"id":69828,"n":"Pavé de boeuf Tendre & Plus nature, marinés x2 - 260g","p":6.9,"u":"26,54 €/KG","img":"https://fd13-photos.leclercdrive.fr/image.ashx?id=2235386&use=l&cat=p&typeid=i","cat":284328},{"id":69910,"n":"Origan Rustica 11g","p":0.45,"u":"40,91 €/KG","img":"https://fd13-photos.leclercdrive.fr/image.ashx?id=1232057&use=l&cat=p&typeid=i","cat":298297},{"id":70059,"n":"Pavé de pain Bio  350g","p":1.96,"u":"5,60 €/KG","img":"https://fd13-photos.leclercdrive.fr/image.ashx?id=804947&use=l&cat=p&typeid=i","cat":284359},{"id":70118,"n":"Biscuits Mc Vitie's Chocolat au lait - 300g","p":1.78,"u":"5,93 €/KG","img":"https://fd13-photos.leclercdrive.fr/image.ashx?id=2589491&use=l&cat=p&typeid=i","cat":284488},{"id":70123,"n":"Fromage blanc Danone Nature 3%MG - 8x100g","p":2.91,"u":"3,64 €/KG","img":"https://fd13-photos.leclercdrive.fr/image.ashx?id=2792075&use=l&cat=p&typeid=i","cat":284409},{"id":70140,"n":"Yaourt Nature Panier de Yoplait Lit de Fruits Panaché - 6x140g","p":2.83,"u":"3,37 €/KG","img":"https://fd13-photos.leclercdrive.fr/image.ashx?id=2884429&use=l&cat=p&typeid=i","cat":284410},{"id":70334,"n":"Kasteel rouge  8° 75cl","p":5.01,"u":"6,68 €/L","img":"https://fd13-photos.leclercdrive.fr/image.ashx?id=2981325&use=l&cat=p&typeid=i","cat":334872},{"id":70389,"n":"Café dosettes Tassimo L'Or Cappuccino x8","p":4.06,"u":"15,21 €/KG","img":"https://fd13-photos.leclercdrive.fr/image.ashx?id=2100305&use=l&cat=p&typeid=i","cat":293240},{"id":70438,"n":"Fines feuilles de chocolat noir After Eight - 200g","p":5.0,"u":"25,00 €/KG","img":"https://fd13-photos.leclercdrive.fr/image.ashx?id=2897345&use=l&cat=p&typeid=i","cat":327595},{"id":70559,"n":"Ciboulette bio Bio Village 4g","p":0.68,"u":"170,00 €/KG","img":"https://fd13-photos.leclercdrive.fr/image.ashx?id=2711704&use=l&cat=p&typeid=i","cat":298297},{"id":70579,"n":"Fromage Caprice des Dieux  200g","p":2.9,"u":"14,50 €/KG","img":"https://fd13-photos.leclercdrive.fr/image.ashx?id=2762438&use=l&cat=p&typeid=i","cat":314033},{"id":70634,"n":"Lentilles Notre Jardin Graisse d'oie - 400g","p":1.05,"u":"2,63 €/KG","img":"https://fd13-photos.leclercdrive.fr/image.ashx?id=3002620&use=l&cat=p&typeid=i","cat":312609},{"id":70914,"n":"Poivre noir grains Rustica 90g","p":2.32,"u":"25,78 €/KG","img":"https://fd13-photos.leclercdrive.fr/image.ashx?id=2870047&use=l&cat=p&typeid=i","cat":284457},{"id":70993,"n":"Coulommiers Président  350g","p":2.77,"u":"7,91 €/KG","img":"https://fd13-photos.leclercdrive.fr/image.ashx?id=2029862&use=l&cat=p&typeid=i","cat":314033},{"id":71022,"n":"Jus de pomme Reinette 1L","p":3.1,"u":"3,10 €/L","img":"https://fd13-photos.leclercdrive.fr/image.ashx?id=2903494&use=l&cat=p&typeid=i","cat":284915},{"id":71023,"n":"Nectar d'abricots 1L","p":3.8,"u":"3,80 €/L","img":"https://fd13-photos.leclercdrive.fr/image.ashx?id=2178190&use=l&cat=p&typeid=i","cat":284915},{"id":71025,"n":"Nectar de pêches 1L","p":3.5,"u":"3,50 €/L","img":"https://fd13-photos.leclercdrive.fr/image.ashx?id=2903497&use=l&cat=p&typeid=i","cat":284915},{"id":71060,"n":"Basilic Rustica 11g","p":0.39,"u":"35,45 €/KG","img":"https://fd13-photos.leclercdrive.fr/image.ashx?id=2772957&use=l&cat=p&typeid=i","cat":298297},{"id":71066,"n":"Moutarde à l'ancienne Origine du Goût-Au vinaigre cidre -100g","p":1.39,"u":"13,90 €/KG","img":"https://fd13-photos.leclercdrive.fr/image.ashx?id=2794850&use=l&cat=p&typeid=i","cat":288850},{"id":71067,"n":"Moutarde L'Origine du Goût Poivre vert de Madagascar -100g","p":1.39,"u":"13,90 €/KG","img":"https://fd13-photos.leclercdrive.fr/image.ashx?id=2902573&use=l&cat=p&typeid=i","cat":288850},{"id":71069,"n":"Moutarde à l'ancienne Origine du Goût -Piment espelette -100g","p":1.39,"u":"13,90 €/KG","img":"https://fd13-photos.leclercdrive.fr/image.ashx?id=2794853&use=l&cat=p&typeid=i","cat":288850},{"id":71070,"n":"Moutarde au vinaigre balsamique L'Origine du Goût -100g","p":1.39,"u":"13,90 €/KG","img":"https://fd13-photos.leclercdrive.fr/image.ashx?id=2711637&use=l&cat=p&typeid=i","cat":288850},{"id":71075,"n":"Vinaigrette biphase Rustica Tomate/ Balsamique - 50cl","p":2.72,"u":"5,44 €/L","img":"https://fd13-photos.leclercdrive.fr/image.ashx?id=1972937&use=l&cat=p&typeid=i","cat":284456},{"id":71077,"n":"Vinaigrette biphase Rustica Ciboulette/Echalote - 50cl","p":2.79,"u":"5,58 €/L","img":"https://fd13-photos.leclercdrive.fr/image.ashx?id=1943241&use=l&cat=p&typeid=i","cat":284456},{"id":71099,"n":"IGP Pays d'Oc Merlot vin rouge Vieux Carion 12% vol - BIB 3L","p":7.99,"u":"2,66 €/L","img":"https://fd13-photos.leclercdrive.fr/image.ashx?id=2747755&use=l&cat=p&typeid=i","cat":289560},{"id":71100,"n":"IGP Pays d'Oc vin rouge Vieux Carion - BIB 3L","p":7.99,"u":"2,66 €/L","img":"https://fd13-photos.leclercdrive.fr/image.ashx?id=2756879&use=l&cat=p&typeid=i","cat":289560},{"id":71102,"n":"Bière Desperados 65cl","p":2.55,"u":"3,92 €/L","img":"https://fd13-photos.leclercdrive.fr/image.ashx?id=2977960&use=l&cat=p&typeid=i","cat":334878},{"id":71106,"n":"Ail semoule Rustica 110g","p":1.39,"u":"12,64 €/KG","img":"https://fd13-photos.leclercdrive.fr/image.ashx?id=2870038&use=l&cat=p&typeid=i","cat":298297},{"id":71107,"n":"Bouquet garni entier Rustica 17g","p":1.68,"u":"98,82 €/KG","img":"https://fd13-photos.leclercdrive.fr/image.ashx?id=1710608&use=l&cat=p&typeid=i","cat":298297},{"id":71155,"n":"Ail semoule Rustica Flacon - 60g","p":0.99,"u":"16,50 €/KG","img":"https://fd13-photos.leclercdrive.fr/image.ashx?id=2797790&use=l&cat=p&typeid=i","cat":298297},{"id":71156,"n":"Moulin 5 baies Rustica Flacon - 24g","p":1.19,"u":"49,58 €/KG","img":"https://fd13-photos.leclercdrive.fr/image.ashx?id=2907231&use=l&cat=p&typeid=i","cat":284457},{"id":71157,"n":"Herbe de provence haché Rustica 40g","p":0.88,"u":"22,00 €/KG","img":"https://fd13-photos.leclercdrive.fr/image.ashx?id=1239455&use=l&cat=p&typeid=i","cat":298297},{"id":71158,"n":"Poivre gris moulu Rustica Boite - 90g","p":2.29,"u":"25,44 €/KG","img":"https://fd13-photos.leclercdrive.fr/image.ashx?id=1239440&use=l&cat=p&typeid=i","cat":284457},{"id":71162,"n":"Assortiment crackers Tokapi 85g","p":0.69,"u":"8,12 €/KG","img":"https://fd13-photos.leclercdrive.fr/image.ashx?id=2705037&use=l&cat=p&typeid=i","cat":297000},{"id":71164,"n":"Gel lavant Bionaïa Abricot bio - 300ml","p":1.79,"u":"5,97 €/L","img":"https://fd13-photos.leclercdrive.fr/image.ashx?id=2935525&use=l&cat=p&typeid=i","cat":284597},{"id":71232,"n":"Scotch Whisky William Peel Edition limitée 40%vol - 1L","p":16.55,"pp":15.55,"u":"15,55 €/L","img":"https://fd13-photos.leclercdrive.fr/image.ashx?id=2867014&use=l&cat=p&typeid=i","cat":284547},{"id":71320,"n":"Whisky japonais Togouchi Premium - 40%vol - 70cl","p":39.24,"u":"56,06 €/L","img":"https://fd13-photos.leclercdrive.fr/image.ashx?id=2685291&use=l&cat=p&typeid=i","cat":284547},{"id":71351,"n":"Cocktail Pêche Océan Fruits de mer - 500g","p":4.94,"u":"9,88 €/KG","img":"https://fd13-photos.leclercdrive.fr/image.ashx?id=2686347&use=l&cat=p&typeid=i","cat":319787},{"id":71412,"n":"Déodorant Manava Cologne - 100ml","p":1.39,"u":"13,90 €/L","img":"https://fd13-photos.leclercdrive.fr/image.ashx?id=2666572&use=l&cat=p&typeid=i","cat":284595},{"id":71413,"n":"Déodorant Manava Freesia Orchidée - 100ml","p":1.36,"u":"13,60 €/L","img":"https://fd13-photos.leclercdrive.fr/image.ashx?id=2656451&use=l&cat=p&typeid=i","cat":284595},{"id":71417,"n":"Petits pois très fins Eco  560g","p":1.15,"u":"2,05 €/KG","img":"https://fd13-photos.leclercdrive.fr/image.ashx?id=3003711&use=l&cat=p&typeid=i","cat":312607},{"id":71419,"n":"Petits pois carottes Eco  530g","p":1.12,"u":"2,11 €/KG","img":"https://fd13-photos.leclercdrive.fr/image.ashx?id=3003714&use=l&cat=p&typeid=i","cat":312607},{"id":71423,"n":"Flageolets verts fins Eco  530g","p":1.19,"u":"2,25 €/KG","img":"https://fd13-photos.leclercdrive.fr/image.ashx?id=2720012&use=l&cat=p&typeid=i","cat":312606},{"id":71429,"n":"Haricots verts extra fins Eco  440g","p":1.04,"u":"2,36 €/KG","img":"https://fd13-photos.leclercdrive.fr/image.ashx?id=2448962&use=l&cat=p&typeid=i","cat":312606},{"id":71431,"n":"Tomates entières pelées Eco+ - 480g","p":1.1,"u":"2,29 €/KG","img":"https://fd13-photos.leclercdrive.fr/image.ashx?id=3003729&use=l&cat=p&typeid=i","cat":312608},{"id":71433,"n":"Choux-fleurs Eco+ 1kg","p":1.31,"u":"1,31 €/KG","img":"https://fd13-photos.leclercdrive.fr/image.ashx?id=2892334&use=l&cat=p&typeid=i","cat":319805},{"id":71439,"n":"Filets de colin d'Alaska Eco+ 10x100g","p":5.3,"u":"5,30 €/KG","img":"https://fd13-photos.leclercdrive.fr/image.ashx?id=1668300&use=l&cat=p&typeid=i","cat":319786},{"id":71440,"n":"Curry poudre bio Ducros Flacon - 36g","p":1.99,"u":"55,28 €/KG","img":"https://fd13-photos.leclercdrive.fr/image.ashx?id=2484071&use=l&cat=p&typeid=i","cat":298297},{"id":71441,"n":"Ail bio Ducros Flacon - 52g","p":2.75,"u":"52,88 €/KG","img":"https://fd13-photos.leclercdrive.fr/image.ashx?id=2484077&use=l&cat=p&typeid=i","cat":298297},{"id":71442,"n":"Cassoulet Eco+ 840g","p":1.97,"u":"2,35 €/KG","img":"https://fd13-photos.leclercdrive.fr/image.ashx?id=2847937&use=l&cat=p&typeid=i","cat":284440},{"id":71444,"n":"Galettes au beurre Eco+ x16 - 125g","p":0.64,"u":"5,12 €/KG","img":"https://fd13-photos.leclercdrive.fr/image.ashx?id=2746781&use=l&cat=p&typeid=i","cat":284487},{"id":71446,"n":"Biscuits aux oeufs Eco+ x60 - 400g","p":1.57,"u":"3,93 €/KG","img":"https://fd13-photos.leclercdrive.fr/image.ashx?id=2804136&use=l&cat=p&typeid=i","cat":284487},{"id":71447,"n":"Curcuma bio Ducros Flacon - 42g","p":2.44,"u":"58,10 €/KG","img":"https://fd13-photos.leclercdrive.fr/image.ashx?id=2484086&use=l&cat=p&typeid=i","cat":298297},{"id":71448,"n":"Raviolis à la sauce tomate Eco+ 800g","p":1.69,"u":"2,11 €/KG","img":"https://fd13-photos.leclercdrive.fr/image.ashx?id=2688288&use=l&cat=p&typeid=i","cat":284442},{"id":71451,"n":"Serviettes maxi nuit Eco+ x10","p":0.64,"u":"0,06 €/P","img":"https://fd13-photos.leclercdrive.fr/image.ashx?id=2824739&use=l&cat=p&typeid=i","cat":284624},{"id":71469,"n":"DOC Prosecco extra-dry blanc 7% vol - 75cl","p":4.99,"u":"6,65 €/L","img":"https://fd13-photos.leclercdrive.fr/image.ashx?id=2977171&use=l&cat=p&typeid=i","cat":289461},{"id":71489,"n":"Croissants Epi d'Or x8 - 320g","p":1.64,"u":"5,13 €/KG","img":"https://fd13-photos.leclercdrive.fr/image.ashx?id=2860766&use=l&cat=p&typeid=i","cat":296366},{"id":71495,"n":"IGP Pays d'Oc Sauvignon Blanc Vieux Carion 11.5% vol BIB 3L","p":7.99,"u":"2,66 €/L","img":"https://fd13-photos.leclercdrive.fr/image.ashx?id=2900346&use=l&cat=p&typeid=i","cat":289557},{"id":71497,"n":"Tartelette P'tit Déli Fraise - 127g","p":1.42,"u":"11,18 €/KG","img":"https://fd13-photos.leclercdrive.fr/image.ashx?id=2683916&use=l&cat=p&typeid=i","cat":284489},{"id":71524,"n":"Goûter rectangle P'tit Déli Fourré chocolat - 125g","p":1.19,"u":"9,52 €/KG","img":"https://fd13-photos.leclercdrive.fr/image.ashx?id=2619725&use=l&cat=p&typeid=i","cat":284488},{"id":71531,"n":"Crème fraiche bio Bio village Epaisse - 30% MG  - 50cl","p":2.66,"u":"5,32 €/L","img":"https://fd13-photos.leclercdrive.fr/image.ashx?id=1975050&use=l&cat=p&typeid=i","cat":284381},{"id":71535,"n":"Pommes de terre NRT à l'échirlète - 600g","p":3.55,"u":"5,92 €/KG","img":"https://fd13-photos.leclercdrive.fr/image.ashx?id=2699855&use=l&cat=p&typeid=i","cat":319792},{"id":71553,"n":"Déodorant Manava Freesia Orchidée - 200ml","p":1.34,"u":"6,70 €/L","img":"https://fd13-photos.leclercdrive.fr/image.ashx?id=2656454&use=l&cat=p&typeid=i","cat":284595},{"id":71565,"n":"Pêches Douceur du Verger Sirop léger - 465g","p":1.62,"u":"3,48 €/KG","img":"https://fd13-photos.leclercdrive.fr/image.ashx?id=2666471&use=l&cat=p&typeid=i","cat":284507},{"id":71566,"n":"Sauce Soja Tables Du Monde 125ml","p":0.83,"u":"6,64 €/L","img":"https://fd13-photos.leclercdrive.fr/image.ashx?id=2679765&use=l&cat=p&typeid=i","cat":288992},{"id":71568,"n":"Sauce soja sucrée Table du monde - 125ml","p":0.83,"u":"6,64 €/L","img":"https://fd13-photos.leclercdrive.fr/image.ashx?id=2679762&use=l&cat=p&typeid=i","cat":288992},{"id":71574,"n":"Gaufrettes P'tit Déli Chocolat noisette - 160g","p":1.54,"u":"9,63 €/KG","img":"https://fd13-photos.leclercdrive.fr/image.ashx?id=2915302&use=l&cat=p&typeid=i","cat":284488},{"id":71578,"n":"Crème lavante Manava Surgras - 300ml","p":1.12,"u":"3,73 €/L","img":"https://fd13-photos.leclercdrive.fr/image.ashx?id=2935513&use=l&cat=p&typeid=i","cat":284597},{"id":71579,"n":"Recharge crème lavante Manava Surgras - 250ml","p":0.66,"u":"2,64 €/L","img":"https://fd13-photos.leclercdrive.fr/image.ashx?id=2935516&use=l&cat=p&typeid=i","cat":284597},{"id":71599,"n":"Bicarbonate de soude Clair 500g","p":1.5,"u":"3,00 €/KG","img":"https://fd13-photos.leclercdrive.fr/image.ashx?id=2822129&use=l&cat=p&typeid=i","cat":325365},{"id":71600,"n":"Champignons Notre Jardin Emincés, épais - 230g","p":1.43,"u":"6,22 €/KG","img":"https://fd13-photos.leclercdrive.fr/image.ashx?id=2553917&use=l&cat=p&typeid=i","cat":312610},{"id":71607,"n":"Pain épices Ronde Des Mers Miel, citron - 150g","p":1.99,"u":"13,27 €/KG","img":"https://fd13-photos.leclercdrive.fr/image.ashx?id=2392277&use=l&cat=p&typeid=i","cat":284493},{"id":71649,"n":"Herbe Provence bio Bio Village 14g","p":0.79,"u":"56,43 €/KG","img":"https://fd13-photos.leclercdrive.fr/image.ashx?id=2711695&use=l&cat=p&typeid=i","cat":298297},{"id":71650,"n":"Saumon fumé L'Origine du Goût Ecosse x4 - 140g","p":8.04,"u":"57,43 €/KG","img":"https://fd13-photos.leclercdrive.fr/image.ashx?id=2775484&use=l&cat=p&typeid=i","cat":285188},{"id":71653,"n":"Thym bio Bio Village 16g","p":0.88,"u":"55,00 €/KG","img":"https://fd13-photos.leclercdrive.fr/image.ashx?id=2711698&use=l&cat=p&typeid=i","cat":298297},{"id":71679,"n":"Truffe noire du Périgord L'Origine du goût - 12,5g","p":15.99,"img":"https://fd13-photos.leclercdrive.fr/image.ashx?id=1646697&use=l&cat=p&typeid=i","cat":312610},{"id":72164,"n":"Soda au cola Pepsi Zéro sucres Le lot de 4x1.5L","p":3.43,"u":"0,57 €/L","img":"https://fd13-photos.leclercdrive.fr/image.ashx?id=2692560&use=l&cat=p&typeid=i","cat":284530},{"id":72190,"n":"Lomo Bellota L'Origine du Goût - 80g","p":5.95,"u":"74,38 €/KG","img":"https://fd13-photos.leclercdrive.fr/image.ashx?id=2275409&use=l&cat=p&typeid=i","cat":316007},{"id":72191,"n":"Jamon Bellota 48 mois L'Origine du goût - 70g","p":9.5,"u":"135,71 €/KG","img":"https://fd13-photos.leclercdrive.fr/image.ashx?id=2192628&use=l&cat=p&typeid=i","cat":316007},{"id":72731,"n":"Chocolat Pâtissier Nestlé Dessert : Noir 70% - 170g","p":3.31,"u":"19,47 €/KG","img":"https://fd13-photos.leclercdrive.fr/image.ashx?id=2902358&use=l&cat=p&typeid=i","cat":285562},{"id":72734,"n":"Pain de mie Schär - Céréales Sans gluten - 300g","p":3.49,"u":"11,63 €/KG","img":"https://fd13-photos.leclercdrive.fr/image.ashx?id=2659421&use=l&cat=p&typeid=i","cat":318654},{"id":72786,"n":"Bière blonde Pelforth Fût pression - 5L","p":15.94,"u":"3,19 €/L","img":"https://fd13-photos.leclercdrive.fr/image.ashx?id=2767249&use=l&cat=p&typeid=i","cat":334879},{"id":72789,"n":"Bière blonde Desperados Fût 5L","p":17.27,"u":"3,45 €/L","img":"https://fd13-photos.leclercdrive.fr/image.ashx?id=2983513&use=l&cat=p&typeid=i","cat":334879},{"id":72791,"n":"Bière Desperados 3x33cl","p":4.2,"u":"4,24 €/L","img":"https://fd13-photos.leclercdrive.fr/image.ashx?id=2983120&use=l&cat=p&typeid=i","cat":334878},{"id":72815,"n":"Saumon fumé Labeyrie Norvège 12 tranches - 450g","p":16.22,"u":"36,04 €/KG","img":"https://fd13-photos.leclercdrive.fr/image.ashx?id=2916770&use=l&cat=p&typeid=i","cat":285188},{"id":72932,"n":"Spaghetti bolognaise Côté Table 415g","p":2.03,"u":"4,89 €/KG","img":"https://fd13-photos.leclercdrive.fr/image.ashx?id=2977882&use=l&cat=p&typeid=i","cat":284442},{"id":72934,"n":"Sauce nuoc mam Tables du monde 125ml","p":0.91,"u":"7,28 €/L","img":"https://fd13-photos.leclercdrive.fr/image.ashx?id=2679771&use=l&cat=p&typeid=i","cat":288992},{"id":73006,"n":"Sauce pour nems Tables du monde 125ml","p":0.99,"u":"7,92 €/L","img":"https://fd13-photos.leclercdrive.fr/image.ashx?id=2526306&use=l&cat=p&typeid=i","cat":288992},{"id":73689,"n":"Pomme jaune bio Bio Village x4","p":1.99,"u":"0,50 €/P","img":"https://fd13-photos.leclercdrive.fr/image.ashx?id=2556544&use=l&cat=p&typeid=i","cat":284356},{"id":73703,"n":"Marbré Eco+ Parfum chocolat - 600g","p":2.34,"u":"3,90 €/KG","img":"https://fd13-photos.leclercdrive.fr/image.ashx?id=2825290&use=l&cat=p&typeid=i","cat":294776},{"id":73706,"n":"Riz basmati Eco+ 1kg","p":2.01,"u":"2,01 €/KG","img":"https://fd13-photos.leclercdrive.fr/image.ashx?id=2141651&use=l&cat=p&typeid=i","cat":284428},{"id":73708,"n":"Purée de tomate Eco+ Brique - 500g","p":0.51,"u":"1,02 €/KG","img":"https://fd13-photos.leclercdrive.fr/image.ashx?id=2756576&use=l&cat=p&typeid=i","cat":288384},{"id":73715,"n":"Vin blanc AOC Bourgogne Aligoté Couvent des Visitandines - 75cl","p":7.99,"u":"10,65 €/L","img":"https://fd13-photos.leclercdrive.fr/image.ashx?id=2955294&use=l&cat=p&typeid=i","cat":289557},{"id":73717,"n":"Pommes de terre Eco+ 530g","p":1.15,"u":"2,17 €/KG","img":"https://fd13-photos.leclercdrive.fr/image.ashx?id=2473186&use=l&cat=p&typeid=i","cat":312612},{"id":73735,"n":"Café moulu Eco+ Pur arabica - 500g","p":6.44,"u":"12,88 €/KG","img":"https://fd13-photos.leclercdrive.fr/image.ashx?id=2874374&use=l&cat=p&typeid=i","cat":284750},{"id":73781,"n":"Maïs doux Eco+ 285g","p":0.78,"u":"2,74 €/KG","img":"https://fd13-photos.leclercdrive.fr/image.ashx?id=3003738&use=l&cat=p&typeid=i","cat":312611},{"id":73789,"n":"Rhum vieux agricole Damoiseau 42% vol - 70cl","p":22.6,"pp":20.34,"u":"29,06 €/L","img":"https://fd13-photos.leclercdrive.fr/image.ashx?id=1899300&use=l&cat=p&typeid=i","cat":284550},{"id":73790,"n":"Café soluble Eco+ 200g","p":3.47,"u":"17,35 €/KG","img":"https://fd13-photos.leclercdrive.fr/image.ashx?id=1654429&use=l&cat=p&typeid=i","cat":284843},{"id":73791,"n":"Chips nature Eco+ 200g","p":1.0,"u":"5,00 €/KG","img":"https://fd13-photos.leclercdrive.fr/image.ashx?id=2943596&use=l&cat=p&typeid=i","cat":284447},{"id":73793,"n":"Goûters ronds Eco+ Fourrés chocolat - 500g","p":1.35,"u":"2,70 €/KG","img":"https://fd13-photos.leclercdrive.fr/image.ashx?id=2222751&use=l&cat=p&typeid=i","cat":284488},{"id":73797,"n":"Pâtes Eco+ Macaroni - 1kg","p":0.99,"u":"0,99 €/KG","img":"https://fd13-photos.leclercdrive.fr/image.ashx?id=2887395&use=l&cat=p&typeid=i","cat":284427},{"id":73798,"n":"Pâtes Eco+ Coquillettes - 1kg","p":1.01,"u":"1,01 €/KG","img":"https://fd13-photos.leclercdrive.fr/image.ashx?id=2794859&use=l&cat=p&typeid=i","cat":284427},{"id":73800,"n":"Dosettes café Eco+ 100% arabica - x48 - 336g","p":4.32,"u":"12,86 €/KG","img":"https://fd13-photos.leclercdrive.fr/image.ashx?id=2711586&use=l&cat=p&typeid=i","cat":293238},{"id":73801,"n":"Dosettes café Eco+ 100% Robusta - x48 - 336g","p":4.09,"u":"12,17 €/KG","img":"https://fd13-photos.leclercdrive.fr/image.ashx?id=2800222&use=l&cat=p&typeid=i","cat":293238},{"id":73802,"n":"Riz soufflé Eco+ Au chocolat au lait - 750g","p":2.71,"u":"3,61 €/KG","img":"https://fd13-photos.leclercdrive.fr/image.ashx?id=2693096&use=l&cat=p&typeid=i","cat":309513},{"id":73803,"n":"Shampooing aux oeufs Eco+ 750ml","p":0.52,"u":"0,69 €/L","img":"https://fd13-photos.leclercdrive.fr/image.ashx?id=2779178&use=l&cat=p&typeid=i","cat":284606},{"id":73804,"n":"Lingettes démaquillantes Eco+ x25","p":0.67,"u":"0,03 €/P","img":"https://fd13-photos.leclercdrive.fr/image.ashx?id=2282156&use=l&cat=p&typeid=i","cat":284603},{"id":73805,"n":"Biscuit fourré cacao Eco+ x12 - 225g","p":0.93,"u":"4,13 €/KG","img":"https://fd13-photos.leclercdrive.fr/image.ashx?id=2834223&use=l&cat=p&typeid=i","cat":284488},{"id":73806,"n":"Eau de javel Eco+ 3x250ml","p":0.48,"u":"0,64 €/L","img":"https://fd13-photos.leclercdrive.fr/image.ashx?id=3007612&use=l&cat=p&typeid=i","cat":284661},{"id":73807,"n":"Carré coton bébé Eco+ x60","p":0.99,"u":"0,02 €/P","img":"https://fd13-photos.leclercdrive.fr/image.ashx?id=2771115&use=l&cat=p&typeid=i","cat":284739},{"id":74047,"n":"Parmentier de porc Eco+ 1kg","p":2.6,"u":"2,60 €/KG","img":"https://fd13-photos.leclercdrive.fr/image.ashx?id=2774885&use=l&cat=p&typeid=i","cat":284254},{"id":74048,"n":"Lasagnes à la bolognaise Eco + 1kg","p":2.54,"u":"2,54 €/KG","img":"https://fd13-photos.leclercdrive.fr/image.ashx?id=2779166&use=l&cat=p&typeid=i","cat":284254},{"id":74089,"n":"Batonnets Poissons panés Eco+ x15 - 450g","p":1.6,"u":"3,56 €/KG","img":"https://fd13-photos.leclercdrive.fr/image.ashx?id=2843565&use=l&cat=p&typeid=i","cat":319788},{"id":74090,"n":"Nectar Multifruits Eco+ Brique - 2L","p":1.38,"u":"0,69 €/L","img":"https://fd13-photos.leclercdrive.fr/image.ashx?id=2751853&use=l&cat=p&typeid=i","cat":284917},{"id":74091,"n":"Mozzarella Eco+ 18%mg - 125g","p":0.76,"u":"6,08 €/KG","img":"https://fd13-photos.leclercdrive.fr/image.ashx?id=2754868&use=l&cat=p&typeid=i","cat":314026},{"id":74105,"n":"Pur jus d'orange Eco  1.5L","p":2.46,"u":"1,64 €/L","img":"https://fd13-photos.leclercdrive.fr/image.ashx?id=2720136&use=l&cat=p&typeid=i","cat":284521},{"id":74110,"n":"Chorizo doux Eco+ 250g","p":1.66,"u":"6,64 €/KG","img":"https://fd13-photos.leclercdrive.fr/image.ashx?id=2694082&use=l&cat=p&typeid=i","cat":316006},{"id":74112,"n":"Pommes frites Eco+ 1kg","p":1.68,"u":"1,68 €/KG","img":"https://fd13-photos.leclercdrive.fr/image.ashx?id=2958302&use=l&cat=p&typeid=i","cat":319791},{"id":74116,"n":"Bière blonde de luxe 4% - 50cl","p":0.57,"u":"1,14 €/L","img":"https://fd13-photos.leclercdrive.fr/image.ashx?id=2955599&use=l&cat=p&typeid=i","cat":334853},{"id":74124,"n":"Citron vert Rustica 200ml","p":0.89,"u":"4,45 €/L","img":"https://fd13-photos.leclercdrive.fr/image.ashx?id=2635768&use=l&cat=p&typeid=i","cat":288383},{"id":74133,"n":"Bâtonnets de Surimi Pêche Océan MSC - x18 bâtonnets - 300g","p":2.05,"u":"6,83 €/KG","img":"https://fd13-photos.leclercdrive.fr/image.ashx?id=2981894&use=l&cat=p&typeid=i","cat":285189},{"id":74284,"n":"Brocolis bio Bio Village 500g","p":1.99,"u":"3,98 €/KG","img":"https://fd13-photos.leclercdrive.fr/image.ashx?id=2960547&use=l&cat=p&typeid=i","cat":284352},{"id":74289,"n":"Terrine de saumon Guyader Saumon / Saumon fumé - 350g","p":5.65,"u":"16,14 €/KG","img":"https://fd13-photos.leclercdrive.fr/image.ashx?id=2750471&use=l&cat=p&typeid=i","cat":285191},{"id":74292,"n":"Terrine de noix Guyader St Jacques A la bretonne - 350g","p":6.46,"u":"18,46 €/KG","img":"https://fd13-photos.leclercdrive.fr/image.ashx?id=2750468&use=l&cat=p&typeid=i","cat":285191},{"id":74344,"n":"Shampooing Naturé Moi Nourrissant - 250ml","p":2.39,"u":"9,56 €/L","img":"https://fd13-photos.leclercdrive.fr/image.ashx?id=2741472&use=l&cat=p&typeid=i","cat":284606},{"id":74656,"n":"Croquettes chien Purina One Medium adulte poulet riz  2.5kg","p":8.2,"u":"3,28 €/KG","img":"https://fd13-photos.leclercdrive.fr/image.ashx?id=2878384&use=l&cat=p&typeid=i","cat":284672},{"id":74857,"n":"Gateaux P'tit Déli Tout chocolat x7 - 210g","p":2.2,"u":"10,48 €/KG","img":"https://fd13-photos.leclercdrive.fr/image.ashx?id=1947372&use=l&cat=p&typeid=i","cat":294776},{"id":74860,"n":"Champignons Notre Jardin A la grecque - 400g","p":1.56,"u":"3,90 €/KG","img":"https://fd13-photos.leclercdrive.fr/image.ashx?id=2531101&use=l&cat=p&typeid=i","cat":312610},{"id":74999,"n":"Filet mignon de porc Ecrasé de pommes de terre 300g","p":3.02,"u":"10,07 €/KG","img":"https://fd13-photos.leclercdrive.fr/image.ashx?id=2962335&use=l&cat=p&typeid=i","cat":284953},{"id":75002,"n":"Steack haché Purée à l'emmental La cuisine Oceane - 300g","p":3.14,"u":"10,47 €/KG","img":"https://fd13-photos.leclercdrive.fr/image.ashx?id=2962344&use=l&cat=p&typeid=i","cat":284953},{"id":75337,"n":"Café en grains Méo L'original Bio - 500g","p":8.82,"u":"17,64 €/KG","img":"https://fd13-photos.leclercdrive.fr/image.ashx?id=2798533&use=l&cat=p&typeid=i","cat":293237},{"id":75338,"n":"Sachets Infusion bio Clipper Mes belles gambettes - 40g","p":2.16,"u":"54,00 €/KG","img":"https://fd13-photos.leclercdrive.fr/image.ashx?id=2908300&use=l&cat=p&typeid=i","cat":293234},{"id":75349,"n":"Thé noir Bio Clipper Earl Grey - 20 sachets - 40g","p":2.25,"u":"56,25 €/KG","img":"https://fd13-photos.leclercdrive.fr/image.ashx?id=2922086&use=l&cat=p&typeid=i","cat":293233},{"id":75357,"n":"Jus multifruits Jafaden Matin Fruité - 1L","p":2.09,"u":"2,09 €/L","img":"https://fd13-photos.leclercdrive.fr/image.ashx?id=2916713&use=l&cat=p&typeid=i","cat":285435},{"id":75426,"n":"Tofu fumé bio Bjorg - 2x100g","p":3.15,"u":"15,75 €/KG","img":"https://fd13-photos.leclercdrive.fr/image.ashx?id=2928531&use=l&cat=p&typeid=i","cat":284953},{"id":75475,"n":"Biscuits Oréo Format familial 440g","p":3.51,"u":"7,98 €/KG","img":"https://fd13-photos.leclercdrive.fr/image.ashx?id=2903827&use=l&cat=p&typeid=i","cat":284488},{"id":75491,"n":"Tablette chocolat au lait Lindt Praliné noisettes - 225g","p":3.96,"u":"17,60 €/KG","img":"https://fd13-photos.leclercdrive.fr/image.ashx?id=2423756&use=l&cat=p&typeid=i","cat":284497},{"id":75573,"n":"Mousse aux cèpes Madrange 180g","p":1.61,"u":"8,94 €/KG","img":"https://fd13-photos.leclercdrive.fr/image.ashx?id=3008209&use=l&cat=p&typeid=i","cat":316008},{"id":75587,"n":"Oignon jaune bio Bio village 1kg","p":2.49,"u":"2,49 €/KG","img":"https://fd13-photos.leclercdrive.fr/image.ashx?id=2922451&use=l&cat=p&typeid=i","cat":284352},{"id":75593,"n":"Ail blanc bio Bio Village 250g","p":3.49,"u":"13,96 €/KG","img":"https://fd13-photos.leclercdrive.fr/image.ashx?id=2922457&use=l&cat=p&typeid=i","cat":284352},{"id":75986,"n":"Pizza Feu de bois Bio Village Bio Margharita - 350g","p":3.29,"u":"9,40 €/KG","img":"https://fd13-photos.leclercdrive.fr/image.ashx?id=2943668&use=l&cat=p&typeid=i","cat":284256},{"id":76008,"n":"Chocolat au lait Lindt Création La Crème brûlée - 150g","p":3.4,"u":"22,67 €/KG","img":"https://fd13-photos.leclercdrive.fr/image.ashx?id=2685802&use=l&cat=p&typeid=i","cat":284497},{"id":76011,"n":"Chocolat noir Lindt Création Le Rocher noir - 150g","p":3.41,"u":"22,73 €/KG","img":"https://fd13-photos.leclercdrive.fr/image.ashx?id=2685808&use=l&cat=p&typeid=i","cat":284956},{"id":76025,"n":"Cookies chocolat Eco+ Pépites de chocolat - 200g","p":0.97,"u":"4,85 €/KG","img":"https://fd13-photos.leclercdrive.fr/image.ashx?id=2821872&use=l&cat=p&typeid=i","cat":325066},{"id":76119,"n":"Secret de mousse La Laitière Chocolat au lait - 4x59g","p":1.24,"u":"5,25 €/KG","img":"https://fd13-photos.leclercdrive.fr/image.ashx?id=2729740&use=l&cat=p&typeid=i","cat":284417},{"id":76120,"n":"Secret de mousse la Laitière Chocolat noir - 4x59g","p":1.24,"u":"5,25 €/KG","img":"https://fd13-photos.leclercdrive.fr/image.ashx?id=2616835&use=l&cat=p&typeid=i","cat":284417},{"id":76211,"n":"L'ours d'or Haribo Sachet bonbons - 300g","p":1.81,"u":"6,03 €/KG","img":"https://fd13-photos.leclercdrive.fr/image.ashx?id=2805201&use=l&cat=p&typeid=i","cat":304250},{"id":76212,"n":"Tutti Candi Haribo Sachet bonbons - 250g","p":1.74,"u":"6,96 €/KG","img":"https://fd13-photos.leclercdrive.fr/image.ashx?id=2984910&use=l&cat=p&typeid=i","cat":304250},{"id":76214,"n":"Chamallows Choco Haribo Sachet bonbons guimauve - 160g","p":2.0,"u":"12,50 €/KG","img":"https://fd13-photos.leclercdrive.fr/image.ashx?id=2984919&use=l&cat=p&typeid=i","cat":304250},{"id":76219,"n":"Cannelloni Côté Table 800g","p":2.99,"u":"3,74 €/KG","img":"https://fd13-photos.leclercdrive.fr/image.ashx?id=2977897&use=l&cat=p&typeid=i","cat":284442},{"id":76221,"n":"Pur jus Bio Village Bio Citron Sicile - 25cl","p":1.29,"u":"5,16 €/L","img":"https://fd13-photos.leclercdrive.fr/image.ashx?id=3010446&use=l&cat=p&typeid=i","cat":288383},{"id":76224,"n":"Maoam Stripes Haribo Sachet bonbons - 250g","p":2.06,"u":"8,24 €/KG","img":"https://fd13-photos.leclercdrive.fr/image.ashx?id=2953561&use=l&cat=p&typeid=i","cat":304250},{"id":76272,"n":"Lasagnes bolognaises Côté Table Viande de boeuf français - 600g","p":2.99,"u":"4,98 €/KG","img":"https://fd13-photos.leclercdrive.fr/image.ashx?id=2597324&use=l&cat=p&typeid=i","cat":284254},{"id":76321,"n":"Assortiment crackers Tokapi 4x85g","p":2.8,"u":"8,24 €/KG","img":"https://fd13-photos.leclercdrive.fr/image.ashx?id=2710840&use=l&cat=p&typeid=i","cat":297000},{"id":76322,"n":"Mini crackers Tokapi Salés - 4x75g","p":3.11,"u":"10,37 €/KG","img":"https://fd13-photos.leclercdrive.fr/image.ashx?id=1648078&use=l&cat=p&typeid=i","cat":297000},{"id":76360,"n":"Soda Schweppes Indian Tonic - 1L","p":1.42,"u":"1,42 €/L","img":"https://fd13-photos.leclercdrive.fr/image.ashx?id=2852399&use=l&cat=p&typeid=i","cat":284531},{"id":76371,"n":"Dentifrice Sensodyne Rapide action blancheur -2x75ml","p":5.69,"u":"37,93 €/L","img":"https://fd13-photos.leclercdrive.fr/image.ashx?id=2833282&use=l&cat=p&typeid=i","cat":284612},{"id":76398,"n":"Tablette de chocolat noir Lindt Amandes / Fleur de sel - 150g","p":4.19,"u":"27,93 €/KG","img":"https://fd13-photos.leclercdrive.fr/image.ashx?id=2382992&use=l&cat=p&typeid=i","cat":284956},{"id":76487,"n":"Plaisir aux Noix  Lenôtre - 410g","p":5.92,"u":"14,44 €/KG","img":"https://fd13-photos.leclercdrive.fr/image.ashx?id=2807750&use=l&cat=p&typeid=i","cat":284267},{"id":76501,"n":"Chips Tortilla Old El Paso Nachips - 185g","p":2.26,"u":"12,22 €/KG","img":"https://fd13-photos.leclercdrive.fr/image.ashx?id=2444519&use=l&cat=p&typeid=i","cat":288993},{"id":76607,"n":"Accras de Morue Agis Avec sauce aigre douce 200g","p":3.48,"u":"17,40 €/KG","img":"https://fd13-photos.leclercdrive.fr/image.ashx?id=2788664&use=l&cat=p&typeid=i","cat":333673},{"id":76609,"n":"Plateau Assortiment Asiatique 500g","p":7.49,"u":"14,98 €/KG","img":"https://fd13-photos.leclercdrive.fr/image.ashx?id=2979821&use=l&cat=p&typeid=i","cat":333673},{"id":76647,"n":"Sauce vinaigrette Tête Noire  Aux tomates séchées - 55cl","p":3.35,"u":"6,09 €/L","img":"https://fd13-photos.leclercdrive.fr/image.ashx?id=2851713&use=l&cat=p&typeid=i","cat":284456},{"id":76719,"n":"Serviette papier Aqua Homeside Triple épaisseur 40x40cm - x20","p":1.39,"u":"0,07 €/P","img":"https://fd13-photos.leclercdrive.fr/image.ashx?id=2711710&use=l&cat=p&typeid=i","cat":334134},{"id":76725,"n":"Serviette papier Rouge Homeside Triple épaisseur 40x40cm - x20","p":1.39,"u":"0,07 €/P","img":"https://fd13-photos.leclercdrive.fr/image.ashx?id=1659735&use=l&cat=p&typeid=i","cat":334134},{"id":76731,"n":"Sachet mini burger Trolli 100g","p":2.33,"u":"23,30 €/KG","img":"https://fd13-photos.leclercdrive.fr/image.ashx?id=2651179&use=l&cat=p&typeid=i","cat":304250},{"id":76776,"n":"Eau de toilette Daniel Hechter  Homme Caractère - 50ml","p":12.59,"u":"251,80 €/L","img":"https://fd13-photos.leclercdrive.fr/image.ashx?id=2526953&use=l&cat=p&typeid=i","cat":287740},{"id":76783,"n":"Eau de Toilette Femme Eau Jeune Echappée Belle - 75ml","p":6.67,"u":"88,93 €/L","img":"https://fd13-photos.leclercdrive.fr/image.ashx?id=2458745&use=l&cat=p&typeid=i","cat":291525},{"id":76802,"n":"Biscuits cacao Kinder Cards Au lait et au cacao x5 - 128g","p":1.88,"u":"14,69 €/KG","img":"https://fd13-photos.leclercdrive.fr/image.ashx?id=2673328&use=l&cat=p&typeid=i","cat":284488},{"id":76861,"n":"Pâté au poisson pour chat Eco+ Barquette - 100g","p":0.24,"u":"2,40 €/KG","img":"https://fd13-photos.leclercdrive.fr/image.ashx?id=2982794&use=l&cat=p&typeid=i","cat":285286},{"id":76864,"n":"Gelée Bonne Maman Mûres - 370g","p":2.79,"u":"7,54 €/KG","img":"https://fd13-photos.leclercdrive.fr/image.ashx?id=2476305&use=l&cat=p&typeid=i","cat":284480},{"id":76869,"n":"Compote bio Bio Village Gourdes multivariétés - 12x90g","p":6.29,"u":"5,82 €/KG","img":"https://fd13-photos.leclercdrive.fr/image.ashx?id=1974308&use=l&cat=p&typeid=i","cat":284508},{"id":76875,"n":"Confiture Bonne Maman Fraise intense - 335g","p":1.68,"u":"5,01 €/KG","img":"https://fd13-photos.leclercdrive.fr/image.ashx?id=2341008&use=l&cat=p&typeid=i","cat":284480},{"id":76876,"n":"Confiture Bonne Maman Abricot intense - 335g","p":1.74,"u":"5,19 €/KG","img":"https://fd13-photos.leclercdrive.fr/image.ashx?id=2341011&use=l&cat=p&typeid=i","cat":284480},{"id":76877,"n":"Confiture Bonne Maman Framboise intense - 335g","p":2.6,"u":"7,76 €/KG","img":"https://fd13-photos.leclercdrive.fr/image.ashx?id=2341017&use=l&cat=p&typeid=i","cat":284480},{"id":76878,"n":"Confiture Bonne Maman Fruits rouges intense - 335g","p":2.13,"u":"6,36 €/KG","img":"https://fd13-photos.leclercdrive.fr/image.ashx?id=2900977&use=l&cat=p&typeid=i","cat":284480},{"id":76880,"n":"Confiture Bonne Maman Myrtille intense - 335g","p":2.48,"u":"7,40 €/KG","img":"https://fd13-photos.leclercdrive.fr/image.ashx?id=2341020&use=l&cat=p&typeid=i","cat":284480},{"id":76883,"n":"Sachet chat stérilisé Perfect Fit poissons sauce - 4x85g","p":2.7,"u":"7,94 €/KG","img":"https://fd13-photos.leclercdrive.fr/image.ashx?id=2759724&use=l&cat=p&typeid=i","cat":285286},{"id":76886,"n":"Sachet chat stérilisé Perfect  Fit poulet saumon sauce - 4x85g","p":2.36,"u":"6,94 €/KG","img":"https://fd13-photos.leclercdrive.fr/image.ashx?id=2759727&use=l&cat=p&typeid=i","cat":285286},{"id":76887,"n":"Friandises chien Pedigree  Récompense poulet canard - 130g","p":1.63,"u":"12,54 €/KG","img":"https://fd13-photos.leclercdrive.fr/image.ashx?id=2985555&use=l&cat=p&typeid=i","cat":294527},{"id":76888,"n":"Compotes Pom'Potes Gourdes  Multivariétés - 12x90g","p":4.95,"u":"4,58 €/KG","img":"https://fd13-photos.leclercdrive.fr/image.ashx?id=2986143&use=l&cat=p&typeid=i","cat":284508},{"id":76889,"n":"Compotes Pom'Potes Gourdes  Pomme Nature - 20x90g","p":7.25,"u":"4,03 €/KG","img":"https://fd13-photos.leclercdrive.fr/image.ashx?id=2889220&use=l&cat=p&typeid=i","cat":284508},{"id":76895,"n":"Lait croissance Bio Guigoz En poudre - dès 12 mois - 800g","p":15.13,"u":"18,91 €/KG","img":"https://fd13-photos.leclercdrive.fr/image.ashx?id=2740289&use=l&cat=p&typeid=i","cat":290219},{"id":76999,"n":"Vinaigre de vin rouge Maille 50cl","p":2.33,"u":"4,66 €/L","img":"https://fd13-photos.leclercdrive.fr/image.ashx?id=2812747&use=l&cat=p&typeid=i","cat":298543},{"id":77008,"n":"Petits pains grillés Epi d'Or Briochés - 225g","p":1.45,"u":"6,44 €/KG","img":"https://fd13-photos.leclercdrive.fr/image.ashx?id=2496416&use=l&cat=p&typeid=i","cat":284479},{"id":77017,"n":"Vinaigrette Maille Huile sésame/soja - 36cl","p":3.01,"u":"8,36 €/L","img":"https://fd13-photos.leclercdrive.fr/image.ashx?id=2985657&use=l&cat=p&typeid=i","cat":284456},{"id":77336,"n":"St nectaire laitier NRT AOP  300g","p":4.28,"u":"14,27 €/KG","img":"https://fd13-photos.leclercdrive.fr/image.ashx?id=2143359&use=l&cat=p&typeid=i","cat":329184},{"id":77359,"n":"Ravioli pur boeuf Côté Table Sauce italienne - 800g","p":2.19,"u":"2,74 €/KG","img":"https://fd13-photos.leclercdrive.fr/image.ashx?id=3015102&use=l&cat=p&typeid=i","cat":284442},{"id":77360,"n":"Ravioli bolognaise Côté Table 800g","p":2.89,"u":"3,61 €/KG","img":"https://fd13-photos.leclercdrive.fr/image.ashx?id=3015099&use=l&cat=p&typeid=i","cat":284442},{"id":77506,"n":"Kit pour Fajitas Old El Paso Sans piment - 478g","p":4.79,"u":"10,02 €/KG","img":"https://fd13-photos.leclercdrive.fr/image.ashx?id=2759712&use=l&cat=p&typeid=i","cat":288993},{"id":77562,"n":"AOC Champagne de Cazanove Réserve brut - 75cl","p":18.9,"u":"25,20 €/L","img":"https://fd13-photos.leclercdrive.fr/image.ashx?id=2106814&use=l&cat=p&typeid=i","cat":284542},{"id":77652,"n":"Plaisir Citron  Recette Lenôtre - 410g","p":8.15,"u":"19,88 €/KG","img":"https://fd13-photos.leclercdrive.fr/image.ashx?id=2807747&use=l&cat=p&typeid=i","cat":284267},{"id":77727,"n":"Pain Bagel La Boulangère x2 - 180g","p":1.34,"u":"7,44 €/KG","img":"https://fd13-photos.leclercdrive.fr/image.ashx?id=2333959&use=l&cat=p&typeid=i","cat":284985},{"id":77734,"n":"Pains au chocolat Fournée Dorée Beurre frais x8 - 360g","p":2.91,"u":"8,08 €/KG","img":"https://fd13-photos.leclercdrive.fr/image.ashx?id=2950354&use=l&cat=p&typeid=i","cat":296366},{"id":77745,"n":"Sauce Gourmet Amora Béarnaise - 184g","p":1.44,"u":"7,83 €/KG","img":"https://fd13-photos.leclercdrive.fr/image.ashx?id=2387876&use=l&cat=p&typeid=i","cat":318430},{"id":77755,"n":"Vinaigrette Légère MAILLE Vin Rouge & Echalotes - 36cl","p":2.46,"u":"6,83 €/L","img":"https://fd13-photos.leclercdrive.fr/image.ashx?id=2788154&use=l&cat=p&typeid=i","cat":284456},{"id":77791,"n":"Lingettes Lait Demak'up 3x23","p":6.1,"u":"0,09 €/P","img":"https://fd13-photos.leclercdrive.fr/image.ashx?id=2398691&use=l&cat=p&typeid=i","cat":284603},{"id":77801,"n":"Déodorant à bille Nivea Dry Confort - 2x50ml","p":3.87,"u":"38,70 €/L","img":"https://fd13-photos.leclercdrive.fr/image.ashx?id=2473606&use=l&cat=p&typeid=i","cat":284595},{"id":77808,"n":"Déodorant spray Nivea Protect&care - 2x200ml","p":3.67,"u":"9,18 €/L","img":"https://fd13-photos.leclercdrive.fr/image.ashx?id=2316264&use=l&cat=p&typeid=i","cat":284595},{"id":77812,"n":"Déodorant Black&white Nivea Atomiseur - 2x200ml","p":4.22,"u":"10,55 €/L","img":"https://fd13-photos.leclercdrive.fr/image.ashx?id=2290320&use=l&cat=p&typeid=i","cat":284595},{"id":77871,"n":"Brosse à dent Aquafresh Flex Medium x3","p":4.19,"u":"1,40 €/P","img":"https://fd13-photos.leclercdrive.fr/image.ashx?id=2303855&use=l&cat=p&typeid=i","cat":284614},{"id":77885,"n":"Eau de bleuets Christian Lenart 200ml","p":3.82,"u":"19,10 €/L","img":"https://fd13-photos.leclercdrive.fr/image.ashx?id=2324807&use=l&cat=p&typeid=i","cat":325345},{"id":77901,"n":"Tzatziki Bio l'Atelier Blini Extra - 160g","p":3.18,"u":"19,88 €/KG","img":"https://fd13-photos.leclercdrive.fr/image.ashx?id=2297081&use=l&cat=p&typeid=i","cat":315999},{"id":77915,"n":"Eau micellaire Diadermine Express 3 en 1 - 400ml","p":4.1,"u":"10,25 €/L","img":"https://fd13-photos.leclercdrive.fr/image.ashx?id=2507862&use=l&cat=p&typeid=i","cat":284603},{"id":77976,"n":"Beurre Grand Fermage Doux - 82% MG - 250g","p":2.68,"u":"10,72 €/KG","img":"https://fd13-photos.leclercdrive.fr/image.ashx?id=2985207&use=l&cat=p&typeid=i","cat":284379},{"id":77979,"n":"Beurre AOP Isigny Ste Mère Doux  - 82% MG - 250g","p":2.99,"u":"11,96 €/KG","img":"https://fd13-photos.leclercdrive.fr/image.ashx?id=2578127&use=l&cat=p&typeid=i","cat":284379},{"id":77986,"n":"Houmous Blini 200g","p":2.03,"u":"10,15 €/KG","img":"https://fd13-photos.leclercdrive.fr/image.ashx?id=2487716&use=l&cat=p&typeid=i","cat":315999},{"id":78005,"n":"Feta AOP Casa Azzurra Portion - 150g","p":3.2,"u":"21,33 €/KG","img":"https://fd13-photos.leclercdrive.fr/image.ashx?id=1620610&use=l&cat=p&typeid=i","cat":314026},{"id":78045,"n":"Darne de Saumon Farcie - 160g","p":6.9,"u":"43,13 €/KG","img":"https://fd13-photos.leclercdrive.fr/image.ashx?id=2021340&use=l&cat=p&typeid=i","cat":285094},{"id":78075,"n":"Café moulu L'Or Intense 100% Arabica - 250g","p":4.67,"u":"18,68 €/KG","img":"https://fd13-photos.leclercdrive.fr/image.ashx?id=2289927&use=l&cat=p&typeid=i","cat":284750},{"id":78083,"n":"Capsules café L'Or Espresso Lungo Profondo N°8 x10","p":3.65,"u":"70,19 €/KG","img":"https://fd13-photos.leclercdrive.fr/image.ashx?id=2100281&use=l&cat=p&typeid=i","cat":284749},{"id":78087,"n":"Café solubleMaxwell House Qualité Filtre Jarre - 100g","p":5.31,"u":"53,10 €/KG","img":"https://fd13-photos.leclercdrive.fr/image.ashx?id=1793910&use=l&cat=p&typeid=i","cat":284843},{"id":78105,"n":"Capsules café L'Or Espresso Splendente N°7 x10","p":3.09,"u":"59,42 €/KG","img":"https://fd13-photos.leclercdrive.fr/image.ashx?id=3000465&use=l&cat=p&typeid=i","cat":284749},{"id":78107,"n":"Capsules café L'Or Espresso Decaffeinato N°6 x10","p":3.17,"u":"60,96 €/KG","img":"https://fd13-photos.leclercdrive.fr/image.ashx?id=2100275&use=l&cat=p&typeid=i","cat":284749},{"id":78108,"n":"Capsules café L'Or Espresso Or Absolu N°9 x10","p":3.64,"u":"70,00 €/KG","img":"https://fd13-photos.leclercdrive.fr/image.ashx?id=2100287&use=l&cat=p&typeid=i","cat":284749},{"id":78137,"n":"Coquillettes Chaque Jour  Sans gluten - 400g","p":1.57,"u":"3,93 €/KG","img":"https://fd13-photos.leclercdrive.fr/image.ashx?id=2872715&use=l&cat=p&typeid=i","cat":284427},{"id":78154,"n":"Fusilli Chaque Jour  Sans gluten - 400g","p":1.75,"u":"4,38 €/KG","img":"https://fd13-photos.leclercdrive.fr/image.ashx?id=2885774&use=l&cat=p&typeid=i","cat":284427},{"id":78162,"n":"Fondant chocolat Chaque jour sans Gluten - 500g","p":4.63,"u":"9,26 €/KG","img":"https://fd13-photos.leclercdrive.fr/image.ashx?id=2656457&use=l&cat=p&typeid=i","cat":318654},{"id":78176,"n":"Mini cônes Extrême Vanille Chocolat x8 - 312g","p":3.69,"u":"11,83 €/KG","img":"https://fd13-photos.leclercdrive.fr/image.ashx?id=2737030&use=l&cat=p&typeid=i","cat":284264},{"id":78192,"n":"Pizza extrème Marie L'américaine - 530g","p":4.0,"u":"7,55 €/KG","img":"https://fd13-photos.leclercdrive.fr/image.ashx?id=2996767&use=l&cat=p&typeid=i","cat":284256},{"id":78204,"n":"Biscuits Palmito LU 100g","p":0.83,"u":"8,30 €/KG","img":"https://fd13-photos.leclercdrive.fr/image.ashx?id=3001949&use=l&cat=p&typeid=i","cat":284487},{"id":78212,"n":"Biscuits Mini Prince Fourré chocolat - 160g","p":2.17,"u":"13,56 €/KG","img":"https://fd13-photos.leclercdrive.fr/image.ashx?id=1864026&use=l&cat=p&typeid=i","cat":284488},{"id":78430,"n":"Coquilles St Jacques  à la bretonne - 2x110g","p":5.63,"u":"25,59 €/KG","img":"https://fd13-photos.leclercdrive.fr/image.ashx?id=2604620&use=l&cat=p&typeid=i","cat":319775},{"id":78447,"n":"Café soluble Nescafé Spécial filtre décaféiné - 200g","p":8.34,"u":"41,70 €/KG","img":"https://fd13-photos.leclercdrive.fr/image.ashx?id=2864071&use=l&cat=p&typeid=i","cat":284843},{"id":78488,"n":"Cacahuètes Menguy's Grillées salées - 450g","p":3.75,"u":"8,33 €/KG","img":"https://fd13-photos.leclercdrive.fr/image.ashx?id=2979794&use=l&cat=p&typeid=i","cat":284448},{"id":78496,"n":"Boudoirs Brossard x30 - 175g","p":1.74,"u":"9,94 €/KG","img":"https://fd13-photos.leclercdrive.fr/image.ashx?id=2964995&use=l&cat=p&typeid=i","cat":284487},{"id":78544,"n":"Ravioli pur boeuf Côté Table  400g","p":1.35,"u":"3,38 €/KG","img":"https://fd13-photos.leclercdrive.fr/image.ashx?id=3014281&use=l&cat=p&typeid=i","cat":284442},{"id":78546,"n":"Ravioli bolognaise Côté Table 400g","p":1.99,"u":"4,98 €/KG","img":"https://fd13-photos.leclercdrive.fr/image.ashx?id=3014275&use=l&cat=p&typeid=i","cat":284442},{"id":78574,"n":"Biscuits Choc'land Magie BN Chocolat au lait - 150g","p":1.88,"u":"12,53 €/KG","img":"https://fd13-photos.leclercdrive.fr/image.ashx?id=1739699&use=l&cat=p&typeid=i","cat":284488},{"id":78577,"n":"Gaufrettes Brun  Chocolat - 146g","p":0.92,"u":"6,30 €/KG","img":"https://fd13-photos.leclercdrive.fr/image.ashx?id=2842543&use=l&cat=p&typeid=i","cat":284487},{"id":78594,"n":"Biscuits croquants Délichoc Chocolat noir - 150g","p":1.92,"u":"12,80 €/KG","img":"https://fd13-photos.leclercdrive.fr/image.ashx?id=2956307&use=l&cat=p&typeid=i","cat":284488},{"id":78618,"n":"Assiettes en carton Eco+ x100","p":3.93,"img":"https://fd13-photos.leclercdrive.fr/image.ashx?id=1307672&use=l&cat=p&typeid=i","cat":334134},{"id":78628,"n":"Serviettes blanches Homeside x30 - 38cmx38cm - 2 plis","p":1.31,"u":"0,04 €/P","img":"https://fd13-photos.leclercdrive.fr/image.ashx?id=1659693&use=l&cat=p&typeid=i","cat":334134},{"id":78634,"n":"Pétrole désaromatisé Mieuxa 1L","p":3.09,"u":"3,09 €/L","img":"https://fd13-photos.leclercdrive.fr/image.ashx?id=2277035&use=l&cat=p&typeid=i","cat":300576},{"id":78642,"n":"Nappe damassée Homeside Turquoise - 7m","p":2.96,"img":"https://fd13-photos.leclercdrive.fr/image.ashx?id=2713581&use=l&cat=p&typeid=i","cat":334134},{"id":78643,"n":"Serviettes 2 plis Ardence Aqua - 38x38cm - x30","p":1.7,"u":"0,06 €/P","img":"https://fd13-photos.leclercdrive.fr/image.ashx?id=2744125&use=l&cat=p&typeid=i","cat":334134},{"id":78715,"n":"Gaufrettes vanille Eco+ 190g","p":0.69,"u":"3,63 €/KG","img":"https://fd13-photos.leclercdrive.fr/image.ashx?id=2760786&use=l&cat=p&typeid=i","cat":284487},{"id":78716,"n":"Gaufrettes chocolat Eco+ 190g","p":0.69,"u":"3,63 €/KG","img":"https://fd13-photos.leclercdrive.fr/image.ashx?id=2843036&use=l&cat=p&typeid=i","cat":284487},{"id":78717,"n":"Brioche tranchée Eco+ Nature - 500g","p":1.19,"u":"2,38 €/KG","img":"https://fd13-photos.leclercdrive.fr/image.ashx?id=2605086&use=l&cat=p&typeid=i","cat":284478},{"id":78719,"n":"Goûter fourré rond Eco+ Vanille - 500g","p":1.43,"u":"2,86 €/KG","img":"https://fd13-photos.leclercdrive.fr/image.ashx?id=2223611&use=l&cat=p&typeid=i","cat":284489},{"id":78722,"n":"Tartelettes à l'abricot Eco+ x12 - 200g","p":0.8,"u":"4,00 €/KG","img":"https://fd13-photos.leclercdrive.fr/image.ashx?id=2869754&use=l&cat=p&typeid=i","cat":284489},{"id":78723,"n":"Petits beurre Eco+ x24 - 175g","p":0.58,"u":"3,31 €/KG","img":"https://fd13-photos.leclercdrive.fr/image.ashx?id=2758782&use=l&cat=p&typeid=i","cat":284487},{"id":78725,"n":"Génoises fourrées orange Eco+ 300g","p":1.5,"u":"5,00 €/KG","img":"https://fd13-photos.leclercdrive.fr/image.ashx?id=2768445&use=l&cat=p&typeid=i","cat":284489},{"id":78726,"n":"Biscuits petit déjeuner Eco+ x25 - 350g","p":0.73,"u":"2,09 €/KG","img":"https://fd13-photos.leclercdrive.fr/image.ashx?id=2550821&use=l&cat=p&typeid=i","cat":284491},{"id":78729,"n":"Biscuits sablés Sprits Eco+ 400g","p":1.14,"u":"2,85 €/KG","img":"https://fd13-photos.leclercdrive.fr/image.ashx?id=2047823&use=l&cat=p&typeid=i","cat":284487},{"id":78731,"n":"Parmentier de canard  La Cuisine Océane - 300g","p":3.21,"u":"10,70 €/KG","img":"https://fd13-photos.leclercdrive.fr/image.ashx?id=2962350&use=l&cat=p&typeid=i","cat":284953},{"id":78744,"n":"Pain de mie Schär - Classic Sans gluten - 300g","p":3.48,"u":"11,60 €/KG","img":"https://fd13-photos.leclercdrive.fr/image.ashx?id=2659418&use=l&cat=p&typeid=i","cat":318654},{"id":78771,"n":"Galette Bonne Maman x12 - 170g","p":1.84,"u":"10,82 €/KG","img":"https://fd13-photos.leclercdrive.fr/image.ashx?id=2935792&use=l&cat=p&typeid=i","cat":284487},{"id":78773,"n":"Tablette de chocolat noir Lindt Noir 78% cacao - 100g","p":2.48,"u":"24,80 €/KG","img":"https://fd13-photos.leclercdrive.fr/image.ashx?id=2689481&use=l&cat=p&typeid=i","cat":284956},{"id":78837,"n":"Fromage blanc Danone Nature 3%MG - 825g","p":2.97,"u":"3,60 €/KG","img":"https://fd13-photos.leclercdrive.fr/image.ashx?id=2813878&use=l&cat=p&typeid=i","cat":284409},{"id":78937,"n":"Knacki végétal Herta x6 - 210g","p":2.33,"u":"11,10 €/KG","img":"https://fd13-photos.leclercdrive.fr/image.ashx?id=2992323&use=l&cat=p&typeid=i","cat":316036},{"id":78953,"n":"Savon solide Bionaïa Abricot bio - 100g","p":1.39,"u":"13,90 €/KG","img":"https://fd13-photos.leclercdrive.fr/image.ashx?id=2331324&use=l&cat=p&typeid=i","cat":284597},{"id":79016,"n":"Galette boulgour Céréal Bio  Bio tomate parmesan x2 200G","p":2.29,"u":"11,45 €/KG","img":"https://fd13-photos.leclercdrive.fr/image.ashx?id=2573519&use=l&cat=p&typeid=i","cat":284953},{"id":79021,"n":"Galette Blé bio Céréal Bio  Pommes Terres Emmental xé 200g","p":2.57,"u":"12,85 €/KG","img":"https://fd13-photos.leclercdrive.fr/image.ashx?id=2575102&use=l&cat=p&typeid=i","cat":284953},{"id":79092,"n":"Adoucissant peaux sensibles 40 lavages - 750 ml - UNI VERT","p":1.78,"u":"2,37 €/L","img":"https://fd13-photos.leclercdrive.fr/image.ashx?id=2893334&use=l&cat=p&typeid=i","cat":284650},{"id":79243,"n":"Petit pot bébé bio Blédina 4-6m Patate douce - 2x130g","p":1.84,"u":"7,08 €/KG","img":"https://fd13-photos.leclercdrive.fr/image.ashx?id=2848581&use=l&cat=p&typeid=i","cat":312234},{"id":79252,"n":"Compote bébé bio Blédina 6 mois Pomme banane kiwi - 2x130g","p":1.89,"u":"7,27 €/KG","img":"https://fd13-photos.leclercdrive.fr/image.ashx?id=2848560&use=l&cat=p&typeid=i","cat":312388},{"id":79259,"n":"Compote bébé bio Blédina 4-6m Pomme pruneau -2x130g","p":1.99,"u":"7,65 €/KG","img":"https://fd13-photos.leclercdrive.fr/image.ashx?id=2848569&use=l&cat=p&typeid=i","cat":312387},{"id":79260,"n":"Compote bébé bio Blédina 6 mois Pomme banane nectarine - 2x130g","p":1.89,"u":"7,27 €/KG","img":"https://fd13-photos.leclercdrive.fr/image.ashx?id=2848572&use=l&cat=p&typeid=i","cat":312388},{"id":79319,"n":"Shampooing Bio Sobio Etic Cheveux Doux - 250ml","p":3.92,"u":"15,68 €/L","img":"https://fd13-photos.leclercdrive.fr/image.ashx?id=2787068&use=l&cat=p&typeid=i","cat":284606},{"id":79402,"n":"Chorizo espagnol fort x30 - 150g","p":2.19,"u":"14,60 €/KG","img":"https://fd13-photos.leclercdrive.fr/image.ashx?id=1873728&use=l&cat=p&typeid=i","cat":316007},{"id":79406,"n":"P'tit max Délisse Framboise - 6x180g","p":2.03,"u":"1,88 €/KG","img":"https://fd13-photos.leclercdrive.fr/image.ashx?id=2757936&use=l&cat=p&typeid=i","cat":284415},{"id":79528,"n":"Nouilles Tables du Monde Asiatiques Boeuf cup - 61.5g","p":0.74,"u":"11,94 €/KG","img":"https://fd13-photos.leclercdrive.fr/image.ashx?id=2920199&use=l&cat=p&typeid=i","cat":288992},{"id":79532,"n":"Nouilles Table du Monde Asiatiques Curry cup - 61.5g","p":0.79,"u":"12,74 €/KG","img":"https://fd13-photos.leclercdrive.fr/image.ashx?id=2920205&use=l&cat=p&typeid=i","cat":288992},{"id":79543,"n":"Pâtes De Cecco Linguine n°7 - 500g","p":1.59,"u":"3,18 €/KG","img":"https://fd13-photos.leclercdrive.fr/image.ashx?id=2997280&use=l&cat=p&typeid=i","cat":284427},{"id":79545,"n":"Pâtes Collezione Barilla Tortellini jambon fromage -250g","p":2.65,"u":"10,60 €/KG","img":"https://fd13-photos.leclercdrive.fr/image.ashx?id=2588624&use=l&cat=p&typeid=i","cat":284427},{"id":79552,"n":"Pâtes Barilla Spaghettoni n°7 - 1kg","p":1.9,"u":"1,90 €/KG","img":"https://fd13-photos.leclercdrive.fr/image.ashx?id=2392233&use=l&cat=p&typeid=i","cat":284427},{"id":79556,"n":"Couscous parfumé Tipiak Epice - 510g","p":2.02,"u":"3,96 €/KG","img":"https://fd13-photos.leclercdrive.fr/image.ashx?id=2882866&use=l&cat=p&typeid=i","cat":284429},{"id":79624,"n":"Barre de céréales Nature Valley Crunchy avoine chocolat x5-210g","p":2.47,"u":"11,76 €/KG","img":"https://fd13-photos.leclercdrive.fr/image.ashx?id=2844475&use=l&cat=p&typeid=i","cat":285869},{"id":79625,"n":"Barre de céréales Nature Valley  Sweet & Salty chocolat x5-150g","p":2.81,"u":"18,73 €/KG","img":"https://fd13-photos.leclercdrive.fr/image.ashx?id=2737714&use=l&cat=p&typeid=i","cat":285869},{"id":79798,"n":"Fond de Teint L'Oréal Paris Accord Parfait 3.D Beige Doré","p":11.54,"img":"https://fd13-photos.leclercdrive.fr/image.ashx?id=2900974&use=l&cat=p&typeid=i","cat":287029},{"id":79901,"n":"Top Coat gel express Maybelline Longue Tenue séchage rapide","p":6.88,"img":"https://fd13-photos.leclercdrive.fr/image.ashx?id=2344987&use=l&cat=p&typeid=i","cat":325347},{"id":79937,"n":"Dés de jambon Fleury Michon -25% de sel - 2x75g","p":2.19,"u":"14,60 €/KG","img":"https://fd13-photos.leclercdrive.fr/image.ashx?id=2645492&use=l&cat=p&typeid=i","cat":316011},{"id":79940,"n":"Bière blonde Grimbergen 6,7° - 50cl canette","p":1.86,"u":"3,72 €/L","img":"https://fd13-photos.leclercdrive.fr/image.ashx?id=2605458&use=l&cat=p&typeid=i","cat":334853},{"id":79967,"n":"Joker Pur Jus Engagé Orange  avec pulpe - 1,5L","p":4.1,"u":"2,73 €/L","img":"https://fd13-photos.leclercdrive.fr/image.ashx?id=3008140&use=l&cat=p&typeid=i","cat":284521},{"id":79971,"n":"Boisson Citronnade Pulco Citron - 1L","p":2.0,"u":"2,00 €/L","img":"https://fd13-photos.leclercdrive.fr/image.ashx?id=2942263&use=l&cat=p&typeid=i","cat":295018},{"id":79972,"n":"Soda rouge Orangina Orange Sanguine - 1,5L","p":1.94,"u":"1,29 €/L","img":"https://fd13-photos.leclercdrive.fr/image.ashx?id=2539833&use=l&cat=p&typeid=i","cat":284532},{"id":80128,"n":"Rosette de Lyon Saint-Azay 12 tranches - 100g","p":1.44,"u":"14,40 €/KG","img":"https://fd13-photos.leclercdrive.fr/image.ashx?id=2728264&use=l&cat=p&typeid=i","cat":316007},{"id":80186,"n":"Rhum tradition Rivière du Mat Blanc - 40%vol - 70cl","p":11.4,"u":"16,29 €/L","img":"https://fd13-photos.leclercdrive.fr/image.ashx?id=2616117&use=l&cat=p&typeid=i","cat":284550},{"id":80231,"n":"Graines de courge bio Bio Village - 200g","p":3.09,"u":"15,45 €/KG","img":"https://fd13-photos.leclercdrive.fr/image.ashx?id=2699583&use=l&cat=p&typeid=i","cat":323809},{"id":80264,"n":"Joker Pur Jus Engagé  Multifruits - 2L","p":5.06,"u":"2,53 €/L","img":"https://fd13-photos.leclercdrive.fr/image.ashx?id=2846358&use=l&cat=p&typeid=i","cat":284917},{"id":80266,"n":"Joker Pur Jus Engagé Orange  sans Pulpe - 2L","p":5.26,"u":"2,63 €/L","img":"https://fd13-photos.leclercdrive.fr/image.ashx?id=2731186&use=l&cat=p&typeid=i","cat":284521},{"id":80302,"n":"Eau minérale naturelle Volvic 6x1,5L","p":3.04,"u":"0,34 €/L","img":"https://fd13-photos.leclercdrive.fr/image.ashx?id=2730244&use=l&cat=p&typeid=i","cat":284535},{"id":80346,"n":"yaourt aux fruits bifidus activia cerise - 4x125g","p":1.87,"u":"3,74 €/KG","img":"https://fd13-photos.leclercdrive.fr/image.ashx?id=2885327&use=l&cat=p&typeid=i","cat":315000},{"id":80352,"n":"Cannelloni Côté Table  - 400g","p":2.07,"u":"5,18 €/KG","img":"https://fd13-photos.leclercdrive.fr/image.ashx?id=3014287&use=l&cat=p&typeid=i","cat":284442},{"id":80380,"n":"Tablette De Chocolat Poulain Noir Extra - 200g","p":2.09,"u":"10,45 €/KG","img":"https://fd13-photos.leclercdrive.fr/image.ashx?id=2890262&use=l&cat=p&typeid=i","cat":284956},{"id":80381,"n":"Tablette De Chocolat Poulain Fine & Gourmande: Noir - 100g","p":2.02,"u":"20,20 €/KG","img":"https://fd13-photos.leclercdrive.fr/image.ashx?id=2869618&use=l&cat=p&typeid=i","cat":284956},{"id":80382,"n":"Tablette De Chocolat Poulain Noir Extra - 2x100g","p":2.47,"u":"12,35 €/KG","img":"https://fd13-photos.leclercdrive.fr/image.ashx?id=2867566&use=l&cat=p&typeid=i","cat":284956},{"id":80383,"n":"Tablette KINDER Chocolat Chocolat au Lait x12 - 150g","p":2.84,"u":"18,93 €/KG","img":"https://fd13-photos.leclercdrive.fr/image.ashx?id=1904474&use=l&cat=p&typeid=i","cat":284498},{"id":80386,"n":"Barres KINDER BUENO White  Chocolat Blanc x6 - 234g","p":4.2,"u":"17,95 €/KG","img":"https://fd13-photos.leclercdrive.fr/image.ashx?id=2679639&use=l&cat=p&typeid=i","cat":284498},{"id":80396,"n":"Eau Micellaire visage Nivea Peaux sèches - 400ml","p":3.57,"u":"8,93 €/L","img":"https://fd13-photos.leclercdrive.fr/image.ashx?id=3014599&use=l&cat=p&typeid=i","cat":284603},{"id":80398,"n":"Eau Micellaire visage Nivea Peaux sensibles - 400ml","p":3.15,"u":"7,88 €/L","img":"https://fd13-photos.leclercdrive.fr/image.ashx?id=2800965&use=l&cat=p&typeid=i","cat":284603},{"id":80479,"n":"Bières Blondes Chouffe 6x33cl","p":10.02,"u":"5,06 €/L","img":"https://fd13-photos.leclercdrive.fr/image.ashx?id=2877079&use=l&cat=p&typeid=i","cat":334872},{"id":80593,"n":"Arachides Maître Prunille Coque grillées - 1kg","p":6.99,"u":"6,99 €/KG","img":"https://fd13-photos.leclercdrive.fr/image.ashx?id=2234015&use=l&cat=p&typeid=i","cat":284357},{"id":80630,"n":"Purée de tomates Bio Village Bio  - 72cl","p":1.54,"u":"2,14 €/L","img":"https://fd13-photos.leclercdrive.fr/image.ashx?id=2077475&use=l&cat=p&typeid=i","cat":288384},{"id":80633,"n":"Whisky Glen Grant + Etui 10 ans - 40%vol - 70cl","p":25.71,"u":"36,73 €/L","img":"https://fd13-photos.leclercdrive.fr/image.ashx?id=2578894&use=l&cat=p&typeid=i","cat":284547},{"id":80703,"n":"Dos de Cabillaud MSC 300g","p":8.43,"u":"28,10 €/KG","img":"https://fd13-photos.leclercdrive.fr/image.ashx?id=2869609&use=l&cat=p&typeid=i","cat":319786},{"id":80840,"n":"Bouillon Cube Maggi Pot au feu - Dégraissé - 120g","p":1.6,"u":"13,33 €/KG","img":"https://fd13-photos.leclercdrive.fr/image.ashx?id=2212327&use=l&cat=p&typeid=i","cat":288379},{"id":80841,"n":"Bouillon Cube Maggi Volaille - Degraissé - 120g","p":1.62,"u":"13,50 €/KG","img":"https://fd13-photos.leclercdrive.fr/image.ashx?id=2737087&use=l&cat=p&typeid=i","cat":288379},{"id":80842,"n":"Bouillon Cube Maggi Dégraissé - 120g","p":1.48,"u":"12,33 €/KG","img":"https://fd13-photos.leclercdrive.fr/image.ashx?id=2737090&use=l&cat=p&typeid=i","cat":288379},{"id":80853,"n":"Fonds d'artichauts Géant Vert - 210g","p":3.13,"u":"14,90 €/KG","img":"https://fd13-photos.leclercdrive.fr/image.ashx?id=2840563&use=l&cat=p&typeid=i","cat":312611},{"id":80927,"n":"Fromage chèvre chaud Soignon Nature - 21% MG - 4x25g","p":1.94,"u":"19,40 €/KG","img":"https://fd13-photos.leclercdrive.fr/image.ashx?id=2844951&use=l&cat=p&typeid=i","cat":314027},{"id":81188,"n":"Flan aromatisé vanille Flanby nappé de caramel - 12x100g","p":2.6,"u":"2,17 €/KG","img":"https://fd13-photos.leclercdrive.fr/image.ashx?id=2744584&use=l&cat=p&typeid=i","cat":284420},{"id":81193,"n":"Compotes Douceur du Verger Pomme Châtaigne - 4x100g","p":1.46,"u":"3,65 €/KG","img":"https://fd13-photos.leclercdrive.fr/image.ashx?id=2389560&use=l&cat=p&typeid=i","cat":284416},{"id":81196,"n":"Flan aromatisé vanille Flanby nappé de caramel - 6x100g","p":1.45,"u":"2,42 €/KG","img":"https://fd13-photos.leclercdrive.fr/image.ashx?id=2483786&use=l&cat=p&typeid=i","cat":284420},{"id":81199,"n":"Yaourt La Laitière  Vanille - 8x125g","p":3.21,"u":"3,21 €/KG","img":"https://fd13-photos.leclercdrive.fr/image.ashx?id=2613981&use=l&cat=p&typeid=i","cat":286006},{"id":81215,"n":"Compote Cool Fruits bio Vitabio Pomme Mangue Ananas -12x90g","p":8.81,"u":"8,16 €/KG","img":"https://fd13-photos.leclercdrive.fr/image.ashx?id=2621399&use=l&cat=p&typeid=i","cat":284508},{"id":81222,"n":"Pizza La pizz Sodebo Chorizo - 470g","p":3.44,"u":"7,32 €/KG","img":"https://fd13-photos.leclercdrive.fr/image.ashx?id=2868389&use=l&cat=p&typeid=i","cat":333679},{"id":81236,"n":"Fromage à tartiner Boursin Ail et fines herbes 10 portions","p":2.42,"u":"15,13 €/KG","img":"https://fd13-photos.leclercdrive.fr/image.ashx?id=2964682&use=l&cat=p&typeid=i","cat":314029},{"id":81243,"n":"Bière blonde Heineken Sans alcool - 12x25cl","p":8.22,"u":"2,74 €/L","img":"https://fd13-photos.leclercdrive.fr/image.ashx?id=2795944&use=l&cat=p&typeid=i","cat":334877},{"id":81254,"n":"Bière blonde Grimbergen 6,7° - 12x25cl","p":9.05,"u":"3,02 €/L","img":"https://fd13-photos.leclercdrive.fr/image.ashx?id=2872865&use=l&cat=p&typeid=i","cat":334852},{"id":81255,"n":"Blère blonde Pelforth 6x25cl","p":4.23,"u":"2,82 €/L","img":"https://fd13-photos.leclercdrive.fr/image.ashx?id=2959025&use=l&cat=p&typeid=i","cat":334873},{"id":81268,"n":"Bière blonde Grimbergen 6,7° - 6x25cl","p":3.99,"u":"2,66 €/L","img":"https://fd13-photos.leclercdrive.fr/image.ashx?id=2294381&use=l&cat=p&typeid=i","cat":334852},{"id":81277,"n":"Vin mousseux demi-sec blanc  Produit en Allemagne - 75cl","p":1.59,"u":"2,12 €/L","img":"https://fd13-photos.leclercdrive.fr/image.ashx?id=2720130&use=l&cat=p&typeid=i","cat":284544},{"id":81280,"n":"Fromage La Vache qui rit Toastinette nature 10 tranches","p":1.72,"u":"8,60 €/KG","img":"https://fd13-photos.leclercdrive.fr/image.ashx?id=2342776&use=l&cat=p&typeid=i","cat":314028},{"id":81281,"n":"Fromage La Vache qui rit Toastinette cheddar 10 tranches","p":1.73,"u":"8,65 €/KG","img":"https://fd13-photos.leclercdrive.fr/image.ashx?id=2342773&use=l&cat=p&typeid=i","cat":314028},{"id":81285,"n":"Céréales bébé soir Blédiner 8m Légumes en poudre - 240g","p":2.24,"u":"9,33 €/KG","img":"https://fd13-photos.leclercdrive.fr/image.ashx?id=2192763&use=l&cat=p&typeid=i","cat":312239},{"id":81291,"n":"Bière sans alcool Tourtel Twist Citron Vert Menthe 0,0° -6x27cl","p":4.49,"u":"2,72 €/L","img":"https://fd13-photos.leclercdrive.fr/image.ashx?id=2896567&use=l&cat=p&typeid=i","cat":334877},{"id":81316,"n":"Tablette KINDER Chocolat Chocolat au Lait x24 - 300g","p":4.23,"u":"14,10 €/KG","img":"https://fd13-photos.leclercdrive.fr/image.ashx?id=2868167&use=l&cat=p&typeid=i","cat":284498},{"id":81318,"n":"Bonbons KINDER Schoko-Bons Chocolat au lait - 500G","p":7.85,"u":"15,70 €/KG","img":"https://fd13-photos.leclercdrive.fr/image.ashx?id=2402925&use=l&cat=p&typeid=i","cat":304238},{"id":81322,"n":"Huile de Tournesol Eco+ 3L","p":4.89,"u":"1,63 €/L","img":"https://fd13-photos.leclercdrive.fr/image.ashx?id=3002506&use=l&cat=p&typeid=i","cat":284453},{"id":81323,"n":"Huile d'olive Bio Carapelli Extra-vierge - 75cl","p":11.99,"u":"15,99 €/L","img":"https://fd13-photos.leclercdrive.fr/image.ashx?id=2737447&use=l&cat=p&typeid=i","cat":284453},{"id":81330,"n":"Huile d'arachide Eco+ 1L","p":3.17,"u":"3,17 €/L","img":"https://fd13-photos.leclercdrive.fr/image.ashx?id=3002497&use=l&cat=p&typeid=i","cat":284453},{"id":81352,"n":"Dosettes Bio Village Bio Amérique latine  x36 - 252g","p":4.49,"u":"17,82 €/KG","img":"https://fd13-photos.leclercdrive.fr/image.ashx?id=3003070&use=l&cat=p&typeid=i","cat":293238},{"id":81354,"n":"Confiture Eco+ Abricot - 1kg","p":2.17,"u":"2,17 €/KG","img":"https://fd13-photos.leclercdrive.fr/image.ashx?id=2953194&use=l&cat=p&typeid=i","cat":284480},{"id":81371,"n":"Tartine de pain Pasquier Au blé complet - 240g","p":1.51,"u":"6,29 €/KG","img":"https://fd13-photos.leclercdrive.fr/image.ashx?id=2927339&use=l&cat=p&typeid=i","cat":284479},{"id":81374,"n":"Vodka Zubrowka Biala 37.5%vol - 1L","p":15.75,"u":"15,75 €/L","img":"https://fd13-photos.leclercdrive.fr/image.ashx?id=2955510&use=l&cat=p&typeid=i","cat":284550},{"id":81378,"n":"Bière Arômatisée Desquiles Rhum - 5.9%vol - 50cl","p":1.7,"u":"3,40 €/L","img":"https://fd13-photos.leclercdrive.fr/image.ashx?id=2637928&use=l&cat=p&typeid=i","cat":334853},{"id":81380,"n":"Chorizo tranché César Moroni Doux 20 tranches - 100g","p":1.98,"u":"19,80 €/KG","img":"https://fd13-photos.leclercdrive.fr/image.ashx?id=2948836&use=l&cat=p&typeid=i","cat":316007},{"id":81383,"n":"Rillettes du Mans La Véritable Bordeau Chesnel - 220g","p":2.17,"u":"9,86 €/KG","img":"https://fd13-photos.leclercdrive.fr/image.ashx?id=2763100&use=l&cat=p&typeid=i","cat":316008},{"id":81450,"n":"Bière Blonde Duvel 6x33cl","p":9.68,"u":"4,89 €/L","img":"https://fd13-photos.leclercdrive.fr/image.ashx?id=2314587&use=l&cat=p&typeid=i","cat":334872},{"id":81462,"n":"Fromage Apéritif Apérivrais  Ail et Fines Herbes - 100g","p":2.08,"u":"20,80 €/KG","img":"https://fd13-photos.leclercdrive.fr/image.ashx?id=2854612&use=l&cat=p&typeid=i","cat":314027},{"id":81547,"n":"Capsules Nescafé Dolce Gusto  Cappuccino - x8 - 186g","p":4.46,"u":"23,98 €/KG","img":"https://fd13-photos.leclercdrive.fr/image.ashx?id=2838809&use=l&cat=p&typeid=i","cat":293239},{"id":81548,"n":"Pain de mie Harrys 100% mie Nature Sans croûte Maxi - 650g","p":2.1,"u":"3,23 €/KG","img":"https://fd13-photos.leclercdrive.fr/image.ashx?id=2517468&use=l&cat=p&typeid=i","cat":284477},{"id":81558,"n":"Pain de mie 100% Mie Harrys Nature petites tranches - 500g","p":1.71,"u":"3,42 €/KG","img":"https://fd13-photos.leclercdrive.fr/image.ashx?id=2517453&use=l&cat=p&typeid=i","cat":284477},{"id":81559,"n":"Yaourt Enfant Petits Filous Fruits Mixés Panaché - 12x50g","p":2.25,"u":"3,75 €/KG","img":"https://fd13-photos.leclercdrive.fr/image.ashx?id=2767359&use=l&cat=p&typeid=i","cat":284414},{"id":81562,"n":"AOP Champagne Canard-Duchêne Rosé - 12%vol - 75cl","p":28.12,"u":"37,49 €/L","img":"https://fd13-photos.leclercdrive.fr/image.ashx?id=2757262&use=l&cat=p&typeid=i","cat":284542},{"id":81563,"n":"AOP Champagne Canard Duchêne Demi Sec - 75cl","p":24.65,"u":"32,87 €/L","img":"https://fd13-photos.leclercdrive.fr/image.ashx?id=2757259&use=l&cat=p&typeid=i","cat":284542},{"id":81564,"n":"AOP Champagne Canard-Duchêne Brut - 75cl","p":24.77,"u":"33,03 €/L","img":"https://fd13-photos.leclercdrive.fr/image.ashx?id=2756909&use=l&cat=p&typeid=i","cat":284542},{"id":81639,"n":"Filet de Poulet x1 La Nouvelle Agriculture- 150g","p":2.87,"u":"19,13 €/KG","img":"https://fd13-photos.leclercdrive.fr/image.ashx?id=2364273&use=l&cat=p&typeid=i","cat":284336},{"id":81768,"n":"Brioche tranchée La Boulangère Bio - 400g","p":2.29,"u":"5,73 €/KG","img":"https://fd13-photos.leclercdrive.fr/image.ashx?id=2912194&use=l&cat=p&typeid=i","cat":284478},{"id":81779,"n":"Thé noir Bio Ethiquable  Tchaï aux épices x20 - 36g","p":2.3,"u":"63,89 €/KG","img":"https://fd13-photos.leclercdrive.fr/image.ashx?id=2870833&use=l&cat=p&typeid=i","cat":293233},{"id":81909,"n":"Café moulu Grand Mère Familial - 250g","p":3.33,"u":"13,32 €/KG","img":"https://fd13-photos.leclercdrive.fr/image.ashx?id=1755046&use=l&cat=p&typeid=i","cat":284750},{"id":81967,"n":"Sauce Barbecue Halal Samia 350ml","p":1.95,"u":"5,57 €/L","img":"https://fd13-photos.leclercdrive.fr/image.ashx?id=2576961&use=l&cat=p&typeid=i","cat":318431},{"id":81991,"n":"Courgettes rondelle Bio Village Bio - 600g","p":1.99,"u":"3,32 €/KG","img":"https://fd13-photos.leclercdrive.fr/image.ashx?id=2898089&use=l&cat=p&typeid=i","cat":319805},{"id":82099,"n":"Steak haché Eco+ x10 - 1kg","p":8.74,"u":"8,74 €/KG","img":"https://fd13-photos.leclercdrive.fr/image.ashx?id=2966532&use=l&cat=p&typeid=i","cat":319778},{"id":82102,"n":"Lanières Trio de poivrons Bio Bio village - 600g","p":2.99,"u":"4,98 €/KG","img":"https://fd13-photos.leclercdrive.fr/image.ashx?id=2996024&use=l&cat=p&typeid=i","cat":319805},{"id":82148,"n":"Lardons fumés Supérieur Eco+ 2x100g","p":1.28,"u":"6,40 €/KG","img":"https://fd13-photos.leclercdrive.fr/image.ashx?id=2688252&use=l&cat=p&typeid=i","cat":316011},{"id":82149,"n":"lardons supérieurs ECO+ Nature - 2x100g","p":1.28,"u":"6,40 €/KG","img":"https://fd13-photos.leclercdrive.fr/image.ashx?id=2688249&use=l&cat=p&typeid=i","cat":316011},{"id":82152,"n":"Compote Andros Abricot Morceaux - 4x100g","p":2.27,"u":"5,68 €/KG","img":"https://fd13-photos.leclercdrive.fr/image.ashx?id=2853566&use=l&cat=p&typeid=i","cat":284416},{"id":82157,"n":"Dessert fruitier pêche Andros En morceaux - 4x100g","p":1.91,"u":"4,78 €/KG","img":"https://fd13-photos.leclercdrive.fr/image.ashx?id=2845470&use=l&cat=p&typeid=i","cat":284416},{"id":82167,"n":"Compotes Andros Pomme Banane - 4x100g","p":1.52,"u":"3,80 €/KG","img":"https://fd13-photos.leclercdrive.fr/image.ashx?id=2883997&use=l&cat=p&typeid=i","cat":284416},{"id":82172,"n":"Mini cônes Extrême  Vanille Caramel x8 - 312g","p":4.29,"u":"13,75 €/KG","img":"https://fd13-photos.leclercdrive.fr/image.ashx?id=2737033&use=l&cat=p&typeid=i","cat":284264},{"id":82174,"n":"Extrême  Citron Framboise - 6x71g","p":3.79,"u":"8,90 €/KG","img":"https://fd13-photos.leclercdrive.fr/image.ashx?id=2866076&use=l&cat=p&typeid=i","cat":284264},{"id":82177,"n":"Bière blonde Duvel 8.5%vol - 75cl","p":4.22,"u":"5,63 €/L","img":"https://fd13-photos.leclercdrive.fr/image.ashx?id=2111139&use=l&cat=p&typeid=i","cat":334872},{"id":82179,"n":"Bière blonde 3 Monts 75cl","p":2.39,"u":"3,19 €/L","img":"https://fd13-photos.leclercdrive.fr/image.ashx?id=2550553&use=l&cat=p&typeid=i","cat":334852},{"id":82184,"n":"Barres KINDER BUENO White  Chocolat Blanc x12 - 468g","p":7.28,"u":"15,56 €/KG","img":"https://fd13-photos.leclercdrive.fr/image.ashx?id=2679642&use=l&cat=p&typeid=i","cat":284498},{"id":82217,"n":"Gin Hendrick's 41.1%vol - 70cl","p":36.88,"u":"52,69 €/L","img":"https://fd13-photos.leclercdrive.fr/image.ashx?id=2225594&use=l&cat=p&typeid=i","cat":284550},{"id":82218,"n":"Emmental fromage rapé Les Croisés - 750g","p":5.98,"u":"7,97 €/KG","img":"https://fd13-photos.leclercdrive.fr/image.ashx?id=2900665&use=l&cat=p&typeid=i","cat":314035},{"id":82237,"n":"Rhum trois rivières Cuvée du  Moulin - 40%vol - 70cl","p":27.74,"u":"39,63 €/L","img":"https://fd13-photos.leclercdrive.fr/image.ashx?id=2844909&use=l&cat=p&typeid=i","cat":284550},{"id":82250,"n":"Thon au Naturel Petit Navire Démarche Responsable 140g","p":2.22,"u":"15,86 €/KG","img":"https://fd13-photos.leclercdrive.fr/image.ashx?id=2928360&use=l&cat=p&typeid=i","cat":303867},{"id":82251,"n":"Thon MSC Naturel Petit Navire Entier -  112g","p":3.04,"u":"27,14 €/KG","img":"https://fd13-photos.leclercdrive.fr/image.ashx?id=2928357&use=l&cat=p&typeid=i","cat":303867},{"id":82253,"n":"Biscuits Thé LU 350g","p":1.47,"u":"4,20 €/KG","img":"https://fd13-photos.leclercdrive.fr/image.ashx?id=2977738&use=l&cat=p&typeid=i","cat":284487},{"id":82264,"n":"Doonuts St Michel Pépites de chocolat - 180g","p":1.81,"u":"10,06 €/KG","img":"https://fd13-photos.leclercdrive.fr/image.ashx?id=1917782&use=l&cat=p&typeid=i","cat":284495},{"id":82265,"n":"Céréales Quaker Cruesli Chocolat - 450g","p":2.8,"u":"6,22 €/KG","img":"https://fd13-photos.leclercdrive.fr/image.ashx?id=2382791&use=l&cat=p&typeid=i","cat":309512},{"id":82267,"n":"Céréales Quaker Cruesli Chocolat au lait - 900g","p":5.03,"u":"5,59 €/KG","img":"https://fd13-photos.leclercdrive.fr/image.ashx?id=2212150&use=l&cat=p&typeid=i","cat":309512},{"id":82276,"n":"Sardines Huile PARMENTIER Tournesol 135g","p":1.5,"u":"11,11 €/KG","img":"https://fd13-photos.leclercdrive.fr/image.ashx?id=2989057&use=l&cat=p&typeid=i","cat":305146},{"id":82281,"n":"Boulettes de boeuf Eco+ x30 - 900g","p":6.85,"u":"7,61 €/KG","img":"https://fd13-photos.leclercdrive.fr/image.ashx?id=2966529&use=l&cat=p&typeid=i","cat":319779},{"id":82309,"n":"yaourt fruits bio les 2 vaches brassé poire - 4x115g","p":1.99,"u":"4,33 €/KG","img":"https://fd13-photos.leclercdrive.fr/image.ashx?id=2571527&use=l&cat=p&typeid=i","cat":284410},{"id":82350,"n":"Frites fines McCain Côté Comptoir - 650g","p":2.72,"u":"4,18 €/KG","img":"https://fd13-photos.leclercdrive.fr/image.ashx?id=2693887&use=l&cat=p&typeid=i","cat":319791},{"id":82353,"n":"Biscuits Oréo enrobé chocolat Au lait - 246g","p":2.46,"u":"10,00 €/KG","img":"https://fd13-photos.leclercdrive.fr/image.ashx?id=2908333&use=l&cat=p&typeid=i","cat":284488},{"id":82433,"n":"Cordons Bleus Côté Croc Poulet x4 - 400g","p":3.14,"u":"7,85 €/KG","img":"https://fd13-photos.leclercdrive.fr/image.ashx?id=2801052&use=l&cat=p&typeid=i","cat":333683},{"id":82520,"n":"Fromage Croque emmental Président - 12 tranches - 200g","p":1.74,"u":"8,70 €/KG","img":"https://fd13-photos.leclercdrive.fr/image.ashx?id=2446356&use=l&cat=p&typeid=i","cat":314028},{"id":82575,"n":"Bière ambrée La Goudale 7.2%vol - 6x25cl","p":5.27,"u":"3,51 €/L","img":"https://fd13-photos.leclercdrive.fr/image.ashx?id=2915521&use=l&cat=p&typeid=i","cat":334852},{"id":82647,"n":"Garniture :bouchées à la reine Petit Jean 2+1 offert - 3x400g","p":4.1,"u":"3,42 €/KG","img":"https://fd13-photos.leclercdrive.fr/image.ashx?id=2185286&use=l&cat=p&typeid=i","cat":284441},{"id":82660,"n":"Lotus gaufre de liège Format familial 518g (10x1p)","p":4.39,"u":"8,47 €/KG","img":"https://fd13-photos.leclercdrive.fr/image.ashx?id=2694983&use=l&cat=p&typeid=i","cat":294777},{"id":82663,"n":"Arrangé Rivière du Mât Banane Vanillé - 70cl - 35%vol","p":18.2,"u":"26,00 €/L","img":"https://fd13-photos.leclercdrive.fr/image.ashx?id=2731300&use=l&cat=p&typeid=i","cat":284551},{"id":82667,"n":"Yaourt aux fruits bifidus Activia poire - 4x125g","p":1.87,"u":"3,74 €/KG","img":"https://fd13-photos.leclercdrive.fr/image.ashx?id=2885330&use=l&cat=p&typeid=i","cat":315000},{"id":82677,"n":"yaourt aux fruits bifidus activia fraise - 4x125g","p":1.86,"u":"3,72 €/KG","img":"https://fd13-photos.leclercdrive.fr/image.ashx?id=2886627&use=l&cat=p&typeid=i","cat":315000},{"id":82678,"n":"yaourt aux fruits bifidus activia - 16x125g","p":6.19,"u":"3,10 €/KG","img":"https://fd13-photos.leclercdrive.fr/image.ashx?id=2810609&use=l&cat=p&typeid=i","cat":315000},{"id":82688,"n":"Brandade de Morue Tipiak 1.050kg","p":6.2,"u":"5,90 €/KG","img":"https://fd13-photos.leclercdrive.fr/image.ashx?id=2944023&use=l&cat=p&typeid=i","cat":284254},{"id":82717,"n":"Arrangé Rivière du Mât Ananas Caramélisé 35% vol 70cl","p":17.5,"u":"25,00 €/L","img":"https://fd13-photos.leclercdrive.fr/image.ashx?id=2731297&use=l&cat=p&typeid=i","cat":284551},{"id":82739,"n":"Poisson pané Croustibat Findus Petit trésor MSC - x15 - 450g","p":3.05,"u":"6,78 €/KG","img":"https://fd13-photos.leclercdrive.fr/image.ashx?id=3008758&use=l&cat=p&typeid=i","cat":319788},{"id":82745,"n":"Couches Activ+ Mots d'enfants  Taille 5 : 11/25kg - x35","p":12.99,"u":"0,37 €/P","img":"https://fd13-photos.leclercdrive.fr/image.ashx?id=2922424&use=l&cat=p&typeid=i","cat":284737},{"id":82924,"n":"Bière Heineken 6x33cl","p":4.64,"u":"2,34 €/L","img":"https://fd13-photos.leclercdrive.fr/image.ashx?id=3008113&use=l&cat=p&typeid=i","cat":334853},{"id":83120,"n":"Bière brune Pelforth 12x25cl","p":8.59,"u":"2,86 €/L","img":"https://fd13-photos.leclercdrive.fr/image.ashx?id=2646182&use=l&cat=p&typeid=i","cat":334852},{"id":83132,"n":"Boisson lactée Tous mes amis pour chats - 3x200ml","p":2.13,"u":"3,55 €/L","img":"https://fd13-photos.leclercdrive.fr/image.ashx?id=1944634&use=l&cat=p&typeid=i","cat":285285},{"id":83375,"n":"Galette Karéléa Sans sucre - 125g","p":2.29,"u":"18,32 €/KG","img":"https://fd13-photos.leclercdrive.fr/image.ashx?id=2921945&use=l&cat=p&typeid=i","cat":318653},{"id":83382,"n":"Coeurs d'Artichauts Florelli A la paysanne - 280g","p":2.94,"u":"10,50 €/KG","img":"https://fd13-photos.leclercdrive.fr/image.ashx?id=2594533&use=l&cat=p&typeid=i","cat":289010},{"id":83476,"n":"Tapenade d'Olives vertes Les Tartinables Florelli 190g","p":2.29,"u":"12,05 €/KG","img":"https://fd13-photos.leclercdrive.fr/image.ashx?id=2904347&use=l&cat=p&typeid=i","cat":289010},{"id":83695,"n":"Vin d'Espagne rosé François d'Aubigné - 75cl","p":1.39,"u":"1,85 €/L","img":"https://fd13-photos.leclercdrive.fr/image.ashx?id=2747746&use=l&cat=p&typeid=i","cat":289558},{"id":83708,"n":"Arachides Seeberger Jumbo géantes - 500g","p":6.06,"u":"12,12 €/KG","img":"https://fd13-photos.leclercdrive.fr/image.ashx?id=2965265&use=l&cat=p&typeid=i","cat":284357},{"id":83790,"n":"Desserts Lactés P'TIT BRASSE BIO Pomme Pêche 6M+ - 4x90g","p":2.05,"u":"5,69 €/KG","img":"https://fd13-photos.leclercdrive.fr/image.ashx?id=2670863&use=l&cat=p&typeid=i","cat":312392},{"id":83854,"n":"Vin d'Espagne blanc François D'Aubigné - 75 cl","p":1.39,"u":"1,85 €/L","img":"https://fd13-photos.leclercdrive.fr/image.ashx?id=2888610&use=l&cat=p&typeid=i","cat":289557},{"id":83935,"n":"Thon mariné au piment d\"espelette Petit Navire - 110g","p":2.16,"u":"19,64 €/KG","img":"https://fd13-photos.leclercdrive.fr/image.ashx?id=2682863&use=l&cat=p&typeid=i","cat":303867},{"id":83953,"n":"Vin d'Union Européenne rosé François D'Aubigné - 75 cl","p":1.46,"u":"1,95 €/L","img":"https://fd13-photos.leclercdrive.fr/image.ashx?id=2699550&use=l&cat=p&typeid=i","cat":289558},{"id":83957,"n":"AOC Languedoc rouge Mythique BIB 3L - 13,5%","p":13.9,"u":"4,63 €/L","img":"https://fd13-photos.leclercdrive.fr/image.ashx?id=1756813&use=l&cat=p&typeid=i","cat":289560},{"id":83985,"n":"IGP Pays d'Oc rouge Merlot Grand Sud 13% vol - 1L","p":3.92,"u":"3,92 €/L","img":"https://fd13-photos.leclercdrive.fr/image.ashx?id=2941583&use=l&cat=p&typeid=i","cat":289556},{"id":83988,"n":"IGP Pays d'Oc rosé Merlot Les Ormes de Cambras 12% BIB 5L","p":14.03,"u":"2,81 €/L","img":"https://fd13-photos.leclercdrive.fr/image.ashx?id=1587084&use=l&cat=p&typeid=i","cat":289560},{"id":84002,"n":"Vin Blanc La villageoise  Union européenne - 1.5L","p":2.99,"u":"1,99 €/L","img":"https://fd13-photos.leclercdrive.fr/image.ashx?id=2414133&use=l&cat=p&typeid=i","cat":289557},{"id":84004,"n":"AOP Bordeaux rouge La petite Chapelle - BIB 3L","p":15.49,"pp":10.22,"u":"3,41 €/L","img":"https://fd13-photos.leclercdrive.fr/image.ashx?id=2287502&use=l&cat=p&typeid=i","cat":289560},{"id":84009,"n":"IGP Côtes de Gascogne vin rosé Terrasses d'Autan 12% vol 75cl","p":2.99,"u":"3,99 €/L","img":"https://fd13-photos.leclercdrive.fr/image.ashx?id=2872727&use=l&cat=p&typeid=i","cat":289558},{"id":84011,"n":"IGP  Pays d'Hérault vin rosé Bernard Cordelier - BIB 3L","p":5.99,"u":"2,00 €/L","img":"https://fd13-photos.leclercdrive.fr/image.ashx?id=2891911&use=l&cat=p&typeid=i","cat":289560},{"id":84028,"n":"IGP Méditerranée rosé Les Calandières 12% vol BIB 3L","p":11.89,"u":"3,96 €/L","img":"https://fd13-photos.leclercdrive.fr/image.ashx?id=2997766&use=l&cat=p&typeid=i","cat":289560},{"id":84031,"n":"Maca-ginseng-gimgembre  Tonifiant sexuel - 40 comprimés","p":5.59,"u":"0,14 €/P","img":"https://fd13-photos.leclercdrive.fr/image.ashx?id=2773376&use=l&cat=p&typeid=i","cat":313217},{"id":84149,"n":"Café Soluble Carte Noire  Bocal Classique - 100g","p":6.0,"u":"60,00 €/KG","img":"https://fd13-photos.leclercdrive.fr/image.ashx?id=2866094&use=l&cat=p&typeid=i","cat":284843},{"id":84154,"n":"Bonbons VICHY Menthe 230g","p":1.07,"u":"4,65 €/KG","img":"https://fd13-photos.leclercdrive.fr/image.ashx?id=2806342&use=l&cat=p&typeid=i","cat":304252},{"id":84156,"n":"Carambar mini mix 220g","p":2.15,"u":"9,77 €/KG","img":"https://fd13-photos.leclercdrive.fr/image.ashx?id=2817845&use=l&cat=p&typeid=i","cat":304250},{"id":84158,"n":"Bonbons CARAMBAR Fruits Assortiment - 320g","p":1.77,"u":"5,53 €/KG","img":"https://fd13-photos.leclercdrive.fr/image.ashx?id=2964499&use=l&cat=p&typeid=i","cat":304250},{"id":84159,"n":"Bonbons CARAMBAR Family Assortiment - 450g","p":2.69,"u":"5,98 €/KG","img":"https://fd13-photos.leclercdrive.fr/image.ashx?id=2903446&use=l&cat=p&typeid=i","cat":304250},{"id":84160,"n":"Bonbons CARAMBAR Caramel 320g","p":1.74,"u":"5,44 €/KG","img":"https://fd13-photos.leclercdrive.fr/image.ashx?id=2770124&use=l&cat=p&typeid=i","cat":304250},{"id":84161,"n":"Bonbons LA PIE QUI CHANTE Michoko Noir - 280g","p":2.38,"u":"8,50 €/KG","img":"https://fd13-photos.leclercdrive.fr/image.ashx?id=2817842&use=l&cat=p&typeid=i","cat":304250},{"id":84186,"n":"Lait bébé en poudre Bio Guigoz 2ème âge - 6-12 mois - 800g","p":18.41,"u":"23,01 €/KG","img":"https://fd13-photos.leclercdrive.fr/image.ashx?id=2740286&use=l&cat=p&typeid=i","cat":284727},{"id":84386,"n":"Croc'Tou Choc Lucien Georgelin 375g - Lucien Georgelin","p":2.37,"u":"6,32 €/KG","img":"https://fd13-photos.leclercdrive.fr/image.ashx?id=2561808&use=l&cat=p&typeid=i","cat":309513},{"id":84392,"n":"Sauce tomate de Marmande 300g - Lucien Georgelin","p":2.09,"u":"6,97 €/KG","img":"https://fd13-photos.leclercdrive.fr/image.ashx?id=2015660&use=l&cat=p&typeid=i","cat":288384},{"id":84437,"n":"Yaourt à boire Mini Yop Aromatisé Framboise - 8x100g","p":2.2,"u":"2,75 €/KG","img":"https://fd13-photos.leclercdrive.fr/image.ashx?id=2320000&use=l&cat=p&typeid=i","cat":284415},{"id":84441,"n":"Trio saucissons Cévennes  Nos Régions ont du Talent 345g","p":6.84,"u":"19,83 €/KG","img":"https://fd13-photos.leclercdrive.fr/image.ashx?id=2898113&use=l&cat=p&typeid=i","cat":316006},{"id":84458,"n":"Crème glacée L'Angélys Artisanale Chocolat noir - 450g","p":5.78,"u":"12,84 €/KG","img":"https://fd13-photos.leclercdrive.fr/image.ashx?id=2963571&use=l&cat=p&typeid=i","cat":284263},{"id":84461,"n":"Salade poulet bacon Mix Buffet 250g","p":3.86,"u":"15,44 €/KG","img":"https://fd13-photos.leclercdrive.fr/image.ashx?id=2735578&use=l&cat=p&typeid=i","cat":333657},{"id":84513,"n":"Déodorant à bille Nivéa Black&White - 2x50ml","p":4.24,"u":"42,40 €/L","img":"https://fd13-photos.leclercdrive.fr/image.ashx?id=2315482&use=l&cat=p&typeid=i","cat":284595},{"id":84782,"n":"Cuisse de poulet Blanc Le Gaulois - 1kg","p":6.49,"u":"6,49 €/KG","img":"https://fd13-photos.leclercdrive.fr/image.ashx?id=2732764&use=l&cat=p&typeid=i","cat":284336},{"id":84789,"n":"Filet de poulet blanc Le Gaulois x2 - 300g","p":4.52,"u":"15,07 €/KG","img":"https://fd13-photos.leclercdrive.fr/image.ashx?id=2633989&use=l&cat=p&typeid=i","cat":284336},{"id":84794,"n":"Coton Lotus Baby Peau nette - x85","p":2.09,"u":"0,02 €/P","img":"https://fd13-photos.leclercdrive.fr/image.ashx?id=2981355&use=l&cat=p&typeid=i","cat":284739},{"id":84819,"n":"Cerneaux de noix Seeberger 150g","p":5.97,"u":"39,80 €/KG","img":"https://fd13-photos.leclercdrive.fr/image.ashx?id=2950615&use=l&cat=p&typeid=i","cat":284357},{"id":85049,"n":"Poires Panier du Primeur Mûre à point Filière x4","p":3.49,"u":"0,87 €/P","img":"https://fd13-photos.leclercdrive.fr/image.ashx?id=2955038&use=l&cat=p&typeid=i","cat":284356},{"id":85051,"n":"Endives Panier du Primeur x5","p":2.99,"u":"0,60 €/P","img":"https://fd13-photos.leclercdrive.fr/image.ashx?id=2655607&use=l&cat=p&typeid=i","cat":284352},{"id":85052,"n":"Croquettes petit chien Ultima  Nature Poulet - 1,25kg","p":6.62,"u":"5,30 €/KG","img":"https://fd13-photos.leclercdrive.fr/image.ashx?id=2593164&use=l&cat=p&typeid=i","cat":294526},{"id":85090,"n":"Sauce 3 Poivres Heinz - 220g","p":1.91,"u":"8,68 €/KG","img":"https://fd13-photos.leclercdrive.fr/image.ashx?id=2973351&use=l&cat=p&typeid=i","cat":318431},{"id":85106,"n":"Mayonnaise American Style Heinz  - 395g","p":2.22,"u":"5,62 €/KG","img":"https://fd13-photos.leclercdrive.fr/image.ashx?id=2927059&use=l&cat=p&typeid=i","cat":298295},{"id":85206,"n":"Génoises fourrées Pim's LU Fraise des bois - 150g","p":1.66,"u":"11,07 €/KG","img":"https://fd13-photos.leclercdrive.fr/image.ashx?id=3002204&use=l&cat=p&typeid=i","cat":284489},{"id":85207,"n":"Génoise fourrées Pim's LU Poire - 150g","p":1.61,"u":"10,73 €/KG","img":"https://fd13-photos.leclercdrive.fr/image.ashx?id=2145202&use=l&cat=p&typeid=i","cat":284489},{"id":85278,"n":"Barres Têtes Brûlées Fraise/pomme - 200g","p":1.91,"u":"9,55 €/KG","img":"https://fd13-photos.leclercdrive.fr/image.ashx?id=2917882&use=l&cat=p&typeid=i","cat":304250},{"id":85368,"n":"Tampons Nett Original Digitaux - Super+ - x24","p":2.56,"u":"0,11 €/P","img":"https://fd13-photos.leclercdrive.fr/image.ashx?id=2685132&use=l&cat=p&typeid=i","cat":284626},{"id":85383,"n":"Sous-vêtements Tena Lady silhouette - Normal L x10","p":6.93,"u":"0,69 €/P","img":"https://fd13-photos.leclercdrive.fr/image.ashx?id=2428582&use=l&cat=p&typeid=i","cat":284628},{"id":85443,"n":"Nettoyant Lave-Linge Destop  2 x 250 ml","p":5.49,"u":"10,98 €/L","img":"https://fd13-photos.leclercdrive.fr/image.ashx?id=2389984&use=l&cat=p&typeid=i","cat":284908},{"id":85532,"n":"Tenders de Poulet Père Dodu  Aiguillettes - 380g","p":5.62,"u":"14,79 €/KG","img":"https://fd13-photos.leclercdrive.fr/image.ashx?id=2957200&use=l&cat=p&typeid=i","cat":333684},{"id":85666,"n":"IGP Ardeche rosé Pont d'Arc 12.5% vol - BIB 5L","p":11.2,"u":"2,24 €/L","img":"https://fd13-photos.leclercdrive.fr/image.ashx?id=2527922&use=l&cat=p&typeid=i","cat":289560},{"id":85693,"n":"Donut de poulet Maître Coq 800g","p":7.77,"u":"9,71 €/KG","img":"https://fd13-photos.leclercdrive.fr/image.ashx?id=2426941&use=l&cat=p&typeid=i","cat":333684},{"id":85957,"n":"AOP Vin blanc sauvignon Bio Alexandre de Montmirel - Bib 3L","p":13.01,"u":"4,34 €/L","img":"https://fd13-photos.leclercdrive.fr/image.ashx?id=2281357&use=l&cat=p&typeid=i","cat":289557},{"id":85992,"n":"Bière Ambrée Ninkasi 75cl","p":4.45,"u":"5,93 €/L","img":"https://fd13-photos.leclercdrive.fr/image.ashx?id=2462831&use=l&cat=p&typeid=i","cat":334872},{"id":86375,"n":"Rochers Suchard  Lait - 7x35g","p":4.23,"u":"17,27 €/KG","img":"https://fd13-photos.leclercdrive.fr/image.ashx?id=2950372&use=l&cat=p&typeid=i","cat":284499},{"id":86376,"n":"Rochers Suchard Noir - 7x35g","p":4.23,"u":"17,27 €/KG","img":"https://fd13-photos.leclercdrive.fr/image.ashx?id=2950375&use=l&cat=p&typeid=i","cat":284499},{"id":86395,"n":"Brioche tranchée Pasquier Familiale - 650g","p":2.68,"u":"4,12 €/KG","img":"https://fd13-photos.leclercdrive.fr/image.ashx?id=2850949&use=l&cat=p&typeid=i","cat":284478},{"id":86403,"n":"Capsules café L'Or Espresso Delizioso N°5 x10","p":3.13,"u":"60,19 €/KG","img":"https://fd13-photos.leclercdrive.fr/image.ashx?id=3000462&use=l&cat=p&typeid=i","cat":284749},{"id":86411,"n":"Biscuit bio Bjorg Avoine pépites chocolat - 130g","p":2.5,"u":"19,23 €/KG","img":"https://fd13-photos.leclercdrive.fr/image.ashx?id=2999985&use=l&cat=p&typeid=i","cat":325066},{"id":86416,"n":"Confiture bio Bio Village Fruits rouges - 370g","p":2.79,"u":"7,54 €/KG","img":"https://fd13-photos.leclercdrive.fr/image.ashx?id=2965638&use=l&cat=p&typeid=i","cat":284480},{"id":86451,"n":"Lessive gel Génie Lavage main - 200ml","p":1.53,"u":"7,65 €/L","img":"https://fd13-photos.leclercdrive.fr/image.ashx?id=2664142&use=l&cat=p&typeid=i","cat":284643},{"id":86470,"n":"Bonbons KREMA Festival Assortiment - 360g","p":2.38,"u":"6,61 €/KG","img":"https://fd13-photos.leclercdrive.fr/image.ashx?id=2817875&use=l&cat=p&typeid=i","cat":304250},{"id":86482,"n":"Bonbons KREMA Régal'ad Assortiment Fruits - 360g","p":2.46,"u":"6,83 €/KG","img":"https://fd13-photos.leclercdrive.fr/image.ashx?id=2855295&use=l&cat=p&typeid=i","cat":304250},{"id":86580,"n":"Gousse de vanille Sainte Lucie Poudre pot - 3g","p":4.56,"img":"https://fd13-photos.leclercdrive.fr/image.ashx?id=2774960&use=l&cat=p&typeid=i","cat":284504},{"id":86586,"n":"Pain de mie Harrys Nature extra moelleux - 500g","p":1.3,"u":"2,60 €/KG","img":"https://fd13-photos.leclercdrive.fr/image.ashx?id=2660730&use=l&cat=p&typeid=i","cat":284477},{"id":86656,"n":"Bouillon cubes légumes Knorr Méditerranéens x12- 132g","p":1.41,"u":"10,68 €/KG","img":"https://fd13-photos.leclercdrive.fr/image.ashx?id=2940636&use=l&cat=p&typeid=i","cat":288379},{"id":86658,"n":"Thé vert Twinings Simplement pur - x25 - 37g","p":2.46,"u":"66,49 €/KG","img":"https://fd13-photos.leclercdrive.fr/image.ashx?id=2893015&use=l&cat=p&typeid=i","cat":293233},{"id":86665,"n":"Dosettes café Senseo Grand Mère Classique x54","p":5.28,"u":"14,83 €/KG","img":"https://fd13-photos.leclercdrive.fr/image.ashx?id=2769837&use=l&cat=p&typeid=i","cat":293238},{"id":86670,"n":"Flocons d'avoine complet Bjorg bio - 900g","p":2.89,"u":"3,21 €/KG","img":"https://fd13-photos.leclercdrive.fr/image.ashx?id=2928534&use=l&cat=p&typeid=i","cat":309512},{"id":86724,"n":"Huile d'olive Bio Village Bio Vierge extra fruité - 75 cl","p":7.99,"u":"10,65 €/L","img":"https://fd13-photos.leclercdrive.fr/image.ashx?id=3005712&use=l&cat=p&typeid=i","cat":284453},{"id":86725,"n":"Poudre de cacao bio Bio Village 500g - 32% de cacao","p":3.95,"u":"7,90 €/KG","img":"https://fd13-photos.leclercdrive.fr/image.ashx?id=2441516&use=l&cat=p&typeid=i","cat":293235},{"id":86753,"n":"Spray nettoyant Uni Vert Désinfectant écocert - 750ml","p":2.19,"u":"2,92 €/L","img":"https://fd13-photos.leclercdrive.fr/image.ashx?id=2569050&use=l&cat=p&typeid=i","cat":325357},{"id":86779,"n":"Colin d'Alaska Pêche Océan Beurre citron - MSC - 400g","p":3.39,"u":"8,48 €/KG","img":"https://fd13-photos.leclercdrive.fr/image.ashx?id=2930126&use=l&cat=p&typeid=i","cat":319786},{"id":86788,"n":"Tartinable thon Fromage frais MSC Ronde des mers - 140g","p":1.99,"u":"14,21 €/KG","img":"https://fd13-photos.leclercdrive.fr/image.ashx?id=2823084&use=l&cat=p&typeid=i","cat":285191},{"id":86810,"n":"Gousses vanille Tablier Blanc x2 - 3g","p":5.76,"img":"https://fd13-photos.leclercdrive.fr/image.ashx?id=2487479&use=l&cat=p&typeid=i","cat":284504},{"id":86847,"n":"Pommes de terre Mix buffet Au thon - 800g","p":7.49,"u":"9,36 €/KG","img":"https://fd13-photos.leclercdrive.fr/image.ashx?id=2108525&use=l&cat=p&typeid=i","cat":333657},{"id":86884,"n":"Amande en poudre Vahiné 200g","p":4.35,"u":"21,75 €/KG","img":"https://fd13-photos.leclercdrive.fr/image.ashx?id=2559850&use=l&cat=p&typeid=i","cat":284504},{"id":86907,"n":"Lait en poudre Modilac Bébé : 2ème âge - 820g","p":15.65,"u":"19,09 €/KG","img":"https://fd13-photos.leclercdrive.fr/image.ashx?id=2873393&use=l&cat=p&typeid=i","cat":284727},{"id":86911,"n":"Muesli bio Happy Bio  Fruits rouges et chia - 375g","p":3.39,"u":"9,04 €/KG","img":"https://fd13-photos.leclercdrive.fr/image.ashx?id=2970984&use=l&cat=p&typeid=i","cat":309512},{"id":86914,"n":"Fromage Camembert Isigny NRT 250g","p":2.81,"u":"11,24 €/KG","img":"https://fd13-photos.leclercdrive.fr/image.ashx?id=1961500&use=l&cat=p&typeid=i","cat":314033},{"id":86916,"n":"Lames de rasoir Carré Homme 2 lames - x10","p":1.29,"u":"0,13 €/P","img":"https://fd13-photos.leclercdrive.fr/image.ashx?id=2591721&use=l&cat=p&typeid=i","cat":284616},{"id":86940,"n":"Emmental fromage râpé bio Bio village - 400g","p":4.45,"u":"11,13 €/KG","img":"https://fd13-photos.leclercdrive.fr/image.ashx?id=2501688&use=l&cat=p&typeid=i","cat":314035},{"id":86956,"n":"Pains au chocolat surgelé Gourmet d'Alsace - 1.25kg - x25","p":11.45,"u":"9,16 €/KG","img":"https://fd13-photos.leclercdrive.fr/image.ashx?id=2167104&use=l&cat=p&typeid=i","cat":288858},{"id":87001,"n":"Petits Pois Notre Jardin 600g","p":1.69,"u":"2,82 €/KG","img":"https://fd13-photos.leclercdrive.fr/image.ashx?id=2873156&use=l&cat=p&typeid=i","cat":319805},{"id":87024,"n":"Smoothie innocent énergie boogie ruby 750ml","p":3.68,"u":"4,91 €/L","img":"https://fd13-photos.leclercdrive.fr/image.ashx?id=2187631&use=l&cat=p&typeid=i","cat":285435},{"id":87038,"n":"Yaourt nature Danone 8x125g","p":1.83,"u":"1,83 €/KG","img":"https://fd13-photos.leclercdrive.fr/image.ashx?id=3001985&use=l&cat=p&typeid=i","cat":284409},{"id":87061,"n":"Boisson gourmande PAGO ACE Orange carotte citron - 75cl","p":1.51,"u":"2,01 €/L","img":"https://fd13-photos.leclercdrive.fr/image.ashx?id=2861237&use=l&cat=p&typeid=i","cat":284916},{"id":87067,"n":"Yaourt à boire P'tit max  Délisse Fraise - 6x180g","p":2.03,"u":"1,88 €/KG","img":"https://fd13-photos.leclercdrive.fr/image.ashx?id=2762510&use=l&cat=p&typeid=i","cat":284415},{"id":87074,"n":"Nappe Damassée Homeside Grise - 7m","p":2.96,"img":"https://fd13-photos.leclercdrive.fr/image.ashx?id=1659750&use=l&cat=p&typeid=i","cat":334134},{"id":87078,"n":"Serviettes en papier Homeside Aqua - 33x33cm - 3 plis","p":1.99,"img":"https://fd13-photos.leclercdrive.fr/image.ashx?id=1659729&use=l&cat=p&typeid=i","cat":334134},{"id":87082,"n":"Serviettes en papier Homeside x30 - 38x38cm - point à point","p":1.7,"img":"https://fd13-photos.leclercdrive.fr/image.ashx?id=1659696&use=l&cat=p&typeid=i","cat":334134},{"id":87083,"n":"Rhum premium Bacardi Reserva  Ocho 8 ans d'âge 40° - 70cl","p":31.99,"u":"45,70 €/L","img":"https://fd13-photos.leclercdrive.fr/image.ashx?id=2848373&use=l&cat=p&typeid=i","cat":284550},{"id":87090,"n":"Burrata di Bufala Casa Azzurra 200g","p":4.84,"u":"24,20 €/KG","img":"https://fd13-photos.leclercdrive.fr/image.ashx?id=1950711&use=l&cat=p&typeid=i","cat":314026},{"id":87093,"n":"Eau coiffante Vitanove 150ml","p":1.99,"u":"13,27 €/L","img":"https://fd13-photos.leclercdrive.fr/image.ashx?id=2496419&use=l&cat=p&typeid=i","cat":284609},{"id":87100,"n":"Gel lavant Manava Purifiant mandarine - 300ml","p":1.25,"u":"4,17 €/L","img":"https://fd13-photos.leclercdrive.fr/image.ashx?id=2935519&use=l&cat=p&typeid=i","cat":284597},{"id":87133,"n":"Thé vert Bio Ethiquable  Menthe x20 - 36g","p":2.3,"u":"63,89 €/KG","img":"https://fd13-photos.leclercdrive.fr/image.ashx?id=2870875&use=l&cat=p&typeid=i","cat":293233},{"id":87375,"n":"Serviettes Doulys Ultra mince Nuit + large - x9","p":2.2,"u":"0,24 €/P","img":"https://fd13-photos.leclercdrive.fr/image.ashx?id=2839927&use=l&cat=p&typeid=i","cat":284624},{"id":87703,"n":"Mini donuts poulet Maitre Coq Fromage - 400g","p":3.51,"u":"8,78 €/KG","img":"https://fd13-photos.leclercdrive.fr/image.ashx?id=2732329&use=l&cat=p&typeid=i","cat":333684},{"id":87704,"n":"Nuggets filet Maitre Coq Poulet - 400g","p":4.75,"u":"11,88 €/KG","img":"https://fd13-photos.leclercdrive.fr/image.ashx?id=2739788&use=l&cat=p&typeid=i","cat":333684},{"id":87747,"n":"Yaourts natures brassés bifidus Activia - 16x125g","p":4.51,"u":"2,26 €/KG","img":"https://fd13-photos.leclercdrive.fr/image.ashx?id=2741790&use=l&cat=p&typeid=i","cat":315000},{"id":87748,"n":"Yaourts natures 0%mg bifidus Activia - 16x125g","p":4.51,"u":"2,26 €/KG","img":"https://fd13-photos.leclercdrive.fr/image.ashx?id=2741793&use=l&cat=p&typeid=i","cat":315000},{"id":87849,"n":"Boisson végétale Alpro lait de coco riz - 1l","p":2.19,"u":"2,19 €/L","img":"https://fd13-photos.leclercdrive.fr/image.ashx?id=2790243&use=l&cat=p&typeid=i","cat":316067},{"id":87923,"n":"Compotes  gourdes Pom'Potes Multivariétés - 12x90g","p":5.2,"u":"4,81 €/KG","img":"https://fd13-photos.leclercdrive.fr/image.ashx?id=3010942&use=l&cat=p&typeid=i","cat":284508},{"id":87925,"n":"Dosettes café Senseo Corsé x40","p":5.81,"u":"20,97 €/KG","img":"https://fd13-photos.leclercdrive.fr/image.ashx?id=2393581&use=l&cat=p&typeid=i","cat":293238},{"id":87927,"n":"Dosettes café Senseo Décaféiné x40","p":6.37,"u":"23,00 €/KG","img":"https://fd13-photos.leclercdrive.fr/image.ashx?id=2324921&use=l&cat=p&typeid=i","cat":293238},{"id":87929,"n":"Dosettes café Senseo Classique x54","p":8.52,"u":"22,72 €/KG","img":"https://fd13-photos.leclercdrive.fr/image.ashx?id=2391798&use=l&cat=p&typeid=i","cat":293238},{"id":87949,"n":"Sirop La Maison Guiot Menthe glaciale - 70cl","p":3.19,"u":"4,56 €/L","img":"https://fd13-photos.leclercdrive.fr/image.ashx?id=2138473&use=l&cat=p&typeid=i","cat":295020},{"id":87950,"n":"Snacks chats Tous mes amis Liquide - 90g","p":1.45,"u":"16,11 €/KG","img":"https://fd13-photos.leclercdrive.fr/image.ashx?id=2520041&use=l&cat=p&typeid=i","cat":285285},{"id":88048,"n":"Compote Charles & Alice Pommes Bananes Vanille -4x100g","p":1.7,"u":"4,38 €/KG","img":"https://fd13-photos.leclercdrive.fr/image.ashx?id=2757698&use=l&cat=p&typeid=i","cat":284416},{"id":88053,"n":"Lasagne à la bolognaise Marie - 1 kg","p":4.81,"u":"4,81 €/KG","img":"https://fd13-photos.leclercdrive.fr/image.ashx?id=2993394&use=l&cat=p&typeid=i","cat":284254},{"id":88062,"n":"Matière grasse Primevere Oméga 3 - 55% - 250g","p":1.43,"u":"5,72 €/KG","img":"https://fd13-photos.leclercdrive.fr/image.ashx?id=2928468&use=l&cat=p&typeid=i","cat":315229},{"id":88115,"n":"yaourt à boire danonino fraise banane abricot - 6x100g","p":2.86,"u":"4,77 €/KG","img":"https://fd13-photos.leclercdrive.fr/image.ashx?id=3003143&use=l&cat=p&typeid=i","cat":284415},{"id":88162,"n":"oeufs plein air Matines x20","p":5.32,"u":"0,27 €/P","img":"https://fd13-photos.leclercdrive.fr/image.ashx?id=2795740&use=l&cat=p&typeid=i","cat":284378},{"id":88203,"n":"Céréales bébé Blédine 12 mois  Choco biscuit - 400g","p":2.62,"u":"6,55 €/KG","img":"https://fd13-photos.leclercdrive.fr/image.ashx?id=2763121&use=l&cat=p&typeid=i","cat":312225},{"id":88206,"n":"Céréales bébé Blédine 12 mois  Vanille - 400g","p":2.4,"u":"6,00 €/KG","img":"https://fd13-photos.leclercdrive.fr/image.ashx?id=2763124&use=l&cat=p&typeid=i","cat":312225},{"id":88331,"n":"Gélule gaz intestinaux Juvamine Charbon+Levure - x45","p":4.99,"u":"0,11 €/P","img":"https://fd13-photos.leclercdrive.fr/image.ashx?id=2773373&use=l&cat=p&typeid=i","cat":313217},{"id":88339,"n":"Purée de sésame Jardin Bio Tahini bio - 350g","p":6.72,"u":"19,20 €/KG","img":"https://fd13-photos.leclercdrive.fr/image.ashx?id=3000183&use=l&cat=p&typeid=i","cat":284481},{"id":88340,"n":"Berries Haribo Sachet bonbons - 200g","p":1.81,"u":"9,05 €/KG","img":"https://fd13-photos.leclercdrive.fr/image.ashx?id=2982411&use=l&cat=p&typeid=i","cat":304250},{"id":88418,"n":"Boisson a base de thé Fresh Tea Pêche - 1L","p":0.89,"u":"0,89 €/L","img":"https://fd13-photos.leclercdrive.fr/image.ashx?id=2622275&use=l&cat=p&typeid=i","cat":295019},{"id":88429,"n":"Eau gazeuse San Pellegrino Minérale naturelle - 6x33cl","p":2.85,"u":"1,44 €/L","img":"https://fd13-photos.leclercdrive.fr/image.ashx?id=2459090&use=l&cat=p&typeid=i","cat":284536},{"id":88438,"n":"Coulommiers Cœur de Lion  Extra-Crèmeux - 385g","p":3.31,"u":"8,60 €/KG","img":"https://fd13-photos.leclercdrive.fr/image.ashx?id=2999958&use=l&cat=p&typeid=i","cat":314033},{"id":88441,"n":"Fromage à tartiner St Môret Nature maxi format - 400g","p":4.68,"u":"11,70 €/KG","img":"https://fd13-photos.leclercdrive.fr/image.ashx?id=2755459&use=l&cat=p&typeid=i","cat":314029},{"id":88448,"n":"Fromage à Tartiner Carré Frais  Nature 0% - 8 Portions - 200g","p":2.37,"u":"11,85 €/KG","img":"https://fd13-photos.leclercdrive.fr/image.ashx?id=2868684&use=l&cat=p&typeid=i","cat":314029},{"id":88451,"n":"AOP Champagne Chanoine Frères Brut - 75cl","p":23.05,"u":"30,73 €/L","img":"https://fd13-photos.leclercdrive.fr/image.ashx?id=2673217&use=l&cat=p&typeid=i","cat":284542},{"id":88460,"n":"Fromage de Chèvre Chavroux  9 Portions - 162g","p":3.02,"u":"18,64 €/KG","img":"https://fd13-photos.leclercdrive.fr/image.ashx?id=2936689&use=l&cat=p&typeid=i","cat":314031},{"id":88461,"n":"Salami Danois  Saint-Azay x16 - 160g","p":1.58,"u":"9,88 €/KG","img":"https://fd13-photos.leclercdrive.fr/image.ashx?id=2708354&use=l&cat=p&typeid=i","cat":316007},{"id":88548,"n":"Tartines campagne La Boulangère 450g","p":1.72,"u":"3,82 €/KG","img":"https://fd13-photos.leclercdrive.fr/image.ashx?id=2912395&use=l&cat=p&typeid=i","cat":284477},{"id":88557,"n":"Céréales bébé Blédine 6 mois  Vanille - 400g","p":2.12,"u":"5,30 €/KG","img":"https://fd13-photos.leclercdrive.fr/image.ashx?id=2773992&use=l&cat=p&typeid=i","cat":312225},{"id":88558,"n":"Céréales bébé Blédine 6 mois  Cacao - 400g","p":2.12,"u":"5,30 €/KG","img":"https://fd13-photos.leclercdrive.fr/image.ashx?id=2763112&use=l&cat=p&typeid=i","cat":312225},{"id":88560,"n":"Céréales bébé Blédine 6 mois  Biscuit - 400g","p":2.12,"u":"5,30 €/KG","img":"https://fd13-photos.leclercdrive.fr/image.ashx?id=2773295&use=l&cat=p&typeid=i","cat":312225},{"id":88561,"n":"Céréales bébé Blédine 6 mois  Multi céréales - 400g","p":2.12,"u":"5,30 €/KG","img":"https://fd13-photos.leclercdrive.fr/image.ashx?id=2763118&use=l&cat=p&typeid=i","cat":312225},{"id":88615,"n":"Yaourt nature Savoie Yaourt 4x125g","p":1.49,"u":"2,98 €/KG","img":"https://fd13-photos.leclercdrive.fr/image.ashx?id=2494617&use=l&cat=p&typeid=i","cat":284409},{"id":88617,"n":"Yaourt au lait de chèvre Savoie Yaourt x4 - 120g","p":2.33,"u":"19,42 €/KG","img":"https://fd13-photos.leclercdrive.fr/image.ashx?id=2492659&use=l&cat=p&typeid=i","cat":314998},{"id":88662,"n":"Yaourt bifidus Activia Vanille - 4x125g","p":1.6,"u":"3,20 €/KG","img":"https://fd13-photos.leclercdrive.fr/image.ashx?id=3006184&use=l&cat=p&typeid=i","cat":315000},{"id":88707,"n":"Endive bio Bio Village Sachet 400g","p":3.99,"u":"9,98 €/KG","img":"https://fd13-photos.leclercdrive.fr/image.ashx?id=2655619&use=l&cat=p&typeid=i","cat":284352},{"id":88738,"n":"Yaourt bifidus Activia citron vanille coco - 12x125g","p":4.82,"u":"3,21 €/KG","img":"https://fd13-photos.leclercdrive.fr/image.ashx?id=3003149&use=l&cat=p&typeid=i","cat":315000},{"id":88740,"n":"Yaourt bifidus Activia citron - 4x125g","p":1.6,"u":"3,20 €/KG","img":"https://fd13-photos.leclercdrive.fr/image.ashx?id=3006181&use=l&cat=p&typeid=i","cat":315000},{"id":88742,"n":"Yaourt bifidus Activia coco - 4x125g","p":1.65,"u":"3,30 €/KG","img":"https://fd13-photos.leclercdrive.fr/image.ashx?id=2886651&use=l&cat=p&typeid=i","cat":315000},{"id":88986,"n":"Barre Chocolat au Lait KitKat x6 barres - 249g","p":3.14,"u":"12,61 €/KG","img":"https://fd13-photos.leclercdrive.fr/image.ashx?id=2989426&use=l&cat=p&typeid=i","cat":284498},{"id":89010,"n":"Fromage Roquefort Société Crème 2x100g","p":4.06,"u":"20,30 €/KG","img":"https://fd13-photos.leclercdrive.fr/image.ashx?id=2789706&use=l&cat=p&typeid=i","cat":314032},{"id":89088,"n":"Boisson au Soja Alpro Goût vanille - 1L","p":2.34,"u":"2,34 €/L","img":"https://fd13-photos.leclercdrive.fr/image.ashx?id=2944383&use=l&cat=p&typeid=i","cat":316067},{"id":89090,"n":"Boisson végétale Alpro Soja - 1L","p":1.77,"u":"1,77 €/L","img":"https://fd13-photos.leclercdrive.fr/image.ashx?id=2977681&use=l&cat=p&typeid=i","cat":316067},{"id":89093,"n":"Boisson végétale Alpro avoine - 1l","p":2.19,"u":"2,19 €/L","img":"https://fd13-photos.leclercdrive.fr/image.ashx?id=2986852&use=l&cat=p&typeid=i","cat":316067},{"id":89094,"n":"Boisson végétale lait d'amande grillée sans sucre alpro - 1l","p":2.17,"u":"2,17 €/L","img":"https://fd13-photos.leclercdrive.fr/image.ashx?id=2985543&use=l&cat=p&typeid=i","cat":316067},{"id":89160,"n":"Recharge liquide nettoyant Swiffer WetJet - 1.25L","p":4.69,"pp":2.81,"u":"2,25 €/L","img":"https://fd13-photos.leclercdrive.fr/image.ashx?id=2867800&use=l&cat=p&typeid=i","cat":325364},{"id":89190,"n":"Carotte Bio Bio Village 1kg","p":1.89,"u":"1,89 €/KG","img":"https://fd13-photos.leclercdrive.fr/image.ashx?id=1457160&use=l&cat=p&typeid=i","cat":284352},{"id":89197,"n":"Eau gazeuse aromatisée Badoit Pamplemousse citron - 1L","p":1.12,"u":"1,12 €/L","img":"https://fd13-photos.leclercdrive.fr/image.ashx?id=2730655&use=l&cat=p&typeid=i","cat":284536},{"id":89336,"n":"Cire coiffante Vitanove Effet mat - 75ml","p":2.27,"u":"30,27 €/L","img":"https://fd13-photos.leclercdrive.fr/image.ashx?id=2791314&use=l&cat=p&typeid=i","cat":284609},{"id":89337,"n":"Cire coiffante Vitanove Brillance - 75ml","p":2.27,"u":"30,27 €/L","img":"https://fd13-photos.leclercdrive.fr/image.ashx?id=2780683&use=l&cat=p&typeid=i","cat":284609},{"id":89338,"n":"Soin anti-rides Inell Q10 Jour - 50ml","p":2.49,"u":"49,80 €/L","img":"https://fd13-photos.leclercdrive.fr/image.ashx?id=2822132&use=l&cat=p&typeid=i","cat":325345},{"id":89341,"n":"Gel lavant recharge Manava Antibactérien Mandarine - 250ml","p":0.54,"u":"2,16 €/L","img":"https://fd13-photos.leclercdrive.fr/image.ashx?id=2935522&use=l&cat=p&typeid=i","cat":284597},{"id":89345,"n":"Serviettes Super Doulys Ultra mince - x24","p":1.8,"u":"0,08 €/P","img":"https://fd13-photos.leclercdrive.fr/image.ashx?id=2839931&use=l&cat=p&typeid=i","cat":284624},{"id":89483,"n":"Salade & Cie Sodebo Stockhlom Saumon Pâtes - 320g","p":4.5,"u":"14,06 €/KG","img":"https://fd13-photos.leclercdrive.fr/image.ashx?id=2795722&use=l&cat=p&typeid=i","cat":333657},{"id":89502,"n":"Assortiment créole Pic'express 390g","p":4.69,"u":"12,03 €/KG","img":"https://fd13-photos.leclercdrive.fr/image.ashx?id=2238048&use=l&cat=p&typeid=i","cat":333673},{"id":89506,"n":"Oeufs Plein air  Eco + x12","p":2.59,"u":"0,22 €/P","img":"https://fd13-photos.leclercdrive.fr/image.ashx?id=2708853&use=l&cat=p&typeid=i","cat":284378},{"id":89521,"n":"Crème de champignon Régal Soupe Instantané - 80g","p":1.19,"u":"14,88 €/KG","img":"https://fd13-photos.leclercdrive.fr/image.ashx?id=2071348&use=l&cat=p&typeid=i","cat":293527},{"id":89523,"n":"Madeleines coquilles Eco+ Aux oeufs - 500g","p":1.55,"u":"3,10 €/KG","img":"https://fd13-photos.leclercdrive.fr/image.ashx?id=2780671&use=l&cat=p&typeid=i","cat":284492},{"id":89695,"n":"Poulet Weight Watchers Curry-coco - 300g","p":3.41,"u":"11,37 €/KG","img":"https://fd13-photos.leclercdrive.fr/image.ashx?id=2827203&use=l&cat=p&typeid=i","cat":333665},{"id":89741,"n":"AOC Crémant d'Alsace A.Schoech Prestige Brut - 75cl","p":6.95,"u":"9,27 €/L","img":"https://fd13-photos.leclercdrive.fr/image.ashx?id=1615338&use=l&cat=p&typeid=i","cat":284544},{"id":89914,"n":"Bouillon Cube Maggi Légumes x18 - 180g","p":1.6,"u":"8,89 €/KG","img":"https://fd13-photos.leclercdrive.fr/image.ashx?id=2737039&use=l&cat=p&typeid=i","cat":288379},{"id":90021,"n":"Thon Le Mariné Petit Navire Emietté -Tomates séchées - 110g","p":2.18,"u":"19,82 €/KG","img":"https://fd13-photos.leclercdrive.fr/image.ashx?id=2682857&use=l&cat=p&typeid=i","cat":303867},{"id":90056,"n":"Quinotto Jardin Bio Bio légumes parmesan - 220g","p":2.08,"u":"9,45 €/KG","img":"https://fd13-photos.leclercdrive.fr/image.ashx?id=2535421&use=l&cat=p&typeid=i","cat":287600},{"id":90058,"n":"Ravioli Jardin Bio Bio chèvre ciboulette - 250g","p":2.08,"u":"8,32 €/KG","img":"https://fd13-photos.leclercdrive.fr/image.ashx?id=2534842&use=l&cat=p&typeid=i","cat":287600},{"id":90072,"n":"Champagne Ruinart Blanc de Blanc - 75cl","p":99.99,"u":"133,32 €/L","img":"https://fd13-photos.leclercdrive.fr/image.ashx?id=3012457&use=l&cat=p&typeid=i","cat":284542},{"id":90078,"n":"Compotes Pom'Potes Gourdes BIO  Multivariétés - 12x90g","p":7.47,"u":"6,92 €/KG","img":"https://fd13-photos.leclercdrive.fr/image.ashx?id=2961861&use=l&cat=p&typeid=i","cat":284508},{"id":90082,"n":"Ciboulette Ducros 4g","p":1.41,"u":"352,50 €/KG","img":"https://fd13-photos.leclercdrive.fr/image.ashx?id=2559487&use=l&cat=p&typeid=i","cat":298297},{"id":90090,"n":"Gnocchi à poêler Lustucru Extra Fromage 500g","p":2.91,"u":"5,82 €/KG","img":"https://fd13-photos.leclercdrive.fr/image.ashx?id=2786171&use=l&cat=p&typeid=i","cat":333682},{"id":90113,"n":"Petits suisses aux fruits bio Les 2 vaches - 12x50g","p":3.6,"u":"6,00 €/KG","img":"https://fd13-photos.leclercdrive.fr/image.ashx?id=2774103&use=l&cat=p&typeid=i","cat":284414},{"id":90119,"n":"Fromage Persillée Saint Agur  190g","p":3.58,"u":"18,84 €/KG","img":"https://fd13-photos.leclercdrive.fr/image.ashx?id=2981512&use=l&cat=p&typeid=i","cat":314032},{"id":90120,"n":"Crème Saint Agur  155g","p":2.65,"u":"17,10 €/KG","img":"https://fd13-photos.leclercdrive.fr/image.ashx?id=2760014&use=l&cat=p&typeid=i","cat":314029},{"id":90228,"n":"Bière aromatisée Belzebuth Pink 2.8%vol. - 33cl","p":2.08,"u":"6,30 €/L","img":"https://fd13-photos.leclercdrive.fr/image.ashx?id=2906385&use=l&cat=p&typeid=i","cat":334878},{"id":90232,"n":"Bière blonde IPA Chouffe Houblon - 9%vol. - 33cl","p":2.84,"u":"8,61 €/L","img":"https://fd13-photos.leclercdrive.fr/image.ashx?id=2959202&use=l&cat=p&typeid=i","cat":334872},{"id":90237,"n":"Bière blonde Delirium Red 8% vol. - 33cl","p":2.7,"u":"8,18 €/L","img":"https://fd13-photos.leclercdrive.fr/image.ashx?id=2381300&use=l&cat=p&typeid=i","cat":334872},{"id":90254,"n":"Bière blonde Maredsous Triple 10%vol. - 75cl","p":6.0,"u":"8,00 €/L","img":"https://fd13-photos.leclercdrive.fr/image.ashx?id=1653156&use=l&cat=p&typeid=i","cat":334872},{"id":90481,"n":"Eau infusée Bio Volvic  Hibiscus litchti passion - 75cl","p":1.42,"u":"1,89 €/L","img":"https://fd13-photos.leclercdrive.fr/image.ashx?id=2500437&use=l&cat=p&typeid=i","cat":284537},{"id":90547,"n":"Croquettes chat Purina One Chat Stérilisé Truite/Blé-1.5kg","p":7.41,"u":"4,94 €/KG","img":"https://fd13-photos.leclercdrive.fr/image.ashx?id=2488064&use=l&cat=p&typeid=i","cat":284680},{"id":90562,"n":"Yaourt bifidus Activia saveur framboise - 4x125g","p":1.66,"u":"3,32 €/KG","img":"https://fd13-photos.leclercdrive.fr/image.ashx?id=2886654&use=l&cat=p&typeid=i","cat":315000},{"id":90644,"n":"Thé vert Bio Clipper Framboise menthe - 35g","p":2.41,"u":"68,86 €/KG","img":"https://fd13-photos.leclercdrive.fr/image.ashx?id=2908303&use=l&cat=p&typeid=i","cat":293233},{"id":90667,"n":"Céréales Chocapic Nestlé Bio - 375g","p":3.48,"u":"9,28 €/KG","img":"https://fd13-photos.leclercdrive.fr/image.ashx?id=2997262&use=l&cat=p&typeid=i","cat":309513},{"id":90670,"n":"Muesli fruits bio sans sucres  ajoutés Terres et Céréales-1kg","p":4.99,"u":"4,99 €/KG","img":"https://fd13-photos.leclercdrive.fr/image.ashx?id=2858455&use=l&cat=p&typeid=i","cat":309512},{"id":90673,"n":"Pâte à tartiner Alter Eco Bio Sans huile de palme - 270g","p":3.71,"u":"13,74 €/KG","img":"https://fd13-photos.leclercdrive.fr/image.ashx?id=2264195&use=l&cat=p&typeid=i","cat":284481},{"id":90675,"n":"Crème dessert Mont Blanc Boîte Chocolat - 570g","p":2.38,"u":"4,18 €/KG","img":"https://fd13-photos.leclercdrive.fr/image.ashx?id=3011614&use=l&cat=p&typeid=i","cat":284506},{"id":90676,"n":"Crème dessert Mont Blanc Boîte Vanille - 570g","p":2.36,"u":"4,14 €/KG","img":"https://fd13-photos.leclercdrive.fr/image.ashx?id=3008830&use=l&cat=p&typeid=i","cat":284506},{"id":90682,"n":"Génoise P'tit Déli Fraise - 150g","p":1.41,"u":"9,40 €/KG","img":"https://fd13-photos.leclercdrive.fr/image.ashx?id=2482505&use=l&cat=p&typeid=i","cat":284489},{"id":90689,"n":"Lotus Biscoff Speculoos Biscuit Pocket 248g (16x2p)","p":2.32,"u":"9,35 €/KG","img":"https://fd13-photos.leclercdrive.fr/image.ashx?id=2694986&use=l&cat=p&typeid=i","cat":284487},{"id":90693,"n":"Chair et pattes de crabe Eco+ 121g","p":2.97,"u":"24,55 €/KG","img":"https://fd13-photos.leclercdrive.fr/image.ashx?id=2646985&use=l&cat=p&typeid=i","cat":305147},{"id":90697,"n":"Boisson Coco Végé 1L Végé - 200g","p":1.75,"u":"1,75 €/L","img":"https://fd13-photos.leclercdrive.fr/image.ashx?id=2331514&use=l&cat=p&typeid=i","cat":316067},{"id":90725,"n":"Infusion bio Clipper Vanille et saveur fraise - 40g","p":2.49,"u":"62,25 €/KG","img":"https://fd13-photos.leclercdrive.fr/image.ashx?id=2906751&use=l&cat=p&typeid=i","cat":293234},{"id":90727,"n":"Crok fondant tout chocolat bio  Terres et Céréales - 375g","p":4.98,"u":"13,28 €/KG","img":"https://fd13-photos.leclercdrive.fr/image.ashx?id=2672290&use=l&cat=p&typeid=i","cat":309513},{"id":90763,"n":"Shampooing Nat&Nove Bio Tous types de cheveux - 250ml","p":4.19,"u":"16,76 €/L","img":"https://fd13-photos.leclercdrive.fr/image.ashx?id=2583150&use=l&cat=p&typeid=i","cat":284606},{"id":90777,"n":"Crème visage La Provençale Bio Jouvence Anti-Âge - 50ml","p":7.68,"u":"153,60 €/L","img":"https://fd13-photos.leclercdrive.fr/image.ashx?id=2950357&use=l&cat=p&typeid=i","cat":325345},{"id":90810,"n":"Soupe Liquide Bouteille Liebig  Velouté 5 Légumes - 75cl","p":2.47,"u":"3,29 €/L","img":"https://fd13-photos.leclercdrive.fr/image.ashx?id=2842552&use=l&cat=p&typeid=i","cat":284462},{"id":90819,"n":"Soupe liquide Knorr Tomate Pointe de basilic - 45cl","p":2.45,"u":"5,44 €/L","img":"https://fd13-photos.leclercdrive.fr/image.ashx?id=2525989&use=l&cat=p&typeid=i","cat":284462},{"id":90822,"n":"Soupe liquide Knorr Légumes du potager - 45cl","p":2.19,"u":"4,87 €/L","img":"https://fd13-photos.leclercdrive.fr/image.ashx?id=2324357&use=l&cat=p&typeid=i","cat":284462},{"id":90887,"n":"Whisky Japonais Akashi blend Sous étui - 40% vol. - 50cl","p":30.57,"u":"61,14 €/L","img":"https://fd13-photos.leclercdrive.fr/image.ashx?id=2860508&use=l&cat=p&typeid=i","cat":284547},{"id":90905,"n":"Emmental 32% MG Bio Bio village - 250g","p":2.99,"u":"11,96 €/KG","img":"https://fd13-photos.leclercdrive.fr/image.ashx?id=2425351&use=l&cat=p&typeid=i","cat":314034},{"id":91019,"n":"Pastis de Marseille Sigale 45%vol. - 50cl","p":9.89,"u":"19,78 €/L","img":"https://fd13-photos.leclercdrive.fr/image.ashx?id=2637820&use=l&cat=p&typeid=i","cat":284548},{"id":91025,"n":"Pur Jus Bio Village Bio Grenade - 1L","p":4.87,"u":"4,87 €/L","img":"https://fd13-photos.leclercdrive.fr/image.ashx?id=2901545&use=l&cat=p&typeid=i","cat":284916},{"id":91026,"n":"Pur Jus d'orange Bio Village Bio Carotte Citron - 1L","p":2.89,"u":"2,89 €/L","img":"https://fd13-photos.leclercdrive.fr/image.ashx?id=2901557&use=l&cat=p&typeid=i","cat":284521},{"id":91176,"n":"Lait Démaquillant Nivea Visage&Yeux Camomille - 200ml","p":4.02,"u":"20,10 €/L","img":"https://fd13-photos.leclercdrive.fr/image.ashx?id=2836097&use=l&cat=p&typeid=i","cat":284603},{"id":91177,"n":"Démaquillant Yeux biphase Nivea Sensibles Waterproof - 125ml","p":2.85,"u":"22,80 €/L","img":"https://fd13-photos.leclercdrive.fr/image.ashx?id=2953944&use=l&cat=p&typeid=i","cat":284603},{"id":91178,"n":"Crème visage Jour FPS 15 Nivea Nourrissante Peau Sèche - 50ml","p":3.79,"u":"75,80 €/L","img":"https://fd13-photos.leclercdrive.fr/image.ashx?id=3014605&use=l&cat=p&typeid=i","cat":325345},{"id":91221,"n":"Pâtes Fusili Panzani Créatives - 500G","p":1.2,"u":"2,40 €/KG","img":"https://fd13-photos.leclercdrive.fr/image.ashx?id=2902942&use=l&cat=p&typeid=i","cat":284427},{"id":91231,"n":"Thé vert Twinings Framboise Passion x20 - 32g","p":2.76,"u":"86,25 €/KG","img":"https://fd13-photos.leclercdrive.fr/image.ashx?id=2893030&use=l&cat=p&typeid=i","cat":293233},{"id":91290,"n":"After Eight Chocolat Noël Saveur orange - 400g","p":8.18,"u":"20,45 €/KG","img":"https://fd13-photos.leclercdrive.fr/image.ashx?id=2401327&use=l&cat=p&typeid=i","cat":327595},{"id":91330,"n":"AOC Crémant de Bourgogne 1/2 sec - Veuve Ambal - 75cl","p":7.99,"pp":5.99,"u":"7,99 €/L","img":"https://fd13-photos.leclercdrive.fr/image.ashx?id=1737211&use=l&cat=p&typeid=i","cat":284545},{"id":91482,"n":"Riz Comptoir du Grain Champignons 2 min - 250g","p":1.22,"u":"4,88 €/KG","img":"https://fd13-photos.leclercdrive.fr/image.ashx?id=2856561&use=l&cat=p&typeid=i","cat":287600},{"id":91487,"n":"Bière Brewdog Elvis Juice  33cl","p":2.35,"u":"7,12 €/L","img":"https://fd13-photos.leclercdrive.fr/image.ashx?id=2941871&use=l&cat=p&typeid=i","cat":334872},{"id":91513,"n":"AOP Bordeaux Vin blanc La Grande Bastide - 3L","p":27.5,"u":"9,17 €/L","img":"https://fd13-photos.leclercdrive.fr/image.ashx?id=2109104&use=l&cat=p&typeid=i","cat":289560},{"id":91553,"n":"Quinoa Céréal Bio  Bio repas express 220g","p":2.09,"u":"9,50 €/KG","img":"https://fd13-photos.leclercdrive.fr/image.ashx?id=2575081&use=l&cat=p&typeid=i","cat":287600},{"id":91554,"n":"Blé Riz quinoa Céréal Bio  Bio repas express 220g","p":1.99,"u":"9,05 €/KG","img":"https://fd13-photos.leclercdrive.fr/image.ashx?id=2662844&use=l&cat=p&typeid=i","cat":287600},{"id":91557,"n":"Lentilles Riz Soja Céréal Bio Bio repas express-250g","p":1.95,"u":"7,80 €/KG","img":"https://fd13-photos.leclercdrive.fr/image.ashx?id=2575084&use=l&cat=p&typeid=i","cat":287600},{"id":91585,"n":"Bicarbonate de soude Briochin Ecocert - 500g","p":3.7,"u":"7,40 €/KG","img":"https://fd13-photos.leclercdrive.fr/image.ashx?id=3000749&use=l&cat=p&typeid=i","cat":325365},{"id":91603,"n":"Gel pur So Bio Etic Aloe Vera bio - 125ml","p":7.29,"u":"58,32 €/L","img":"https://fd13-photos.leclercdrive.fr/image.ashx?id=2802497&use=l&cat=p&typeid=i","cat":325345},{"id":91605,"n":"Soin nutritif So Bio Etic Aloe Vera bio - 50ml","p":7.19,"u":"143,80 €/L","img":"https://fd13-photos.leclercdrive.fr/image.ashx?id=2992128&use=l&cat=p&typeid=i","cat":325345},{"id":91776,"n":"Crème UHT Elle&Vire Semi-Ep. Entière - 30% MG - 3x20cl","p":4.11,"u":"6,85 €/L","img":"https://fd13-photos.leclercdrive.fr/image.ashx?id=2979866&use=l&cat=p&typeid=i","cat":284381},{"id":91805,"n":"petit suisse aux fruits danonino - 18x50g","p":3.55,"u":"3,94 €/KG","img":"https://fd13-photos.leclercdrive.fr/image.ashx?id=3003137&use=l&cat=p&typeid=i","cat":284414},{"id":91807,"n":"petit suisse aux fruits danonino - 12x50g","p":2.4,"u":"4,00 €/KG","img":"https://fd13-photos.leclercdrive.fr/image.ashx?id=3003140&use=l&cat=p&typeid=i","cat":284414},{"id":91812,"n":"Panés pois chiches feta Végé - 2x90g","p":1.88,"u":"10,44 €/KG","img":"https://fd13-photos.leclercdrive.fr/image.ashx?id=2865272&use=l&cat=p&typeid=i","cat":316036},{"id":91867,"n":"Desperados Mojito Pack 6x33cl","p":8.47,"u":"4,28 €/L","img":"https://fd13-photos.leclercdrive.fr/image.ashx?id=2651080&use=l&cat=p&typeid=i","cat":334878},{"id":91889,"n":"Mélange de fête Borde Champignon - 290g","p":9.99,"u":"34,45 €/KG","img":"https://fd13-photos.leclercdrive.fr/image.ashx?id=2289789&use=l&cat=p&typeid=i","cat":312610},{"id":91890,"n":"Champignons en bocal Borde Pour volaille - 290g","p":9.99,"u":"34,45 €/KG","img":"https://fd13-photos.leclercdrive.fr/image.ashx?id=2731084&use=l&cat=p&typeid=i","cat":312610},{"id":91891,"n":"Champignons en bocal Borde Pour gibier - 290g","p":9.99,"u":"34,45 €/KG","img":"https://fd13-photos.leclercdrive.fr/image.ashx?id=2731087&use=l&cat=p&typeid=i","cat":312610},{"id":92267,"n":"Soupe instantanée Royco  Indienne - 3x200ml","p":1.64,"u":"2,73 €/L","img":"https://fd13-photos.leclercdrive.fr/image.ashx?id=2650988&use=l&cat=p&typeid=i","cat":293527},{"id":92275,"n":"Asperges vertes Notre Jardin Pointes bocal - 100g","p":3.65,"u":"36,50 €/KG","img":"https://fd13-photos.leclercdrive.fr/image.ashx?id=2072716&use=l&cat=p&typeid=i","cat":312611},{"id":92351,"n":"Crème mains Inell Réparatrice - 100ml","p":1.45,"u":"14,50 €/L","img":"https://fd13-photos.leclercdrive.fr/image.ashx?id=2822135&use=l&cat=p&typeid=i","cat":325354},{"id":92356,"n":"Serviettes Hygieniques Vania  Maxi confort super - x16","p":2.03,"u":"0,13 €/P","img":"https://fd13-photos.leclercdrive.fr/image.ashx?id=2908168&use=l&cat=p&typeid=i","cat":284624},{"id":92452,"n":"Tomates cerises bio Bio Village 250g","p":1.48,"u":"5,92 €/KG","img":"https://fd13-photos.leclercdrive.fr/image.ashx?id=2960544&use=l&cat=p&typeid=i","cat":284352},{"id":92514,"n":"Colin Alaska Meunière Findus MSC - 250g","p":3.45,"u":"13,80 €/KG","img":"https://fd13-photos.leclercdrive.fr/image.ashx?id=2653747&use=l&cat=p&typeid=i","cat":319788},{"id":92516,"n":"Poélée Légume Wok Notre Jardin Inde - 1kg","p":3.99,"u":"3,99 €/KG","img":"https://fd13-photos.leclercdrive.fr/image.ashx?id=2803957&use=l&cat=p&typeid=i","cat":319823},{"id":92529,"n":"Échalotes traditionnelles bio  Bio Village - 250g","p":1.39,"u":"5,56 €/KG","img":"https://fd13-photos.leclercdrive.fr/image.ashx?id=2922454&use=l&cat=p&typeid=i","cat":284352},{"id":92532,"n":"Céréales Quaker Cruesli Chocolat - 900g","p":4.79,"u":"5,32 €/KG","img":"https://fd13-photos.leclercdrive.fr/image.ashx?id=2212153&use=l&cat=p&typeid=i","cat":309512},{"id":92533,"n":"Céréales Quaker Cruesli Chocolat au lait - 450g","p":2.9,"u":"6,44 €/KG","img":"https://fd13-photos.leclercdrive.fr/image.ashx?id=2212156&use=l&cat=p&typeid=i","cat":309512},{"id":92551,"n":"Pain de mie bio La Boulangère Farine complète - 280g","p":1.98,"u":"7,07 €/KG","img":"https://fd13-photos.leclercdrive.fr/image.ashx?id=2912416&use=l&cat=p&typeid=i","cat":284477},{"id":92702,"n":"Tomate ronde grappe Bio Village Bio - 500g","p":2.49,"u":"4,98 €/KG","img":"https://fd13-photos.leclercdrive.fr/image.ashx?id=2551996&use=l&cat=p&typeid=i","cat":284352},{"id":92715,"n":"Pochettes coins Esquisses Transparentes - x10","p":1.5,"u":"0,15 €/P","img":"https://fd13-photos.leclercdrive.fr/image.ashx?id=1700197&use=l&cat=p&typeid=i","cat":284745},{"id":92780,"n":"Bière blonde Heineken 6x25cl","p":4.36,"u":"2,91 €/L","img":"https://fd13-photos.leclercdrive.fr/image.ashx?id=3011077&use=l&cat=p&typeid=i","cat":334873},{"id":92782,"n":"Thé glacé Fuze Tea Saveur pêche - 1.25L","p":1.44,"u":"1,15 €/L","img":"https://fd13-photos.leclercdrive.fr/image.ashx?id=2940390&use=l&cat=p&typeid=i","cat":295019},{"id":92818,"n":"Tablette lave-vaisselle Rainett Tout en 1 Bicarbonate x30 -600g","p":4.96,"u":"8,27 €/KG","img":"https://fd13-photos.leclercdrive.fr/image.ashx?id=2506477&use=l&cat=p&typeid=i","cat":284656},{"id":92834,"n":"Chips extra Vico 6x30g","p":1.96,"u":"10,89 €/KG","img":"https://fd13-photos.leclercdrive.fr/image.ashx?id=2917816&use=l&cat=p&typeid=i","cat":284447},{"id":92835,"n":"Tuiles Chaque jour sans gluten Goût crème oignon - 170g","p":2.17,"u":"12,76 €/KG","img":"https://fd13-photos.leclercdrive.fr/image.ashx?id=2463407&use=l&cat=p&typeid=i","cat":318654},{"id":92836,"n":"Tuiles Chaque jour sans gluten Goût Paprika - 170g","p":2.12,"u":"12,47 €/KG","img":"https://fd13-photos.leclercdrive.fr/image.ashx?id=2824707&use=l&cat=p&typeid=i","cat":318654},{"id":92837,"n":"Tuiles Chaque jour sans gluten Goût salé - 170g","p":2.12,"u":"12,47 €/KG","img":"https://fd13-photos.leclercdrive.fr/image.ashx?id=2463410&use=l&cat=p&typeid=i","cat":318654},{"id":92861,"n":"Crème Visage Jour FPS 15 Nivea Hydratante - 50ml","p":3.87,"u":"77,40 €/L","img":"https://fd13-photos.leclercdrive.fr/image.ashx?id=3015335&use=l&cat=p&typeid=i","cat":325345},{"id":92908,"n":"Raclette Entremont Saveur d'antan - 700g","p":8.9,"u":"12,71 €/KG","img":"https://fd13-photos.leclercdrive.fr/image.ashx?id=2951752&use=l&cat=p&typeid=i","cat":314037},{"id":93022,"n":"Bière blonde Heineken 20x25cl","p":12.55,"u":"2,51 €/L","img":"https://fd13-photos.leclercdrive.fr/image.ashx?id=3011074&use=l&cat=p&typeid=i","cat":334873},{"id":93023,"n":"Bière blonde Heineken 12x25cl","p":7.51,"u":"2,50 €/L","img":"https://fd13-photos.leclercdrive.fr/image.ashx?id=3011080&use=l&cat=p&typeid=i","cat":334873},{"id":93029,"n":"Poireau bio Bio Village 750g","p":3.79,"u":"5,05 €/KG","img":"https://fd13-photos.leclercdrive.fr/image.ashx?id=2322956&use=l&cat=p&typeid=i","cat":284352},{"id":93030,"n":"Concombre Bio Bio Village x1","p":1.99,"img":"https://fd13-photos.leclercdrive.fr/image.ashx?id=2334257&use=l&cat=p&typeid=i","cat":284352},{"id":93031,"n":"Raclette nature Les croisés Sans croute - 700g","p":6.79,"u":"9,70 €/KG","img":"https://fd13-photos.leclercdrive.fr/image.ashx?id=2793263&use=l&cat=p&typeid=i","cat":314037},{"id":93032,"n":"Saucisson Justin Bridou Bâton de Berger Nature 250g","p":3.79,"u":"15,16 €/KG","img":"https://fd13-photos.leclercdrive.fr/image.ashx?id=2921313&use=l&cat=p&typeid=i","cat":316006},{"id":93033,"n":"Saucisson Fuet César Moroni  170g","p":2.99,"u":"17,59 €/KG","img":"https://fd13-photos.leclercdrive.fr/image.ashx?id=2916138&use=l&cat=p&typeid=i","cat":316006},{"id":93036,"n":"Rosette tranchée Cochonou  10 tranches - 93g","p":1.89,"u":"20,32 €/KG","img":"https://fd13-photos.leclercdrive.fr/image.ashx?id=2924107&use=l&cat=p&typeid=i","cat":316007},{"id":93037,"n":"Saucisson sec Tranché Cochonou 30 tranches - 93g","p":1.65,"u":"17,74 €/KG","img":"https://fd13-photos.leclercdrive.fr/image.ashx?id=2924104&use=l&cat=p&typeid=i","cat":316007},{"id":93041,"n":"Fromage Caprice Des Dieux 300g","p":3.87,"u":"12,90 €/KG","img":"https://fd13-photos.leclercdrive.fr/image.ashx?id=2763178&use=l&cat=p&typeid=i","cat":314033},{"id":93071,"n":"Champignons de Paris blancs Bio Bio Village - 200g","p":2.39,"u":"11,95 €/KG","img":"https://fd13-photos.leclercdrive.fr/image.ashx?id=2960550&use=l&cat=p&typeid=i","cat":284352},{"id":93097,"n":"Plateau pour Raclette NRT IGP  800g","p":15.5,"u":"19,38 €/KG","img":"https://fd13-photos.leclercdrive.fr/image.ashx?id=1961985&use=l&cat=p&typeid=i","cat":314037},{"id":93105,"n":"Skyr danone  nature 0%mg - 2x140g","p":2.15,"u":"7,68 €/KG","img":"https://fd13-photos.leclercdrive.fr/image.ashx?id=2810606&use=l&cat=p&typeid=i","cat":284409},{"id":93109,"n":"Bière Desperados Pack de 6x33cl","p":7.11,"u":"3,59 €/L","img":"https://fd13-photos.leclercdrive.fr/image.ashx?id=2999865&use=l&cat=p&typeid=i","cat":334878},{"id":93110,"n":"Epinards hachés à la crème Bio Bio Village - 600g","p":2.1,"u":"3,50 €/KG","img":"https://fd13-photos.leclercdrive.fr/image.ashx?id=2898077&use=l&cat=p&typeid=i","cat":319805},{"id":93111,"n":"Camembert Le Rustique  250g","p":2.37,"u":"9,48 €/KG","img":"https://fd13-photos.leclercdrive.fr/image.ashx?id=2979722&use=l&cat=p&typeid=i","cat":314033},{"id":93112,"n":"Coulommiers Cœur de Lion  350g","p":2.59,"u":"7,40 €/KG","img":"https://fd13-photos.leclercdrive.fr/image.ashx?id=2766286&use=l&cat=p&typeid=i","cat":314033},{"id":93121,"n":"Escalope Cordon Bleu Père Dodu  Dinde x4 - 400g - Familial","p":5.15,"u":"12,88 €/KG","img":"https://fd13-photos.leclercdrive.fr/image.ashx?id=2957206&use=l&cat=p&typeid=i","cat":333683},{"id":93210,"n":"Suprêmes soufflés Saint-Jean Nature x4 - 480g","p":3.43,"u":"7,15 €/KG","img":"https://fd13-photos.leclercdrive.fr/image.ashx?id=2446719&use=l&cat=p&typeid=i","cat":333682},{"id":93211,"n":"Suprêmes soufflés brochet x4 - 480g","p":3.87,"u":"8,06 €/KG","img":"https://fd13-photos.leclercdrive.fr/image.ashx?id=2446722&use=l&cat=p&typeid=i","cat":333682},{"id":93243,"n":"Dissolvant Inell Semi-permanent - 150ml","p":1.42,"u":"9,47 €/L","img":"https://fd13-photos.leclercdrive.fr/image.ashx?id=2691682&use=l&cat=p&typeid=i","cat":325347},{"id":93244,"n":"Sauce bolognaise Panzani 425g","p":1.82,"u":"4,28 €/KG","img":"https://fd13-photos.leclercdrive.fr/image.ashx?id=2989096&use=l&cat=p&typeid=i","cat":287599},{"id":93246,"n":"Assortiment Copains Copines Fraises bananes - 250g","p":1.19,"u":"4,76 €/KG","img":"https://fd13-photos.leclercdrive.fr/image.ashx?id=2934724&use=l&cat=p&typeid=i","cat":304250},{"id":93260,"n":"Biscuits Calèche LU Sélection gourmande - 250g","p":3.76,"u":"15,04 €/KG","img":"https://fd13-photos.leclercdrive.fr/image.ashx?id=1916631&use=l&cat=p&typeid=i","cat":284490},{"id":93300,"n":"Arrangé Isautier Cahouète  17% vol  - 50cl","p":17.69,"u":"35,38 €/L","img":"https://fd13-photos.leclercdrive.fr/image.ashx?id=2675427&use=l&cat=p&typeid=i","cat":284551},{"id":93303,"n":"Arrangé Isautier Café vanille  40% vol - 50cl","p":17.95,"u":"35,90 €/L","img":"https://fd13-photos.leclercdrive.fr/image.ashx?id=2527937&use=l&cat=p&typeid=i","cat":284551},{"id":93305,"n":"Arrangé Isautier Gingembre Citron 40° - 50cl","p":16.24,"u":"32,48 €/L","img":"https://fd13-photos.leclercdrive.fr/image.ashx?id=2322193&use=l&cat=p&typeid=i","cat":284551},{"id":93318,"n":"Vin de France Pinot Noir Bouchard Ainé et Fils - 75cl","p":5.95,"u":"7,93 €/L","img":"https://fd13-photos.leclercdrive.fr/image.ashx?id=2916105&use=l&cat=p&typeid=i","cat":289556},{"id":93348,"n":"Assortiment 26%mg Les croisés 3 Variétés ss croûte - 700g","p":9.74,"u":"13,91 €/KG","img":"https://fd13-photos.leclercdrive.fr/image.ashx?id=2468861&use=l&cat=p&typeid=i","cat":314037},{"id":93401,"n":"Bière blonde pression Heineken Fût de 5L","p":17.94,"u":"3,59 €/L","img":"https://fd13-photos.leclercdrive.fr/image.ashx?id=2646194&use=l&cat=p&typeid=i","cat":334879},{"id":93402,"n":"Bière Blonde Heineken 5% vol - 65cl","p":1.8,"u":"2,77 €/L","img":"https://fd13-photos.leclercdrive.fr/image.ashx?id=3008119&use=l&cat=p&typeid=i","cat":334873},{"id":93403,"n":"Bières Desperados 6x33cl","p":7.58,"u":"3,83 €/L","img":"https://fd13-photos.leclercdrive.fr/image.ashx?id=2977963&use=l&cat=p&typeid=i","cat":334853},{"id":93405,"n":"IGP Pays d'Oc Grenache vin rosé Vieux Carion 12% vol - BIB 3L","p":7.99,"u":"2,66 €/L","img":"https://fd13-photos.leclercdrive.fr/image.ashx?id=2892352&use=l&cat=p&typeid=i","cat":289560},{"id":93624,"n":"Papier toilette Mimosa Blanc 3 plis - x12","p":4.61,"u":"0,38 €/P","img":"https://fd13-photos.leclercdrive.fr/image.ashx?id=1520631&use=l&cat=p&typeid=i","cat":284634},{"id":93631,"n":"Graines de tournesol Eco+ 2.5kg","p":3.5,"u":"1,40 €/KG","img":"https://fd13-photos.leclercdrive.fr/image.ashx?id=2162123&use=l&cat=p&typeid=i","cat":284678},{"id":93705,"n":"Pulpe de tomates Sacla Bio - 680g","p":2.2,"u":"3,24 €/KG","img":"https://fd13-photos.leclercdrive.fr/image.ashx?id=2507089&use=l&cat=p&typeid=i","cat":288384},{"id":93728,"n":"Clémentine à déguster bio Bio Village Sachet 750g","p":2.99,"u":"3,99 €/KG","img":"https://fd13-photos.leclercdrive.fr/image.ashx?id=2801058&use=l&cat=p&typeid=i","cat":284356},{"id":93750,"n":"Ratatouille Cuisinée Cassegrain à la Provençale 380g","p":2.84,"u":"7,47 €/KG","img":"https://fd13-photos.leclercdrive.fr/image.ashx?id=2970831&use=l&cat=p&typeid=i","cat":312612},{"id":93776,"n":"Sauce tomate bio Jardin Bio Provençale - 510g","p":3.64,"u":"7,14 €/KG","img":"https://fd13-photos.leclercdrive.fr/image.ashx?id=2977435&use=l&cat=p&typeid=i","cat":287599},{"id":93785,"n":"Nettoyant pour vitres TECH9 500ml","p":2.9,"u":"5,80 €/L","img":"https://fd13-photos.leclercdrive.fr/image.ashx?id=2162447&use=l&cat=p&typeid=i","cat":298252},{"id":93788,"n":"Escalope Cordon Bleu Père Dodu  Poulet x2 - 200g","p":2.2,"u":"11,00 €/KG","img":"https://fd13-photos.leclercdrive.fr/image.ashx?id=2957170&use=l&cat=p&typeid=i","cat":333683},{"id":93814,"n":"Nettoyant Plastique TECH9 Brillant Senteur Vanille -400ml","p":3.99,"u":"9,98 €/L","img":"https://fd13-photos.leclercdrive.fr/image.ashx?id=2162435&use=l&cat=p&typeid=i","cat":298252},{"id":93815,"n":"Efface rayures universel TECH9 100ml","p":2.6,"u":"26,00 €/L","img":"https://fd13-photos.leclercdrive.fr/image.ashx?id=2162465&use=l&cat=p&typeid=i","cat":298252},{"id":93822,"n":"Nettoyant Plastique TECH9 Brillant Senteur Agrumes -400ml","p":3.99,"u":"9,98 €/L","img":"https://fd13-photos.leclercdrive.fr/image.ashx?id=2162438&use=l&cat=p&typeid=i","cat":298252},{"id":93842,"n":"Coton rectangle bébé Eco+ x200","p":3.99,"u":"0,02 €/P","img":"https://fd13-photos.leclercdrive.fr/image.ashx?id=2869760&use=l&cat=p&typeid=i","cat":284739},{"id":93851,"n":"Petit Pois Tendres et Fondants Cassegrain 280g","p":1.86,"u":"6,64 €/KG","img":"https://fd13-photos.leclercdrive.fr/image.ashx?id=2955318&use=l&cat=p&typeid=i","cat":312607},{"id":93855,"n":"Nettoyant plastique TECH9 Mat Senteur Neuf - 400ml","p":3.99,"u":"9,98 €/L","img":"https://fd13-photos.leclercdrive.fr/image.ashx?id=2162429&use=l&cat=p&typeid=i","cat":298252},{"id":93857,"n":"Répare crevaison TECH9 500ml","p":6.9,"u":"13,80 €/L","img":"https://fd13-photos.leclercdrive.fr/image.ashx?id=2162489&use=l&cat=p&typeid=i","cat":298252},{"id":93860,"n":"Viande hachée bio- Bio Village  15%mg - 400g","p":8.15,"u":"20,38 €/KG","img":"https://fd13-photos.leclercdrive.fr/image.ashx?id=2946478&use=l&cat=p&typeid=i","cat":319779},{"id":94052,"n":"Haricot Vert Cassegrain Extra Fin Ceuillis main 220g","p":2.08,"u":"9,45 €/KG","img":"https://fd13-photos.leclercdrive.fr/image.ashx?id=2955321&use=l&cat=p&typeid=i","cat":312606},{"id":94053,"n":"Gaufrette P'tit Déli Fraise des bois - 160g","p":1.52,"u":"9,50 €/KG","img":"https://fd13-photos.leclercdrive.fr/image.ashx?id=2915299&use=l&cat=p&typeid=i","cat":284489},{"id":94164,"n":"Fromage Crèmeux Saint Albray  200g","p":2.93,"u":"14,65 €/KG","img":"https://fd13-photos.leclercdrive.fr/image.ashx?id=2731825&use=l&cat=p&typeid=i","cat":329558},{"id":94189,"n":"Sachet chat sénior Perfect Fit dinde poisson sauce - 4x85g","p":3.25,"u":"9,56 €/KG","img":"https://fd13-photos.leclercdrive.fr/image.ashx?id=2759730&use=l&cat=p&typeid=i","cat":285286},{"id":94194,"n":"Sachet chat stérilisé Perfect Fit poulet saumon sauce - 4x85g","p":3.11,"u":"36,59 €/KG","img":"https://fd13-photos.leclercdrive.fr/image.ashx?id=2759733&use=l&cat=p&typeid=i","cat":285286},{"id":94309,"n":"Croquettes chat stérilisé D’intérieur Ultima - 3kg","p":14.01,"u":"4,67 €/KG","img":"https://fd13-photos.leclercdrive.fr/image.ashx?id=2922230&use=l&cat=p&typeid=i","cat":284680},{"id":94324,"n":"Rôti de porc Fleury Michon -25% de sel sans nitrite x6 - 210g","p":3.99,"u":"19,00 €/KG","img":"https://fd13-photos.leclercdrive.fr/image.ashx?id=2335505&use=l&cat=p&typeid=i","cat":316009},{"id":94328,"n":"Jambon Supérieur Fleury Michon -25% sel avec couenne x4 - 160g","p":3.79,"u":"23,69 €/KG","img":"https://fd13-photos.leclercdrive.fr/image.ashx?id=2886864&use=l&cat=p&typeid=i","cat":316009},{"id":94383,"n":"Désodorisant Air Wick Fleur de lotus Relaxant - 250ml","p":3.25,"u":"13,00 €/L","img":"https://fd13-photos.leclercdrive.fr/image.ashx?id=2971930&use=l&cat=p&typeid=i","cat":311626},{"id":94486,"n":"Crackers Epi D'or 250g","p":1.28,"u":"5,12 €/KG","img":"https://fd13-photos.leclercdrive.fr/image.ashx?id=2791326&use=l&cat=p&typeid=i","cat":297000},{"id":94635,"n":"Brasse végétal nature Andros 4x100g","p":2.71,"u":"6,78 €/KG","img":"https://fd13-photos.leclercdrive.fr/image.ashx?id=2872012&use=l&cat=p&typeid=i","cat":316071},{"id":94643,"n":"Brassé végétal Andros Framboise - 400g","p":2.56,"u":"6,40 €/KG","img":"https://fd13-photos.leclercdrive.fr/image.ashx?id=2879089&use=l&cat=p&typeid=i","cat":316071},{"id":94654,"n":"Yaourt bifidus Activia Vanille - 16x125g","p":5.39,"u":"2,70 €/KG","img":"https://fd13-photos.leclercdrive.fr/image.ashx?id=2741775&use=l&cat=p&typeid=i","cat":315000},{"id":94801,"n":"Oeufs frais De Nos Régions Élevées au Sol - x12","p":2.71,"u":"0,23 €/P","img":"https://fd13-photos.leclercdrive.fr/image.ashx?id=2969839&use=l&cat=p&typeid=i","cat":284378},{"id":94853,"n":"Oeufs frais plein air Bio Bio village - x4","p":1.9,"u":"0,48 €/P","img":"https://fd13-photos.leclercdrive.fr/image.ashx?id=1519100&use=l&cat=p&typeid=i","cat":284378},{"id":94856,"n":"Oeufs frais plein air Oméga 3 - x20","p":4.55,"u":"0,23 €/P","img":"https://fd13-photos.leclercdrive.fr/image.ashx?id=2935540&use=l&cat=p&typeid=i","cat":284378},{"id":94859,"n":"Yaourt à la grecque YAOS  Stracciatella - 4x125g","p":2.47,"u":"4,94 €/KG","img":"https://fd13-photos.leclercdrive.fr/image.ashx?id=2679506&use=l&cat=p&typeid=i","cat":314999},{"id":94860,"n":"Oeufs frais De Nos Régions Élevées au sol - x6","p":1.49,"u":"0,25 €/P","img":"https://fd13-photos.leclercdrive.fr/image.ashx?id=2969824&use=l&cat=p&typeid=i","cat":284378},{"id":95008,"n":"Mini tablettes chocolat Milka Chocolat au lait - 8x25g","p":3.46,"u":"17,30 €/KG","img":"https://fd13-photos.leclercdrive.fr/image.ashx?id=2832419&use=l&cat=p&typeid=i","cat":284497},{"id":95077,"n":"Gel anti-calcaire Calgon  Hygiène Plus - 750ml","p":4.8,"u":"6,40 €/L","img":"https://fd13-photos.leclercdrive.fr/image.ashx?id=2953767&use=l&cat=p&typeid=i","cat":284653},{"id":95507,"n":"Risotto au Poulet & Cèpes Fleury Michon 2+1offert - 840g","p":5.47,"u":"6,51 €/KG","img":"https://fd13-photos.leclercdrive.fr/image.ashx?id=2246818&use=l&cat=p&typeid=i","cat":333665},{"id":95524,"n":"Essuie-tout bobine Mimosa 500 feuilles","p":3.7,"img":"https://fd13-photos.leclercdrive.fr/image.ashx?id=1523297&use=l&cat=p&typeid=i","cat":284635},{"id":95535,"n":"Saumon fumé ASC Ronde des Mers Norvège x4T - 140g","p":4.99,"u":"35,64 €/KG","img":"https://fd13-photos.leclercdrive.fr/image.ashx?id=2832999&use=l&cat=p&typeid=i","cat":285188},{"id":95563,"n":"Crème Fleurette entière Yoplait 30%mg - 38cl","p":2.09,"img":"https://fd13-photos.leclercdrive.fr/image.ashx?id=2733658&use=l&cat=p&typeid=i","cat":284381},{"id":95564,"n":"Crème fraîche légère Yoplait Fleurette 15% mg - 38cl","p":1.8,"u":"4,74 €/L","img":"https://fd13-photos.leclercdrive.fr/image.ashx?id=2733664&use=l&cat=p&typeid=i","cat":284381},{"id":95584,"n":"Dentifrice dentavie Bio Gencives sensibles - 75ml","p":3.59,"u":"47,87 €/L","img":"https://fd13-photos.leclercdrive.fr/image.ashx?id=2494764&use=l&cat=p&typeid=i","cat":284612},{"id":95623,"n":"AOP Champagne Brut Demoiselle Vranken - 75cl","p":26.08,"u":"34,77 €/L","img":"https://fd13-photos.leclercdrive.fr/image.ashx?id=2203988&use=l&cat=p&typeid=i","cat":284542},{"id":95815,"n":"Dessert végétal soja alpro Vanille - 500g","p":1.81,"u":"3,62 €/KG","img":"https://fd13-photos.leclercdrive.fr/image.ashx?id=2977672&use=l&cat=p&typeid=i","cat":316071},{"id":95840,"n":"Orange à déguster bio Bio Village Sachet x4","p":2.79,"u":"0,70 €/P","img":"https://fd13-photos.leclercdrive.fr/image.ashx?id=2801061&use=l&cat=p&typeid=i","cat":284356},{"id":95946,"n":"Pommes vertes Panier du Primeur Barquette x6","p":2.49,"u":"0,42 €/P","img":"https://fd13-photos.leclercdrive.fr/image.ashx?id=2338703&use=l&cat=p&typeid=i","cat":284356},{"id":95947,"n":"Pommes jaunes Panier du Primeur x6","p":2.49,"u":"0,42 €/P","img":"https://fd13-photos.leclercdrive.fr/image.ashx?id=2338700&use=l&cat=p&typeid=i","cat":284356},{"id":95973,"n":"Eau minérale naturelle Evian  6x1,5l","p":3.36,"u":"0,37 €/L","img":"https://fd13-photos.leclercdrive.fr/image.ashx?id=2967717&use=l&cat=p&typeid=i","cat":284535},{"id":95974,"n":"Bière blonde Bud 5% - 12x25cl","p":8.25,"u":"2,75 €/L","img":"https://fd13-photos.leclercdrive.fr/image.ashx?id=2995406&use=l&cat=p&typeid=i","cat":334873},{"id":95975,"n":"Liquide vaisselle Visior Pomme poire - 750ml","p":1.19,"u":"1,59 €/L","img":"https://fd13-photos.leclercdrive.fr/image.ashx?id=1979269&use=l&cat=p&typeid=i","cat":284655},{"id":95976,"n":"Liquide vaisselle Visior Fruit rouge & Fleur - 750ml","p":1.19,"u":"1,59 €/L","img":"https://fd13-photos.leclercdrive.fr/image.ashx?id=2724586&use=l&cat=p&typeid=i","cat":284655},{"id":95978,"n":"Liquide vaisselle Visior Pamplemousse vinaigre - 750ml","p":1.3,"u":"1,73 €/L","img":"https://fd13-photos.leclercdrive.fr/image.ashx?id=1995827&use=l&cat=p&typeid=i","cat":284655},{"id":95979,"n":"Gel douche Manava Orchidée Camélia - 250ml","p":1.15,"u":"4,60 €/L","img":"https://fd13-photos.leclercdrive.fr/image.ashx?id=2805033&use=l&cat=p&typeid=i","cat":284594},{"id":96057,"n":"Café grains Méo Espresso - 1kg","p":15.25,"u":"15,25 €/KG","img":"https://fd13-photos.leclercdrive.fr/image.ashx?id=2593977&use=l&cat=p&typeid=i","cat":293237},{"id":96060,"n":"Chili con carné Bio Village Bio - 300g","p":3.49,"u":"11,63 €/KG","img":"https://fd13-photos.leclercdrive.fr/image.ashx?id=2437199&use=l&cat=p&typeid=i","cat":284953},{"id":96089,"n":"Gel douche Manava Citron basilic - 250ml","p":1.15,"u":"4,60 €/L","img":"https://fd13-photos.leclercdrive.fr/image.ashx?id=2626823&use=l&cat=p&typeid=i","cat":284594},{"id":96091,"n":"Gel douche Manava Concombre aloe vera - 250ml","p":1.18,"u":"4,72 €/L","img":"https://fd13-photos.leclercdrive.fr/image.ashx?id=2626826&use=l&cat=p&typeid=i","cat":284594},{"id":96094,"n":"Gel douche Manava Mangue Acai - 250ml","p":1.15,"u":"4,60 €/L","img":"https://fd13-photos.leclercdrive.fr/image.ashx?id=2805036&use=l&cat=p&typeid=i","cat":284594},{"id":96095,"n":"Gel douche Manava Envolée de pétales - 250ml","p":1.15,"u":"4,60 €/L","img":"https://fd13-photos.leclercdrive.fr/image.ashx?id=1980232&use=l&cat=p&typeid=i","cat":284594},{"id":96096,"n":"Gel douche Manava Crumble fruits rouges - 250ml","p":1.29,"u":"5,16 €/L","img":"https://fd13-photos.leclercdrive.fr/image.ashx?id=2486464&use=l&cat=p&typeid=i","cat":284594},{"id":96097,"n":"Gel douche Manava Noisettes caramel - 250ml","p":1.3,"u":"5,20 €/L","img":"https://fd13-photos.leclercdrive.fr/image.ashx?id=2805039&use=l&cat=p&typeid=i","cat":284594},{"id":96131,"n":"Soda Eco+ Gout orange - 1.5L","p":0.37,"u":"0,25 €/L","img":"https://fd13-photos.leclercdrive.fr/image.ashx?id=2741595&use=l&cat=p&typeid=i","cat":284532},{"id":96284,"n":"Pois chiches - 3x130g","p":1.65,"u":"4,23 €/KG","img":"https://fd13-photos.leclercdrive.fr/image.ashx?id=3002626&use=l&cat=p&typeid=i","cat":312609},{"id":96287,"n":"Café San Marco Grains n°7 - 500g","p":11.39,"u":"22,78 €/KG","img":"https://fd13-photos.leclercdrive.fr/image.ashx?id=2322163&use=l&cat=p&typeid=i","cat":293237},{"id":96288,"n":"Donuts noisette Curly  100g","p":1.2,"u":"12,00 €/KG","img":"https://fd13-photos.leclercdrive.fr/image.ashx?id=2859398&use=l&cat=p&typeid=i","cat":284449},{"id":96289,"n":"Biscuit apéritif ancel Sticks Bretzels Original - 300g","p":1.81,"u":"6,03 €/KG","img":"https://fd13-photos.leclercdrive.fr/image.ashx?id=2841196&use=l&cat=p&typeid=i","cat":297000},{"id":96398,"n":"Compote Cool pomme banane bio Vitabio - 12x90g","p":8.0,"u":"7,41 €/KG","img":"https://fd13-photos.leclercdrive.fr/image.ashx?id=2621420&use=l&cat=p&typeid=i","cat":284508},{"id":96429,"n":"Plats Bio Poulet Bio Village Olives, boulgour quinoa - 300g","p":4.76,"u":"15,87 €/KG","img":"https://fd13-photos.leclercdrive.fr/image.ashx?id=2817169&use=l&cat=p&typeid=i","cat":284953},{"id":96455,"n":"Soupe nouilles cup Yum Yum Saveur poulet - 70g","p":1.2,"u":"17,14 €/KG","img":"https://fd13-photos.leclercdrive.fr/image.ashx?id=2888563&use=l&cat=p&typeid=i","cat":288992},{"id":96457,"n":"Soupe nouilles cup Yum Yum Saveur crevette - 70g","p":1.2,"u":"17,14 €/KG","img":"https://fd13-photos.leclercdrive.fr/image.ashx?id=2922320&use=l&cat=p&typeid=i","cat":288992},{"id":96563,"n":"Soufflés Monster Munch Barbecue - 2x100g","p":2.35,"u":"11,75 €/KG","img":"https://fd13-photos.leclercdrive.fr/image.ashx?id=2918787&use=l&cat=p&typeid=i","cat":284449},{"id":96566,"n":"Soufflés Monster Munch Ketchup - 2x100g","p":1.57,"u":"7,85 €/KG","img":"https://fd13-photos.leclercdrive.fr/image.ashx?id=2918790&use=l&cat=p&typeid=i","cat":284449},{"id":96571,"n":"Soufflés Monster Munch Salé - 2x100g","p":1.51,"u":"7,55 €/KG","img":"https://fd13-photos.leclercdrive.fr/image.ashx?id=2920549&use=l&cat=p&typeid=i","cat":284449},{"id":96601,"n":"Dosettes Café Carte Noire  Arabica Espresso n°8 x60 - 420g","p":9.45,"u":"22,50 €/KG","img":"https://fd13-photos.leclercdrive.fr/image.ashx?id=2922188&use=l&cat=p&typeid=i","cat":293238},{"id":96832,"n":"Mini viennoiseries Epi d'Or x12 - 372g","p":4.23,"u":"11,37 €/KG","img":"https://fd13-photos.leclercdrive.fr/image.ashx?id=1879302&use=l&cat=p&typeid=i","cat":288858},{"id":96938,"n":"Saumon fumé Ronde des Mers ASC Norvège x6T - 210g","p":8.5,"u":"40,48 €/KG","img":"https://fd13-photos.leclercdrive.fr/image.ashx?id=2833132&use=l&cat=p&typeid=i","cat":285188},{"id":96939,"n":"Emincés Saumon Bio Bio Village 100g","p":5.55,"u":"55,50 €/KG","img":"https://fd13-photos.leclercdrive.fr/image.ashx?id=2954118&use=l&cat=p&typeid=i","cat":285188},{"id":96959,"n":"Pains au chocolat Epi d'Or x6 - 450g","p":2.95,"u":"6,56 €/KG","img":"https://fd13-photos.leclercdrive.fr/image.ashx?id=1983598&use=l&cat=p&typeid=i","cat":284267},{"id":96964,"n":"Merguez Eco+ x6 - 330g","p":3.01,"u":"9,12 €/KG","img":"https://fd13-photos.leclercdrive.fr/image.ashx?id=2580502&use=l&cat=p&typeid=i","cat":284334},{"id":96966,"n":"Chipolatas Eco+ x6 - 330g","p":2.5,"u":"7,58 €/KG","img":"https://fd13-photos.leclercdrive.fr/image.ashx?id=2580499&use=l&cat=p&typeid=i","cat":284334},{"id":96970,"n":"Feuilletés Epinards Chèvre Côté Table - 2x150g","p":3.09,"u":"10,30 €/KG","img":"https://fd13-photos.leclercdrive.fr/image.ashx?id=2846523&use=l&cat=p&typeid=i","cat":333671},{"id":97033,"n":"Gel Bain douche Manava Fleur de cerisier - 500ml","p":1.88,"u":"3,76 €/L","img":"https://fd13-photos.leclercdrive.fr/image.ashx?id=2618356&use=l&cat=p&typeid=i","cat":284594},{"id":97045,"n":"Thon entier Petit Navire Au naturel - 2x93g","p":3.18,"u":"17,10 €/KG","img":"https://fd13-photos.leclercdrive.fr/image.ashx?id=2961837&use=l&cat=p&typeid=i","cat":303867},{"id":97059,"n":"Poulet au curry bio Bio Village Riz quinoa sarrasin - 300g","p":2.99,"u":"9,97 €/KG","img":"https://fd13-photos.leclercdrive.fr/image.ashx?id=2622028&use=l&cat=p&typeid=i","cat":284953},{"id":97135,"n":"Lait bio Bio Village Brique Demi-écrémé UHT -  6x1L","p":6.3,"u":"1,05 €/L","img":"https://fd13-photos.leclercdrive.fr/image.ashx?id=2970030&use=l&cat=p&typeid=i","cat":284377},{"id":97359,"n":"Gyoza crevettes Ajinomoto Avec sauce soja  - 212g","p":4.34,"u":"20,47 €/KG","img":"https://fd13-photos.leclercdrive.fr/image.ashx?id=2590279&use=l&cat=p&typeid=i","cat":319774},{"id":97360,"n":"Gyoza Ajinomoto Poulet & légumes - 212g","p":4.36,"u":"20,57 €/KG","img":"https://fd13-photos.leclercdrive.fr/image.ashx?id=2590327&use=l&cat=p&typeid=i","cat":319774},{"id":97362,"n":"Gyoza Ajinomoto Légumes avec sauce soja - 212g","p":3.3,"u":"15,57 €/KG","img":"https://fd13-photos.leclercdrive.fr/image.ashx?id=2590330&use=l&cat=p&typeid=i","cat":319774},{"id":97662,"n":"Thé vert Twinings Menthe x25 - 38g","p":2.53,"u":"66,58 €/KG","img":"https://fd13-photos.leclercdrive.fr/image.ashx?id=2906763&use=l&cat=p&typeid=i","cat":293233},{"id":97667,"n":"Thé russian Twinings Earl grey x20 - 30g","p":2.56,"u":"85,33 €/KG","img":"https://fd13-photos.leclercdrive.fr/image.ashx?id=2878306&use=l&cat=p&typeid=i","cat":293233},{"id":97671,"n":"Thé russian Earl Grey Twinings 150g","p":6.53,"u":"43,53 €/KG","img":"https://fd13-photos.leclercdrive.fr/image.ashx?id=2950729&use=l&cat=p&typeid=i","cat":293233},{"id":97677,"n":"Thé Twinings English breakfast x25 - 40g","p":2.8,"u":"70,00 €/KG","img":"https://fd13-photos.leclercdrive.fr/image.ashx?id=2893027&use=l&cat=p&typeid=i","cat":293233},{"id":97678,"n":"Céréales Jordans Country Crisp 4 Baies - 550g","p":3.26,"u":"5,93 €/KG","img":"https://fd13-photos.leclercdrive.fr/image.ashx?id=2997205&use=l&cat=p&typeid=i","cat":309512},{"id":97938,"n":"Biscuits aux amandes Kambly Tradition Suisse Rocher - 2x80g","p":5.77,"u":"36,06 €/KG","img":"https://fd13-photos.leclercdrive.fr/image.ashx?id=2181029&use=l&cat=p&typeid=i","cat":284490},{"id":98098,"n":"Liquide vaisselle Visior Antiodeur - 500ml","p":0.64,"u":"1,28 €/L","img":"https://fd13-photos.leclercdrive.fr/image.ashx?id=2951122&use=l&cat=p&typeid=i","cat":284655},{"id":98251,"n":"Liquide Vaisselle Brillance  VISIOR - 500ml","p":0.64,"u":"1,28 €/L","img":"https://fd13-photos.leclercdrive.fr/image.ashx?id=2951125&use=l&cat=p&typeid=i","cat":284655},{"id":98252,"n":"Liquide vaisselle Visior Antibactérien - 500ml","p":0.64,"u":"1,28 €/L","img":"https://fd13-photos.leclercdrive.fr/image.ashx?id=2951131&use=l&cat=p&typeid=i","cat":284655},{"id":98253,"n":"Liquide vaisselle Visior Désincrustant sel - 500ml","p":0.64,"u":"1,28 €/L","img":"https://fd13-photos.leclercdrive.fr/image.ashx?id=2951128&use=l&cat=p&typeid=i","cat":284655},{"id":98417,"n":"Liquide vaisselle floral Visior 500ml","p":0.64,"u":"1,28 €/L","img":"https://fd13-photos.leclercdrive.fr/image.ashx?id=2951134&use=l&cat=p&typeid=i","cat":284655},{"id":98422,"n":"Pavés de Saumon Bio Bio Village 200g","p":8.59,"u":"42,95 €/KG","img":"https://fd13-photos.leclercdrive.fr/image.ashx?id=2953737&use=l&cat=p&typeid=i","cat":319786},{"id":98475,"n":"Blé soja haricots Céréal Bio  Façon Chili bio -220g","p":1.96,"u":"8,91 €/KG","img":"https://fd13-photos.leclercdrive.fr/image.ashx?id=2575096&use=l&cat=p&typeid=i","cat":287600},{"id":98499,"n":"Saumon fumé Petit Navire Ecosse - 4 tranches - 120g","p":6.71,"u":"55,92 €/KG","img":"https://fd13-photos.leclercdrive.fr/image.ashx?id=2950474&use=l&cat=p&typeid=i","cat":285188},{"id":98564,"n":"Foie gras de canard mi-cuit en terrine - 200g","p":15.97,"u":"79,85 €/KG","img":"https://fd13-photos.leclercdrive.fr/image.ashx?id=2631159&use=l&cat=p&typeid=i","cat":316008},{"id":98566,"n":"Foie gras canard entier mi-cuit au poivre - IGP sud ouest 200g","p":15.97,"u":"79,85 €/KG","img":"https://fd13-photos.leclercdrive.fr/image.ashx?id=2600728&use=l&cat=p&typeid=i","cat":316008},{"id":98568,"n":"Foie gras canard entier  Du Sud-Ouest au piment - 200g","p":15.97,"u":"79,85 €/KG","img":"https://fd13-photos.leclercdrive.fr/image.ashx?id=2631162&use=l&cat=p&typeid=i","cat":316008},{"id":98681,"n":"Porc au caramel Agis Avec riz thaï - 330g","p":4.49,"u":"13,61 €/KG","img":"https://fd13-photos.leclercdrive.fr/image.ashx?id=3008452&use=l&cat=p&typeid=i","cat":333665},{"id":98746,"n":"Mousse Maronsui's La Laitière Crème de marrons - 4x68,8g","p":1.61,"u":"5,85 €/KG","img":"https://fd13-photos.leclercdrive.fr/image.ashx?id=2729755&use=l&cat=p&typeid=i","cat":284417},{"id":98807,"n":"Purée fruit bébé Blédina 6 mois Pomme cerise vanille - 4x100g","p":1.87,"u":"4,68 €/KG","img":"https://fd13-photos.leclercdrive.fr/image.ashx?id=2983024&use=l&cat=p&typeid=i","cat":312388},{"id":98811,"n":"Comprimé antibactérien Polident x36","p":2.36,"u":"0,07 €/P","img":"https://fd13-photos.leclercdrive.fr/image.ashx?id=2303843&use=l&cat=p&typeid=i","cat":285158},{"id":98821,"n":"Brosse à dent Parodontax Soin nettoyage souple - X1","p":3.16,"img":"https://fd13-photos.leclercdrive.fr/image.ashx?id=2489737&use=l&cat=p&typeid=i","cat":284614},{"id":98822,"n":"Purée fruit bébé Blédina 6 mois Pomme kiwi ananas - 4x100g","p":1.77,"u":"4,43 €/KG","img":"https://fd13-photos.leclercdrive.fr/image.ashx?id=2983030&use=l&cat=p&typeid=i","cat":312388},{"id":98828,"n":"Purée fruit bébé Blédina 6 mois Pomme poire mandarine - 4x100g","p":1.72,"u":"4,30 €/KG","img":"https://fd13-photos.leclercdrive.fr/image.ashx?id=2983033&use=l&cat=p&typeid=i","cat":312388},{"id":98831,"n":"Purée fruit bébé Blédina 6 mois Harmonie de fruits - 4x100g","p":1.78,"u":"4,45 €/KG","img":"https://fd13-photos.leclercdrive.fr/image.ashx?id=2983036&use=l&cat=p&typeid=i","cat":312388},{"id":98834,"n":"Purée fruit bébé Blédina 6 mois Pomme mangue passion - 4x100g","p":1.79,"u":"4,48 €/KG","img":"https://fd13-photos.leclercdrive.fr/image.ashx?id=2983039&use=l&cat=p&typeid=i","cat":312388},{"id":98839,"n":"Set de 100 mini Post-it Marque pages 5 couleurs","p":3.25,"img":"https://fd13-photos.leclercdrive.fr/image.ashx?id=1866940&use=l&cat=p&typeid=i","cat":334133},{"id":98872,"n":"Boisson Thé Glacé FuzeTea Mangue Camomille - 1,25L","p":1.63,"u":"1,30 €/L","img":"https://fd13-photos.leclercdrive.fr/image.ashx?id=2997220&use=l&cat=p&typeid=i","cat":295019},{"id":98875,"n":"Thé glacé Fuze Tea  Pêche Hibiscus - 1,25L","p":1.6,"u":"1,28 €/L","img":"https://fd13-photos.leclercdrive.fr/image.ashx?id=2940393&use=l&cat=p&typeid=i","cat":295019},{"id":98894,"n":"Haché Happy Family Charal 600g","p":9.77,"u":"16,28 €/KG","img":"https://fd13-photos.leclercdrive.fr/image.ashx?id=1919780&use=l&cat=p&typeid=i","cat":284332},{"id":98912,"n":"IGP Pays d'Oc rosé Roche Mazet Les Accords -75cl","p":3.63,"u":"4,84 €/L","img":"https://fd13-photos.leclercdrive.fr/image.ashx?id=2748290&use=l&cat=p&typeid=i","cat":289558},{"id":98940,"n":"Bacon cheese Charal 4x155g","p":9.74,"u":"15,71 €/KG","img":"https://fd13-photos.leclercdrive.fr/image.ashx?id=2547095&use=l&cat=p&typeid=i","cat":333671},{"id":99248,"n":"Bouillon Kub Or Maggi 32 cubes - 128g","p":1.21,"u":"9,45 €/KG","img":"https://fd13-photos.leclercdrive.fr/image.ashx?id=2692737&use=l&cat=p&typeid=i","cat":288379},{"id":99526,"n":"Dentifrice Soin Sanogyl Essence Blancheur - 2x75ml","p":5.23,"u":"34,87 €/L","img":"https://fd13-photos.leclercdrive.fr/image.ashx?id=2335631&use=l&cat=p&typeid=i","cat":284612},{"id":99545,"n":"Mogettes bio Bio VIllage 215g","p":1.73,"u":"8,05 €/KG","img":"https://fd13-photos.leclercdrive.fr/image.ashx?id=3002680&use=l&cat=p&typeid=i","cat":312606},{"id":99547,"n":"Haricots rouge Bio Village Bio - 205g","p":2.31,"u":"11,27 €/KG","img":"https://fd13-photos.leclercdrive.fr/image.ashx?id=1947761&use=l&cat=p&typeid=i","cat":312606},{"id":99553,"n":"Pois chiche Bio VIllage Bio - 215g","p":2.1,"u":"9,77 €/KG","img":"https://fd13-photos.leclercdrive.fr/image.ashx?id=3002683&use=l&cat=p&typeid=i","cat":312609},{"id":99570,"n":"Ratatouille Eco+ 750g","p":1.08,"u":"1,44 €/KG","img":"https://fd13-photos.leclercdrive.fr/image.ashx?id=2703446&use=l&cat=p&typeid=i","cat":312612},{"id":99574,"n":"Poêlée savoyarde  900g","p":4.06,"u":"4,51 €/KG","img":"https://fd13-photos.leclercdrive.fr/image.ashx?id=2478931&use=l&cat=p&typeid=i","cat":319823},{"id":99702,"n":"Dentifrice Sensodyne Blancheur multiprotect - 2x75ml","p":10.44,"u":"69,60 €/L","img":"https://fd13-photos.leclercdrive.fr/image.ashx?id=2833285&use=l&cat=p&typeid=i","cat":284612},{"id":99703,"n":"Eau micellaire Diadermine Hydratant - 400ml","p":3.65,"u":"9,13 €/L","img":"https://fd13-photos.leclercdrive.fr/image.ashx?id=2549624&use=l&cat=p&typeid=i","cat":284603},{"id":99734,"n":"Capsules café L'Or Espresso Or Absolu N°9 x20","p":7.43,"u":"71,44 €/KG","img":"https://fd13-photos.leclercdrive.fr/image.ashx?id=2859971&use=l&cat=p&typeid=i","cat":284749},{"id":99758,"n":"Complément alimentaire Biosens Kilos tenaces bio - 500ml","p":8.43,"u":"16,86 €/L","img":"https://fd13-photos.leclercdrive.fr/image.ashx?id=2925409&use=l&cat=p&typeid=i","cat":284632},{"id":99759,"n":"Complément alimentaire Biosens Bio boost minceur - 500ml","p":9.29,"u":"18,58 €/L","img":"https://fd13-photos.leclercdrive.fr/image.ashx?id=2530597&use=l&cat=p&typeid=i","cat":284632},{"id":99760,"n":"Complément alimentaire Biosens Détox universel bio - 500ml","p":9.04,"u":"18,08 €/L","img":"https://fd13-photos.leclercdrive.fr/image.ashx?id=2864573&use=l&cat=p&typeid=i","cat":284632},{"id":99761,"n":"Complément alimentaire Biosens Express draineur bio - 500ml","p":8.41,"u":"16,82 €/L","img":"https://fd13-photos.leclercdrive.fr/image.ashx?id=2963196&use=l&cat=p&typeid=i","cat":284632},{"id":99762,"n":"Complément alimentaire Biosens Bio Perte de poids - 28g","p":6.26,"u":"223,57 €/KG","img":"https://fd13-photos.leclercdrive.fr/image.ashx?id=2190590&use=l&cat=p&typeid=i","cat":284632},{"id":99788,"n":"Capsules café L'Or Espresso Lungo Profondo N°8 x20","p":6.59,"u":"63,37 €/KG","img":"https://fd13-photos.leclercdrive.fr/image.ashx?id=3005796&use=l&cat=p&typeid=i","cat":284749},{"id":99813,"n":"Complément alimentaire Biosens Bio super curcuma - 18g","p":6.83,"u":"310,45 €/KG","img":"https://fd13-photos.leclercdrive.fr/image.ashx?id=2190599&use=l&cat=p&typeid=i","cat":284632},{"id":99814,"n":"Complément alimentaire Biosens Bio Brûle graisse - 21g","p":7.4,"u":"352,38 €/KG","img":"https://fd13-photos.leclercdrive.fr/image.ashx?id=2335745&use=l&cat=p&typeid=i","cat":284632},{"id":99851,"n":"Velouté légumes La Potagère De nos campagne - Bio - 2x30cl","p":2.52,"u":"4,20 €/L","img":"https://fd13-photos.leclercdrive.fr/image.ashx?id=2927405&use=l&cat=p&typeid=i","cat":284462},{"id":99900,"n":"Soin amincissant Linéance Profiler nuit + - 180ml","p":11.5,"u":"63,89 €/L","img":"https://fd13-photos.leclercdrive.fr/image.ashx?id=1748813&use=l&cat=p&typeid=i","cat":325350},{"id":99905,"n":"Biscuits Petit Ecolier LU Chocolat blanc - 150g","p":1.67,"u":"11,13 €/KG","img":"https://fd13-photos.leclercdrive.fr/image.ashx?id=2346678&use=l&cat=p&typeid=i","cat":284488},{"id":99921,"n":"Shampooing Nateis Cheveux gris ou blancs - 250ml","p":1.4,"u":"5,60 €/L","img":"https://fd13-photos.leclercdrive.fr/image.ashx?id=2395820&use=l&cat=p&typeid=i","cat":284606},{"id":99926,"n":"Glace minicup Haagen-Dazs Favorite Selection x4 - 318g","p":4.45,"u":"13,99 €/KG","img":"https://fd13-photos.leclercdrive.fr/image.ashx?id=2893495&use=l&cat=p&typeid=i","cat":284725},{"id":99965,"n":"Biscuit speculoos Lotus Biscoff 750g (6x125g)","p":4.17,"u":"5,56 €/KG","img":"https://fd13-photos.leclercdrive.fr/image.ashx?id=2693818&use=l&cat=p&typeid=i","cat":284487},{"id":99973,"n":"Biscuits petit déjeuner Belvita Moelleux fruits rouges - 250g","p":2.47,"u":"9,88 €/KG","img":"https://fd13-photos.leclercdrive.fr/image.ashx?id=3005329&use=l&cat=p&typeid=i","cat":284491},{"id":99976,"n":"Biscuit petit déjeuner Belvita Brut - 600g","p":3.34,"u":"5,57 €/KG","img":"https://fd13-photos.leclercdrive.fr/image.ashx?id=2112935&use=l&cat=p&typeid=i","cat":285281},{"id":100017,"n":"Pain de mie Jacquet Maxi sans sucres ajoutés - 550g","p":1.54,"u":"2,80 €/KG","img":"https://fd13-photos.leclercdrive.fr/image.ashx?id=2935705&use=l&cat=p&typeid=i","cat":284477},{"id":100034,"n":"Minicup Haagen-Dazs Macadamia Nut brittle x4 - 324g","p":4.06,"u":"12,53 €/KG","img":"https://fd13-photos.leclercdrive.fr/image.ashx?id=2893492&use=l&cat=p&typeid=i","cat":284725},{"id":100250,"n":"Yaourt nature sucré Kit-Kat Billes chocolat - 4x115g","p":2.18,"u":"4,74 €/KG","img":"https://fd13-photos.leclercdrive.fr/image.ashx?id=2875954&use=l&cat=p&typeid=i","cat":284414},{"id":100303,"n":"Nuggets barbecue Isla Delice x20 - 400g","p":4.31,"u":"10,78 €/KG","img":"https://fd13-photos.leclercdrive.fr/image.ashx?id=1658128&use=l&cat=p&typeid=i","cat":319780},{"id":100334,"n":"Gel bain douche Manava Coton macadamia - 500ml","p":1.88,"u":"3,76 €/L","img":"https://fd13-photos.leclercdrive.fr/image.ashx?id=1644734&use=l&cat=p&typeid=i","cat":284594},{"id":100349,"n":"Bain de bouche Parodontax Menthe douce - 500ml","p":4.95,"u":"9,90 €/L","img":"https://fd13-photos.leclercdrive.fr/image.ashx?id=2485982&use=l&cat=p&typeid=i","cat":284613},{"id":100539,"n":"petits suisses aux fruits bio les 2 vaches - 6x50g","p":1.99,"u":"6,63 €/KG","img":"https://fd13-photos.leclercdrive.fr/image.ashx?id=2584807&use=l&cat=p&typeid=i","cat":284414},{"id":100595,"n":"Papier toilette Uni Vert Blanc 3 plis recyclés - x6","p":2.34,"u":"0,39 €/P","img":"https://fd13-photos.leclercdrive.fr/image.ashx?id=2571938&use=l&cat=p&typeid=i","cat":284634},{"id":100596,"n":"Petits pois fins Bio Village Bio - 230g","p":1.81,"u":"7,87 €/KG","img":"https://fd13-photos.leclercdrive.fr/image.ashx?id=3002689&use=l&cat=p&typeid=i","cat":312607},{"id":100597,"n":"Epinards bio Bio Village 215g","p":2.85,"u":"13,26 €/KG","img":"https://fd13-photos.leclercdrive.fr/image.ashx?id=2473210&use=l&cat=p&typeid=i","cat":312612},{"id":100673,"n":"Soda Coca-Cola sans sucres Bouteilles - 6x1L","p":7.57,"u":"1,26 €/L","img":"https://fd13-photos.leclercdrive.fr/image.ashx?id=2178352&use=l&cat=p&typeid=i","cat":284530},{"id":100705,"n":"Tartine Petit dejeuner Jacquet 410g","p":1.6,"u":"3,90 €/KG","img":"https://fd13-photos.leclercdrive.fr/image.ashx?id=2991855&use=l&cat=p&typeid=i","cat":284477},{"id":100725,"n":"Pain de mie La Boulangère Toastiligne Aux céréales - 500g","p":1.53,"u":"3,06 €/KG","img":"https://fd13-photos.leclercdrive.fr/image.ashx?id=2912401&use=l&cat=p&typeid=i","cat":284477},{"id":100790,"n":"Kit fajitas Old El Paso tomates poivrons - 500g","p":5.35,"u":"10,70 €/KG","img":"https://fd13-photos.leclercdrive.fr/image.ashx?id=2764628&use=l&cat=p&typeid=i","cat":288993},{"id":100792,"n":"Wraps Old El Paso de blé complet x6 - 350g","p":2.88,"u":"8,23 €/KG","img":"https://fd13-photos.leclercdrive.fr/image.ashx?id=2940573&use=l&cat=p&typeid=i","cat":288993},{"id":100979,"n":"Chocolat au lait Lindt Création Le Rocher lait - 150g","p":3.42,"u":"22,80 €/KG","img":"https://fd13-photos.leclercdrive.fr/image.ashx?id=2685805&use=l&cat=p&typeid=i","cat":284497},{"id":100981,"n":"Courgettes Cuisinées Cassegrain à la Provençale 375g","p":3.03,"u":"8,08 €/KG","img":"https://fd13-photos.leclercdrive.fr/image.ashx?id=2977951&use=l&cat=p&typeid=i","cat":312612},{"id":100991,"n":"Céréales Trésor de Kellogg's Chocolat Noisettes - 410g","p":2.97,"u":"7,24 €/KG","img":"https://fd13-photos.leclercdrive.fr/image.ashx?id=2584238&use=l&cat=p&typeid=i","cat":309513},{"id":101047,"n":"Croquettes chat Ultima  Nature Poulet - 1.25kg","p":7.05,"u":"5,64 €/KG","img":"https://fd13-photos.leclercdrive.fr/image.ashx?id=2569959&use=l&cat=p&typeid=i","cat":284680},{"id":101050,"n":"Croquette chat stérilisé Ultima  Nature - Saumon - 1.25kg","p":7.17,"u":"5,74 €/KG","img":"https://fd13-photos.leclercdrive.fr/image.ashx?id=2569962&use=l&cat=p&typeid=i","cat":284680},{"id":101056,"n":"Adoucissant concentré Hyperdou Rosée du matin - 750ml","p":1.99,"u":"2,65 €/L","img":"https://fd13-photos.leclercdrive.fr/image.ashx?id=2602910&use=l&cat=p&typeid=i","cat":284650},{"id":101058,"n":"Adoucissant concentré Hyperdou Passion tropicale - 750ml","p":1.99,"u":"2,65 €/L","img":"https://fd13-photos.leclercdrive.fr/image.ashx?id=2683565&use=l&cat=p&typeid=i","cat":284650},{"id":101059,"n":"Adoucissant concentré Hyperdou Couché soleil - 750ml","p":1.99,"u":"2,65 €/L","img":"https://fd13-photos.leclercdrive.fr/image.ashx?id=2602943&use=l&cat=p&typeid=i","cat":284650},{"id":101078,"n":"Crème glacée Ben&Jerry's Fan favourites - 4x100ml","p":6.25,"u":"15,63 €/L","img":"https://fd13-photos.leclercdrive.fr/image.ashx?id=3009275&use=l&cat=p&typeid=i","cat":284725},{"id":101080,"n":"Pot crème glacée Ben& Jerry's Cookie/Brownie 4 x 100ml","p":6.15,"u":"15,38 €/L","img":"https://fd13-photos.leclercdrive.fr/image.ashx?id=2657012&use=l&cat=p&typeid=i","cat":284725},{"id":101115,"n":"Céréales Trésor de Kellogg's Chocolat au Lait - 410g","p":2.95,"u":"7,20 €/KG","img":"https://fd13-photos.leclercdrive.fr/image.ashx?id=2584241&use=l&cat=p&typeid=i","cat":309513},{"id":101324,"n":"Assiettes plates kraft Homeside 23cm - x50","p":3.64,"u":"0,07 €/P","img":"https://fd13-photos.leclercdrive.fr/image.ashx?id=1660519&use=l&cat=p&typeid=i","cat":334134},{"id":101348,"n":"Barres Chocolatées KINDER BUENO  Chocolat au Lait x12 - 516g","p":6.55,"u":"12,69 €/KG","img":"https://fd13-photos.leclercdrive.fr/image.ashx?id=2402946&use=l&cat=p&typeid=i","cat":284498},{"id":101349,"n":"Crème dessert Danette Vanille - 6x125g","p":2.03,"u":"2,71 €/KG","img":"https://fd13-photos.leclercdrive.fr/image.ashx?id=2923498&use=l&cat=p&typeid=i","cat":285041},{"id":101350,"n":"liégeois vanille danette - 4x100g","p":1.48,"u":"3,70 €/KG","img":"https://fd13-photos.leclercdrive.fr/image.ashx?id=2907848&use=l&cat=p&typeid=i","cat":285042},{"id":101352,"n":"Crème dessert Danette  Chocolat - 6x125g","p":2.03,"u":"2,71 €/KG","img":"https://fd13-photos.leclercdrive.fr/image.ashx?id=2915395&use=l&cat=p&typeid=i","cat":285041},{"id":101428,"n":"Serviettes 3 plis Homeside Noires - 33cm - x50","p":1.99,"u":"0,04 €/P","img":"https://fd13-photos.leclercdrive.fr/image.ashx?id=1659762&use=l&cat=p&typeid=i","cat":334134},{"id":101456,"n":"Barres Chocolatées KINDER Maxi Chocolat au Lait x18 - 378g","p":4.48,"u":"11,85 €/KG","img":"https://fd13-photos.leclercdrive.fr/image.ashx?id=2673854&use=l&cat=p&typeid=i","cat":284498},{"id":101461,"n":"Pâtes Collezione Barilla Fusilli Bucati Corti - 500g","p":1.58,"u":"3,16 €/KG","img":"https://fd13-photos.leclercdrive.fr/image.ashx?id=2991003&use=l&cat=p&typeid=i","cat":284427},{"id":101473,"n":"Petit Pois, Carotte Cassegrain Tendre et Fondant 265g","p":1.85,"u":"6,98 €/KG","img":"https://fd13-photos.leclercdrive.fr/image.ashx?id=2951692&use=l&cat=p&typeid=i","cat":312607},{"id":101476,"n":"Saladière mexicana Saupiquet 220g","p":2.8,"u":"12,73 €/KG","img":"https://fd13-photos.leclercdrive.fr/image.ashx?id=2857042&use=l&cat=p&typeid=i","cat":284437},{"id":101502,"n":"Crème dessert Danette Vanille - 4x125g","p":1.51,"u":"3,02 €/KG","img":"https://fd13-photos.leclercdrive.fr/image.ashx?id=2029487&use=l&cat=p&typeid=i","cat":285041},{"id":101505,"n":"Jus de pruneaux Bio Village Bio - 1L","p":3.99,"u":"3,99 €/L","img":"https://fd13-photos.leclercdrive.fr/image.ashx?id=2901560&use=l&cat=p&typeid=i","cat":284915},{"id":101506,"n":"Boisson Cranberry  Bio Village   Bio - 1L","p":3.55,"u":"3,55 €/L","img":"https://fd13-photos.leclercdrive.fr/image.ashx?id=2958774&use=l&cat=p&typeid=i","cat":284915},{"id":101551,"n":"Salade Les Crudettes Jeunes pousses - 200g","p":3.12,"u":"15,60 €/KG","img":"https://fd13-photos.leclercdrive.fr/image.ashx?id=2485961&use=l&cat=p&typeid=i","cat":284353},{"id":101553,"n":"Coeur de laitue  Les Crudettes - 300g","p":2.85,"u":"9,50 €/KG","img":"https://fd13-photos.leclercdrive.fr/image.ashx?id=2285489&use=l&cat=p&typeid=i","cat":284353},{"id":101580,"n":"Banane Bio Max Havelaar  Bio Village x5","p":1.99,"u":"0,40 €/P","img":"https://fd13-photos.leclercdrive.fr/image.ashx?id=2323988&use=l&cat=p&typeid=i","cat":284356},{"id":101629,"n":"Pur jus clémentine Bio Village Bio - 1L","p":2.99,"u":"2,99 €/L","img":"https://fd13-photos.leclercdrive.fr/image.ashx?id=2901548&use=l&cat=p&typeid=i","cat":284915},{"id":101670,"n":"Boisson cajou Bio Bjorg Sans sucre - 1L","p":2.65,"u":"2,65 €/L","img":"https://fd13-photos.leclercdrive.fr/image.ashx?id=2979737&use=l&cat=p&typeid=i","cat":316067},{"id":101695,"n":"crème dessert chocolat danette - 8x125g","p":2.89,"u":"2,89 €/KG","img":"https://fd13-photos.leclercdrive.fr/image.ashx?id=2949841&use=l&cat=p&typeid=i","cat":285041},{"id":101697,"n":"crème dessert chocolat noisette danette - 4x125g","p":1.64,"u":"3,28 €/KG","img":"https://fd13-photos.leclercdrive.fr/image.ashx?id=2902630&use=l&cat=p&typeid=i","cat":285041},{"id":101701,"n":"crème dessert chocolat caramel vanille danette - 12x115g","p":3.51,"u":"2,54 €/KG","img":"https://fd13-photos.leclercdrive.fr/image.ashx?id=2949844&use=l&cat=p&typeid=i","cat":285041},{"id":101702,"n":"Crème dessert Danette Caramel - 6x125g","p":2.49,"u":"3,32 €/KG","img":"https://fd13-photos.leclercdrive.fr/image.ashx?id=2915398&use=l&cat=p&typeid=i","cat":285041},{"id":101708,"n":"liégeois chocolat danette - 8x100g","p":2.95,"u":"3,69 €/KG","img":"https://fd13-photos.leclercdrive.fr/image.ashx?id=1984897&use=l&cat=p&typeid=i","cat":285042},{"id":101710,"n":"crème dessert chocolat noir danette - 4x125g","p":1.61,"u":"3,22 €/KG","img":"https://fd13-photos.leclercdrive.fr/image.ashx?id=2927294&use=l&cat=p&typeid=i","cat":285041},{"id":101711,"n":"Crème dessert Danette Chocolat Vanille - 12x115g","p":3.66,"u":"2,65 €/KG","img":"https://fd13-photos.leclercdrive.fr/image.ashx?id=2228528&use=l&cat=p&typeid=i","cat":285041},{"id":101712,"n":"crème dessert 3 chocolats danette - 12x115g","p":3.72,"u":"2,70 €/KG","img":"https://fd13-photos.leclercdrive.fr/image.ashx?id=2949847&use=l&cat=p&typeid=i","cat":285041},{"id":101837,"n":"Pastilles anti-calcaire Texil x48","p":4.6,"u":"0,10 €/P","img":"https://fd13-photos.leclercdrive.fr/image.ashx?id=2964583&use=l&cat=p&typeid=i","cat":284653},{"id":102006,"n":"Gel bain douche Manava Pamplemousse raisin blanc-500ml","p":2.37,"u":"4,74 €/L","img":"https://fd13-photos.leclercdrive.fr/image.ashx?id=2652870&use=l&cat=p&typeid=i","cat":284594},{"id":102007,"n":"Gel douche Manava Gommant - 250ml","p":1.3,"u":"5,20 €/L","img":"https://fd13-photos.leclercdrive.fr/image.ashx?id=2805042&use=l&cat=p&typeid=i","cat":284594},{"id":102008,"n":"Gel douche Manava Sans savon - 500ml","p":1.82,"u":"3,64 €/L","img":"https://fd13-photos.leclercdrive.fr/image.ashx?id=2741303&use=l&cat=p&typeid=i","cat":284594},{"id":102012,"n":"Déodorant bille bio So Bio Etic Tous types de peau - 50ml","p":5.29,"u":"105,80 €/L","img":"https://fd13-photos.leclercdrive.fr/image.ashx?id=2986606&use=l&cat=p&typeid=i","cat":284595},{"id":102078,"n":"Tagliatelles Côté Table Poulet & champignons - 300g","p":2.79,"u":"9,30 €/KG","img":"https://fd13-photos.leclercdrive.fr/image.ashx?id=2893568&use=l&cat=p&typeid=i","cat":333665},{"id":102082,"n":"Poulet et risotto Côté Table Champignons - 280g","p":2.59,"u":"9,25 €/KG","img":"https://fd13-photos.leclercdrive.fr/image.ashx?id=2816145&use=l&cat=p&typeid=i","cat":333665},{"id":102103,"n":"Eau gazeuse St Yorre 6x1,15L","p":3.66,"u":"0,53 €/L","img":"https://fd13-photos.leclercdrive.fr/image.ashx?id=2877730&use=l&cat=p&typeid=i","cat":284536},{"id":102254,"n":"Riz à la provençale Bonduelle Au thon et au basilic - 500g","p":2.72,"u":"5,44 €/KG","img":"https://fd13-photos.leclercdrive.fr/image.ashx?id=2894170&use=l&cat=p&typeid=i","cat":333657},{"id":102374,"n":"Bière sans alcool Tourtel Twist Cerise 0,0° - 6x27,5cl","p":4.63,"u":"2,81 €/L","img":"https://fd13-photos.leclercdrive.fr/image.ashx?id=2688803&use=l&cat=p&typeid=i","cat":334877},{"id":102480,"n":"Petits Suisses Gervais 9,5%MG - 12x60g","p":2.44,"u":"3,39 €/KG","img":"https://fd13-photos.leclercdrive.fr/image.ashx?id=2230381&use=l&cat=p&typeid=i","cat":284409},{"id":102553,"n":"PIZZA GUSTO Jambon, Speck, fromage italien, tomate - 380g","p":5.9,"u":"15,53 €/KG","img":"https://fd13-photos.leclercdrive.fr/image.ashx?id=2579047&use=l&cat=p&typeid=i","cat":333679},{"id":102589,"n":"Chocolat Sensation fruit Lindt Framboise/Cranberry - 160g","p":3.38,"u":"21,13 €/KG","img":"https://fd13-photos.leclercdrive.fr/image.ashx?id=2208954&use=l&cat=p&typeid=i","cat":304238},{"id":102594,"n":"Moules cuisinées marinière Angulas - 900g","p":10.45,"u":"11,61 €/KG","img":"https://fd13-photos.leclercdrive.fr/image.ashx?id=2828943&use=l&cat=p&typeid=i","cat":285340},{"id":102632,"n":"Soda rouge Orangina Orange Sanguine - 6x33cl","p":3.4,"u":"1,72 €/L","img":"https://fd13-photos.leclercdrive.fr/image.ashx?id=2551650&use=l&cat=p&typeid=i","cat":284532},{"id":102661,"n":"Thé vert bio Jardin Bio Digestion x20 - 30g","p":2.68,"u":"89,33 €/KG","img":"https://fd13-photos.leclercdrive.fr/image.ashx?id=3014527&use=l&cat=p&typeid=i","cat":293233},{"id":102667,"n":"Haricots verts D'Aucy Extra fin - 58cl - 280g","p":2.91,"u":"10,39 €/KG","img":"https://fd13-photos.leclercdrive.fr/image.ashx?id=2110005&use=l&cat=p&typeid=i","cat":312606},{"id":102669,"n":"Capsules café L'Or Espresso Or Rose N°7 x10","p":3.72,"u":"71,54 €/KG","img":"https://fd13-photos.leclercdrive.fr/image.ashx?id=2100290&use=l&cat=p&typeid=i","cat":284749},{"id":102670,"n":"Capsules café L'Or Espresso Lungo Elegante N°6 x10","p":3.58,"u":"68,85 €/KG","img":"https://fd13-photos.leclercdrive.fr/image.ashx?id=2391870&use=l&cat=p&typeid=i","cat":284749},{"id":102686,"n":"Capsules café L'Or Barista Double Espresso N°11 x10","p":4.96,"u":"47,69 €/KG","img":"https://fd13-photos.leclercdrive.fr/image.ashx?id=2857908&use=l&cat=p&typeid=i","cat":284749},{"id":102819,"n":"Panaché Falsbourg Grenadine <0,5% - 20x25cl","p":5.99,"u":"1,20 €/L","img":"https://fd13-photos.leclercdrive.fr/image.ashx?id=2637964&use=l&cat=p&typeid=i","cat":334877},{"id":102980,"n":"Chips ondulées nature Lay's Sel - 120g","p":1.73,"u":"14,42 €/KG","img":"https://fd13-photos.leclercdrive.fr/image.ashx?id=2788505&use=l&cat=p&typeid=i","cat":284447},{"id":103006,"n":"Croquettes petits chiens Ultima Poulet - Chihuahua - 800g","p":4.07,"u":"5,09 €/KG","img":"https://fd13-photos.leclercdrive.fr/image.ashx?id=2940585&use=l&cat=p&typeid=i","cat":294526},{"id":103027,"n":"AOC Bordeaux Supérieur rouge Haussmann Baron Eugène - 75cl","p":5.25,"u":"7,00 €/L","img":"https://fd13-photos.leclercdrive.fr/image.ashx?id=1663474&use=l&cat=p&typeid=i","cat":289556},{"id":103032,"n":"Baguette viennoise  La Boulangère - x6 - 510g","p":2.3,"pp":1.61,"u":"3,16 €/KG","img":"https://fd13-photos.leclercdrive.fr/image.ashx?id=2912413&use=l&cat=p&typeid=i","cat":284985},{"id":103036,"n":"Pâte brisée Marie Pur beurre - 230g","p":1.37,"u":"5,96 €/KG","img":"https://fd13-photos.leclercdrive.fr/image.ashx?id=2318540&use=l&cat=p&typeid=i","cat":333681},{"id":103046,"n":"Céréales Trésor Kellogg's Chocolat Noisette - 750g","p":4.99,"u":"6,65 €/KG","img":"https://fd13-photos.leclercdrive.fr/image.ashx?id=2586291&use=l&cat=p&typeid=i","cat":309513},{"id":103047,"n":"Nutella Biscuit pâte à tartiner Cacao Noisettes - 304g","p":2.99,"u":"9,84 €/KG","img":"https://fd13-photos.leclercdrive.fr/image.ashx?id=2896432&use=l&cat=p&typeid=i","cat":284488},{"id":103063,"n":"Paille Pik Haribo Sachet bonbons acidulés - 180g","p":2.02,"u":"11,22 €/KG","img":"https://fd13-photos.leclercdrive.fr/image.ashx?id=2984922&use=l&cat=p&typeid=i","cat":304250},{"id":103078,"n":"Cocobat Haribo Sachet bonbons réglisse - 300g","p":1.85,"u":"6,17 €/KG","img":"https://fd13-photos.leclercdrive.fr/image.ashx?id=2805231&use=l&cat=p&typeid=i","cat":304250},{"id":103094,"n":"Crème légère semi épaisse  Bridélice 18%mg - 2x25cl","p":2.76,"u":"5,52 €/L","img":"https://fd13-photos.leclercdrive.fr/image.ashx?id=2806156&use=l&cat=p&typeid=i","cat":284381},{"id":103149,"n":"Bananes françaises 5 fruits","p":2.45,"img":"https://fd13-photos.leclercdrive.fr/image.ashx?id=1746143&use=l&cat=p&typeid=i","cat":284356},{"id":103156,"n":"Frites Pom Bistro à la Graisse de Boeuf - 500g","p":3.99,"u":"7,98 €/KG","img":"https://fd13-photos.leclercdrive.fr/image.ashx?id=2866418&use=l&cat=p&typeid=i","cat":319791},{"id":103157,"n":"Rissolées Pom Bistro à la Graisse de Canard - 500g","p":3.79,"pp":2.65,"u":"5,30 €/KG","img":"https://fd13-photos.leclercdrive.fr/image.ashx?id=2866430&use=l&cat=p&typeid=i","cat":319792},{"id":103158,"n":"Tartine Grilletine de Pasquier Sans sucre ajouté - x18 - 255g","p":2.09,"u":"8,20 €/KG","img":"https://fd13-photos.leclercdrive.fr/image.ashx?id=2333057&use=l&cat=p&typeid=i","cat":284479},{"id":103176,"n":"Cordons bleu Reghalal x4 - 400g","p":3.69,"u":"9,23 €/KG","img":"https://fd13-photos.leclercdrive.fr/image.ashx?id=2732737&use=l&cat=p&typeid=i","cat":333683},{"id":103207,"n":"Noix de Cajou grillées Non salées - 175g","p":4.23,"u":"24,17 €/KG","img":"https://fd13-photos.leclercdrive.fr/image.ashx?id=2298541&use=l&cat=p&typeid=i","cat":316002},{"id":103260,"n":"Complément alimentaire Biosens Stimulant minceur Bio - 23g","p":5.84,"u":"253,91 €/KG","img":"https://fd13-photos.leclercdrive.fr/image.ashx?id=2084645&use=l&cat=p&typeid=i","cat":284632},{"id":103280,"n":"Sel marin Herbamare Bio - 275g","p":3.78,"u":"13,75 €/KG","img":"https://fd13-photos.leclercdrive.fr/image.ashx?id=2099744&use=l&cat=p&typeid=i","cat":284457},{"id":103285,"n":"Poisson pané Findus Colin  Alaska Fish and Chips x4 - 400g","p":2.95,"u":"7,38 €/KG","img":"https://fd13-photos.leclercdrive.fr/image.ashx?id=2985348&use=l&cat=p&typeid=i","cat":319788},{"id":103300,"n":"Infusion Jardin Bio Digestion bio - 20 sachet - 28g","p":2.62,"u":"93,57 €/KG","img":"https://fd13-photos.leclercdrive.fr/image.ashx?id=2990685&use=l&cat=p&typeid=i","cat":293234},{"id":103304,"n":"Litière chats Tranquille L'hygiène - 2.7kg","p":5.3,"u":"1,96 €/KG","img":"https://fd13-photos.leclercdrive.fr/image.ashx?id=1849639&use=l&cat=p&typeid=i","cat":284683},{"id":103308,"n":"Bière Desperados Red Fut - 5L","p":22.99,"u":"4,60 €/L","img":"https://fd13-photos.leclercdrive.fr/image.ashx?id=2770404&use=l&cat=p&typeid=i","cat":334879},{"id":103315,"n":"AOP Côtes de Provence rosé Château Reillanne - 75cl","p":7.69,"u":"10,25 €/L","img":"https://fd13-photos.leclercdrive.fr/image.ashx?id=2669487&use=l&cat=p&typeid=i","cat":289558},{"id":103381,"n":"Whisky Grant's  Triple wood 40%vol - 70cl","p":13.98,"u":"19,97 €/L","img":"https://fd13-photos.leclercdrive.fr/image.ashx?id=2866022&use=l&cat=p&typeid=i","cat":284547},{"id":103384,"n":"IGP Whisky Grant's  Triple wood - 40%vol - 1L","p":17.38,"u":"17,38 €/L","img":"https://fd13-photos.leclercdrive.fr/image.ashx?id=2917531&use=l&cat=p&typeid=i","cat":284547},{"id":103436,"n":"Wrap au blé nature Mission 370g","p":3.06,"u":"8,27 €/KG","img":"https://fd13-photos.leclercdrive.fr/image.ashx?id=2890499&use=l&cat=p&typeid=i","cat":288993},{"id":103448,"n":"Riz au lait La Laitière Nature - 4x115g","p":1.59,"u":"3,46 €/KG","img":"https://fd13-photos.leclercdrive.fr/image.ashx?id=2255900&use=l&cat=p&typeid=i","cat":284418},{"id":103453,"n":"Panaché Falsbourg Grenadine - <0,5% vol. - 6x25cl","p":2.71,"u":"1,81 €/L","img":"https://fd13-photos.leclercdrive.fr/image.ashx?id=2637961&use=l&cat=p&typeid=i","cat":334877},{"id":103470,"n":"Croquettes chat Purina One Poulet chat adulte - 450g","p":2.67,"u":"5,93 €/KG","img":"https://fd13-photos.leclercdrive.fr/image.ashx?id=2902265&use=l&cat=p&typeid=i","cat":284680},{"id":103500,"n":"Panaché Falsbourg <0.5% vol. - 20x25cl","p":5.95,"u":"1,19 €/L","img":"https://fd13-photos.leclercdrive.fr/image.ashx?id=2637970&use=l&cat=p&typeid=i","cat":334877},{"id":103503,"n":"Capsules Nescafé Dolce Gusto  Espresso Intenso - x16","p":4.26,"u":"38,04 €/KG","img":"https://fd13-photos.leclercdrive.fr/image.ashx?id=3009110&use=l&cat=p&typeid=i","cat":293239},{"id":103505,"n":"Barre de céréales Nature Valley Protéine chocolat x4-160g","p":2.54,"u":"15,88 €/KG","img":"https://fd13-photos.leclercdrive.fr/image.ashx?id=2657000&use=l&cat=p&typeid=i","cat":285869},{"id":103509,"n":"Yaourt à boire Yop Aromatisé Fraise - 825g","p":1.7,"u":"2,06 €/KG","img":"https://fd13-photos.leclercdrive.fr/image.ashx?id=2855564&use=l&cat=p&typeid=i","cat":284415},{"id":103543,"n":"Crème glacée Haagen Dazs Caramel Biscuit cream - 560g","p":5.83,"u":"10,41 €/KG","img":"https://fd13-photos.leclercdrive.fr/image.ashx?id=2893414&use=l&cat=p&typeid=i","cat":284725},{"id":103561,"n":"Barre de céréales Nature Valley  Protéine caramel salé x4 - 160","p":2.85,"u":"17,81 €/KG","img":"https://fd13-photos.leclercdrive.fr/image.ashx?id=2657003&use=l&cat=p&typeid=i","cat":285869},{"id":103563,"n":"Batonnets de glace Nuii Salted Caramel macadamia - 272g","p":4.26,"u":"15,66 €/KG","img":"https://fd13-photos.leclercdrive.fr/image.ashx?id=2506798&use=l&cat=p&typeid=i","cat":284265},{"id":103566,"n":"Batonnets de glaces Nuii Almond & java vanilla - x4","p":4.65,"u":"17,35 €/KG","img":"https://fd13-photos.leclercdrive.fr/image.ashx?id=2506801&use=l&cat=p&typeid=i","cat":284265},{"id":103619,"n":"Crème glacée Häagen-Dazs  Vanille - 400g","p":4.62,"u":"11,55 €/KG","img":"https://fd13-photos.leclercdrive.fr/image.ashx?id=2893429&use=l&cat=p&typeid=i","cat":284725},{"id":103621,"n":"Crème glacée Häagen-Dazs  Vanille pécan - 400g","p":4.65,"u":"11,63 €/KG","img":"https://fd13-photos.leclercdrive.fr/image.ashx?id=2893438&use=l&cat=p&typeid=i","cat":284725},{"id":103657,"n":"Crème glacée Häagen-Dazs  Vanille noix macadamia - 400g","p":4.66,"u":"11,65 €/KG","img":"https://fd13-photos.leclercdrive.fr/image.ashx?id=2893444&use=l&cat=p&typeid=i","cat":284725},{"id":103661,"n":"Crème glacée Häagen-Dazs  Vanille caramel brownie - 386g","p":4.62,"u":"11,97 €/KG","img":"https://fd13-photos.leclercdrive.fr/image.ashx?id=2893468&use=l&cat=p&typeid=i","cat":284725},{"id":103684,"n":"Mini pots Häagen-Dazs  Favorite selection x4 - 318g","p":5.04,"u":"15,85 €/KG","img":"https://fd13-photos.leclercdrive.fr/image.ashx?id=3000165&use=l&cat=p&typeid=i","cat":284725},{"id":103726,"n":"Masque Violet Démêlant Elsève Color-Vive - 150ml","p":5.62,"u":"37,47 €/L","img":"https://fd13-photos.leclercdrive.fr/image.ashx?id=2439281&use=l&cat=p&typeid=i","cat":284608},{"id":103728,"n":"Shampoing Violet Elsève Color-Vive Déjaunisseur - 200ml","p":2.93,"u":"14,65 €/L","img":"https://fd13-photos.leclercdrive.fr/image.ashx?id=2278121&use=l&cat=p&typeid=i","cat":284606},{"id":103780,"n":"Pâte feuilletée Marie Pur beurre - 230g","p":1.35,"u":"5,87 €/KG","img":"https://fd13-photos.leclercdrive.fr/image.ashx?id=2318543&use=l&cat=p&typeid=i","cat":333681},{"id":103800,"n":"Bière blonde Leffe  6,6% - 12x25cl","p":9.25,"u":"3,08 €/L","img":"https://fd13-photos.leclercdrive.fr/image.ashx?id=2995424&use=l&cat=p&typeid=i","cat":334852},{"id":103813,"n":"Yaourt à boire Yop Aromatisé Vanille - 825g","p":1.7,"u":"2,06 €/KG","img":"https://fd13-photos.leclercdrive.fr/image.ashx?id=2855570&use=l&cat=p&typeid=i","cat":284415},{"id":103826,"n":"Cône Extrême Vanille praline - x6 -426g","p":3.72,"u":"8,73 €/KG","img":"https://fd13-photos.leclercdrive.fr/image.ashx?id=2838422&use=l&cat=p&typeid=i","cat":284264},{"id":103891,"n":"Crème glacée Häagen-Dazs  Caramel au beurre salé - 400g","p":4.73,"u":"11,83 €/KG","img":"https://fd13-photos.leclercdrive.fr/image.ashx?id=2893435&use=l&cat=p&typeid=i","cat":284725},{"id":103913,"n":"Whisky Glen Moray 40%vol - La bouteille 70cl","p":20.5,"u":"29,29 €/L","img":"https://fd13-photos.leclercdrive.fr/image.ashx?id=2109674&use=l&cat=p&typeid=i","cat":284547},{"id":103918,"n":"Bâtonnets  Maple  Peanut Butter et candian - x4","p":4.29,"u":"1,07 €/P","img":"https://fd13-photos.leclercdrive.fr/image.ashx?id=2506810&use=l&cat=p&typeid=i","cat":284265},{"id":103919,"n":"Bâtonnets  Nuii Idaho Valley  Cookies mint x4 - 244g","p":4.29,"u":"17,58 €/KG","img":"https://fd13-photos.leclercdrive.fr/image.ashx?id=2506807&use=l&cat=p&typeid=i","cat":284265},{"id":103945,"n":"Escalope de dinde Le Gaulois Oui C'est Bon x2 - 240g","p":4.19,"u":"17,46 €/KG","img":"https://fd13-photos.leclercdrive.fr/image.ashx?id=2605580&use=l&cat=p&typeid=i","cat":284337},{"id":103949,"n":"Nettoyant universel anti-traces 750ml","p":2.95,"u":"3,93 €/L","img":"https://fd13-photos.leclercdrive.fr/image.ashx?id=3000731&use=l&cat=p&typeid=i","cat":325357},{"id":103957,"n":"Pierre du droguiste Briochin Ecocert - 300g","p":7.11,"u":"23,70 €/KG","img":"https://fd13-photos.leclercdrive.fr/image.ashx?id=3011395&use=l&cat=p&typeid=i","cat":325365},{"id":103969,"n":"Escalope de dinde Le Gaulois Fine - Oui C'est Bon x2 - 240g","p":4.45,"u":"18,54 €/KG","img":"https://fd13-photos.leclercdrive.fr/image.ashx?id=2605574&use=l&cat=p&typeid=i","cat":284337},{"id":103991,"n":"Pâtes De Cecco Spaghetti n°12  - 500g","p":1.59,"u":"3,18 €/KG","img":"https://fd13-photos.leclercdrive.fr/image.ashx?id=2974033&use=l&cat=p&typeid=i","cat":284427},{"id":104008,"n":"Jus innocent tutti frutti 900ml","p":2.83,"u":"3,14 €/L","img":"https://fd13-photos.leclercdrive.fr/image.ashx?id=2861737&use=l&cat=p&typeid=i","cat":285435},{"id":104019,"n":"Rhum paille St James 40%vol - 70cl","p":12.89,"u":"18,41 €/L","img":"https://fd13-photos.leclercdrive.fr/image.ashx?id=2970867&use=l&cat=p&typeid=i","cat":284550},{"id":104022,"n":"Arrangé Damoiseau Ananas vanille 30° - 70cl","p":24.34,"u":"34,77 €/L","img":"https://fd13-photos.leclercdrive.fr/image.ashx?id=2021217&use=l&cat=p&typeid=i","cat":284551},{"id":104036,"n":"Jus innocent plus  énergie chérie 750ml","p":2.99,"u":"3,99 €/L","img":"https://fd13-photos.leclercdrive.fr/image.ashx?id=2901082&use=l&cat=p&typeid=i","cat":284354},{"id":104062,"n":"Brioches Doowap Harrys X8 -320g Pépites choco sans additif","p":2.2,"u":"6,88 €/KG","img":"https://fd13-photos.leclercdrive.fr/image.ashx?id=2502998&use=l&cat=p&typeid=i","cat":293505},{"id":104087,"n":"IGP Méditerranée vin rosé Terres Ocrées - 75cl","p":2.75,"u":"3,67 €/L","img":"https://fd13-photos.leclercdrive.fr/image.ashx?id=2894743&use=l&cat=p&typeid=i","cat":289558},{"id":104092,"n":"Tagada Zip Fraîcheur Haribo Sachet bonbons - 220g","p":1.36,"u":"6,18 €/KG","img":"https://fd13-photos.leclercdrive.fr/image.ashx?id=2802359&use=l&cat=p&typeid=i","cat":304250},{"id":104109,"n":"Les Timbales Gourmet Gold Boeuf plet saumon - 12x85g","p":6.71,"u":"6,58 €/KG","img":"https://fd13-photos.leclercdrive.fr/image.ashx?id=2861764&use=l&cat=p&typeid=i","cat":285286},{"id":104113,"n":"Brioches Doowap Harrys X12-480g Pépites choco sans additif","p":2.6,"u":"5,42 €/KG","img":"https://fd13-photos.leclercdrive.fr/image.ashx?id=2503001&use=l&cat=p&typeid=i","cat":293505},{"id":104114,"n":"Brioches Doowap Harrys X8 -320g Pépites choco lait sans additif","p":2.4,"u":"7,50 €/KG","img":"https://fd13-photos.leclercdrive.fr/image.ashx?id=2503004&use=l&cat=p&typeid=i","cat":293505},{"id":104115,"n":"Brioches Doowap Harrys X12-480g Pépites choco lait sans additif","p":2.76,"u":"5,75 €/KG","img":"https://fd13-photos.leclercdrive.fr/image.ashx?id=2503007&use=l&cat=p&typeid=i","cat":293505},{"id":104120,"n":"Farine C'est Qui Le Patron 1kg","p":1.39,"u":"1,39 €/KG","img":"https://fd13-photos.leclercdrive.fr/image.ashx?id=2979926&use=l&cat=p&typeid=i","cat":284503},{"id":104121,"n":"Noix de cajou Benenuts Grillées à sec -165g","p":4.61,"u":"27,94 €/KG","img":"https://fd13-photos.leclercdrive.fr/image.ashx?id=2391786&use=l&cat=p&typeid=i","cat":284448},{"id":104133,"n":"Pépites chocolat au lait Vahiné 200g","p":4.41,"u":"22,05 €/KG","img":"https://fd13-photos.leclercdrive.fr/image.ashx?id=2559784&use=l&cat=p&typeid=i","cat":284504},{"id":104186,"n":"Café Soluble Carte Noire  Sticks - x25 - 45g","p":2.77,"u":"61,56 €/KG","img":"https://fd13-photos.leclercdrive.fr/image.ashx?id=2866097&use=l&cat=p&typeid=i","cat":284843},{"id":104188,"n":"Chips Tyrrell's Légèrement salées - 150g","p":2.19,"u":"14,60 €/KG","img":"https://fd13-photos.leclercdrive.fr/image.ashx?id=2924731&use=l&cat=p&typeid=i","cat":284447},{"id":104194,"n":"Coton-tige Lotus Bio - x160 bâtonnets","p":0.78,"img":"https://fd13-photos.leclercdrive.fr/image.ashx?id=2506840&use=l&cat=p&typeid=i","cat":284636},{"id":104202,"n":"Dentifrice Sensodyne Sensibilité & Gencives - 2x75ml","p":6.0,"u":"40,00 €/L","img":"https://fd13-photos.leclercdrive.fr/image.ashx?id=2807516&use=l&cat=p&typeid=i","cat":284612},{"id":104308,"n":"Cornichons extra fins 150+  Tête noire - 185g","p":2.36,"u":"12,76 €/KG","img":"https://fd13-photos.leclercdrive.fr/image.ashx?id=2854318&use=l&cat=p&typeid=i","cat":284458},{"id":104324,"n":"Pâtes de Fruits GERBLE   -  6 sachets 162g","p":2.77,"u":"17,10 €/KG","img":"https://fd13-photos.leclercdrive.fr/image.ashx?id=2664082&use=l&cat=p&typeid=i","cat":318652},{"id":104365,"n":"Nouilles Ramen Tanoshi Poulet Teriyaki - 360g","p":2.98,"u":"8,28 €/KG","img":"https://fd13-photos.leclercdrive.fr/image.ashx?id=2912062&use=l&cat=p&typeid=i","cat":288992},{"id":104418,"n":"Wraps blé nature grillé X6 - 370g","p":3.05,"u":"8,24 €/KG","img":"https://fd13-photos.leclercdrive.fr/image.ashx?id=2890511&use=l&cat=p&typeid=i","cat":288993},{"id":104429,"n":"Caviar de tomates à l'ail 290g","p":3.31,"u":"11,41 €/KG","img":"https://fd13-photos.leclercdrive.fr/image.ashx?id=2115565&use=l&cat=p&typeid=i","cat":287599},{"id":104468,"n":"Fromage apéritif Apéricube Long drink 48 cubes","p":4.17,"u":"16,68 €/KG","img":"https://fd13-photos.leclercdrive.fr/image.ashx?id=2882674&use=l&cat=p&typeid=i","cat":314027},{"id":104471,"n":"Fromage apéritif Apericube  Cocktail 48 cubes","p":4.17,"u":"16,68 €/KG","img":"https://fd13-photos.leclercdrive.fr/image.ashx?id=2882680&use=l&cat=p&typeid=i","cat":314027},{"id":104534,"n":"Dentifrice Sensodyne Blancheur - x2","p":6.0,"u":"3,00 €/P","img":"https://fd13-photos.leclercdrive.fr/image.ashx?id=2833288&use=l&cat=p&typeid=i","cat":284612},{"id":104555,"n":"Yaourts à boire Yop Yoplait Citron - 850g","p":1.74,"u":"2,05 €/KG","img":"https://fd13-photos.leclercdrive.fr/image.ashx?id=2855540&use=l&cat=p&typeid=i","cat":284415},{"id":104557,"n":"Yaourt à boire Yop Yoplait Coco - 850g","p":1.74,"u":"2,05 €/KG","img":"https://fd13-photos.leclercdrive.fr/image.ashx?id=2855543&use=l&cat=p&typeid=i","cat":284415},{"id":104561,"n":"Bâtonnet Yeti parfums fous  x24 - 1.2L","p":3.61,"u":"3,01 €/L","img":"https://fd13-photos.leclercdrive.fr/image.ashx?id=2314107&use=l&cat=p&typeid=i","cat":285250},{"id":104564,"n":"Yaourt à boire Yop de Yoplait Fraise - 850g","p":1.74,"u":"2,05 €/KG","img":"https://fd13-photos.leclercdrive.fr/image.ashx?id=2855546&use=l&cat=p&typeid=i","cat":284415},{"id":104565,"n":"Yaourt à boire Yoplait Fraise/banane - 850g","p":1.74,"u":"2,05 €/KG","img":"https://fd13-photos.leclercdrive.fr/image.ashx?id=2855549&use=l&cat=p&typeid=i","cat":284415},{"id":104566,"n":"Yaourt Yop de Yoplait Framboise - 850g","p":1.74,"u":"2,05 €/KG","img":"https://fd13-photos.leclercdrive.fr/image.ashx?id=2855552&use=l&cat=p&typeid=i","cat":284415},{"id":104567,"n":"Yaourt à boire Yop Yoplait Vanille - 850g","p":1.74,"u":"2,05 €/KG","img":"https://fd13-photos.leclercdrive.fr/image.ashx?id=2855555&use=l&cat=p&typeid=i","cat":284415},{"id":104568,"n":"Yaourt à boire Yop Yoplait Tropical - 850g","p":1.74,"u":"2,05 €/KG","img":"https://fd13-photos.leclercdrive.fr/image.ashx?id=2855558&use=l&cat=p&typeid=i","cat":284415},{"id":104603,"n":"Lamelles kebab Maître Coq 1kg","p":16.4,"u":"16,40 €/KG","img":"https://fd13-photos.leclercdrive.fr/image.ashx?id=2101441&use=l&cat=p&typeid=i","cat":319780},{"id":104619,"n":"Brioche saucisson de Lyon 380g","p":4.99,"u":"13,13 €/KG","img":"https://fd13-photos.leclercdrive.fr/image.ashx?id=2685045&use=l&cat=p&typeid=i","cat":316006},{"id":104669,"n":"Bière blonde Bud 5% - 20x25cl","p":13.82,"u":"2,76 €/L","img":"https://fd13-photos.leclercdrive.fr/image.ashx?id=3009047&use=l&cat=p&typeid=i","cat":334873},{"id":104674,"n":"Eau gazeuse aromatisée Badoit Citron fraise - 1L","p":1.29,"u":"1,29 €/L","img":"https://fd13-photos.leclercdrive.fr/image.ashx?id=2730664&use=l&cat=p&typeid=i","cat":284536},{"id":104863,"n":"Céréales Bio Lion de Nestlé Caramel / Chocolat - 400g","p":3.55,"u":"8,88 €/KG","img":"https://fd13-photos.leclercdrive.fr/image.ashx?id=2792939&use=l&cat=p&typeid=i","cat":309513},{"id":104880,"n":"Barres Céréales Extra Kellogg's Chocolat au lait - 4x32g","p":2.83,"u":"22,11 €/KG","img":"https://fd13-photos.leclercdrive.fr/image.ashx?id=2736610&use=l&cat=p&typeid=i","cat":285869},{"id":104888,"n":"Miettes de Thon Eco + Huile - 104g","p":0.82,"u":"7,88 €/KG","img":"https://fd13-photos.leclercdrive.fr/image.ashx?id=2824241&use=l&cat=p&typeid=i","cat":303867},{"id":105072,"n":"Bonbon Dracula Trolli Le sachet de 200g","p":1.58,"u":"7,90 €/KG","img":"https://fd13-photos.leclercdrive.fr/image.ashx?id=2684719&use=l&cat=p&typeid=i","cat":304250},{"id":105117,"n":"Aguacana cachaça 37.5%vol - 70cl","p":13.99,"u":"19,99 €/L","img":"https://fd13-photos.leclercdrive.fr/image.ashx?id=2961801&use=l&cat=p&typeid=i","cat":284550},{"id":105136,"n":"Jambon supérieur Tradilège S/nitrite Découenne - x6 - 210g","p":2.79,"u":"13,29 €/KG","img":"https://fd13-photos.leclercdrive.fr/image.ashx?id=2253081&use=l&cat=p&typeid=i","cat":316009},{"id":105137,"n":"Jambon supérieur Tradilège Sans nitrite x4 - 140g","p":1.85,"u":"13,21 €/KG","img":"https://fd13-photos.leclercdrive.fr/image.ashx?id=2253078&use=l&cat=p&typeid=i","cat":316009},{"id":105168,"n":"Captain Morgan Original Spiced Boisson à base de rhum - 1L","p":18.52,"u":"18,52 €/L","img":"https://fd13-photos.leclercdrive.fr/image.ashx?id=2586285&use=l&cat=p&typeid=i","cat":284551},{"id":105181,"n":"Bière blonde bio Bio Village  5.5%vol -75cl","p":2.72,"u":"3,63 €/L","img":"https://fd13-photos.leclercdrive.fr/image.ashx?id=2579147&use=l&cat=p&typeid=i","cat":334873},{"id":105185,"n":"Compote Charles & Alice Pommes Myrtilles - 4x97g","p":1.88,"u":"4,85 €/KG","img":"https://fd13-photos.leclercdrive.fr/image.ashx?id=2900899&use=l&cat=p&typeid=i","cat":284416},{"id":105196,"n":"Dessert fruitier Fraise Andros En morceaux - 4x100g","p":2.57,"u":"6,43 €/KG","img":"https://fd13-photos.leclercdrive.fr/image.ashx?id=2845467&use=l&cat=p&typeid=i","cat":284416},{"id":105220,"n":"Mini pâté croûte Le Bistronome Poulet/moutarde - 450g","p":3.9,"u":"8,67 €/KG","img":"https://fd13-photos.leclercdrive.fr/image.ashx?id=2908033&use=l&cat=p&typeid=i","cat":316003},{"id":105289,"n":"Saumon au naturel Parallèles - 190g","p":4.99,"u":"26,26 €/KG","img":"https://fd13-photos.leclercdrive.fr/image.ashx?id=2022471&use=l&cat=p&typeid=i","cat":305147},{"id":105399,"n":"Lait demi-écrémé GrandLait Ferme sélectionnée - 1L","p":1.32,"u":"1,32 €/L","img":"https://fd13-photos.leclercdrive.fr/image.ashx?id=2916177&use=l&cat=p&typeid=i","cat":285609},{"id":105742,"n":"Poivre création moulin Ducros 34g","p":3.02,"u":"88,82 €/KG","img":"https://fd13-photos.leclercdrive.fr/image.ashx?id=2354407&use=l&cat=p&typeid=i","cat":284457},{"id":105810,"n":"Coulis de tomate 680g","p":2.26,"u":"3,32 €/KG","img":"https://fd13-photos.leclercdrive.fr/image.ashx?id=2994539&use=l&cat=p&typeid=i","cat":289010},{"id":106006,"n":"Pur jus de pomme Jafaden 2L","p":2.29,"u":"1,15 €/L","img":"https://fd13-photos.leclercdrive.fr/image.ashx?id=2956774&use=l&cat=p&typeid=i","cat":284522},{"id":106269,"n":"Edulcorant Pure Via Boite de 65 morceaux - 130g","p":5.15,"u":"39,62 €/KG","img":"https://fd13-photos.leclercdrive.fr/image.ashx?id=2417291&use=l&cat=p&typeid=i","cat":324846},{"id":106274,"n":"Croustilles Party Belin Emmental - 210g","p":1.95,"u":"9,29 €/KG","img":"https://fd13-photos.leclercdrive.fr/image.ashx?id=2961263&use=l&cat=p&typeid=i","cat":284449},{"id":106275,"n":"Croustilles Party Belin Cacahuète - 210g","p":1.7,"u":"8,10 €/KG","img":"https://fd13-photos.leclercdrive.fr/image.ashx?id=3000875&use=l&cat=p&typeid=i","cat":284449},{"id":106471,"n":"Plat bébé soir Blédichef 15mois Poireau pomme de terre - 250g","p":1.81,"u":"7,24 €/KG","img":"https://fd13-photos.leclercdrive.fr/image.ashx?id=2143681&use=l&cat=p&typeid=i","cat":312239},{"id":106473,"n":"Repas bébé Blédichef 15 mois Patate légumes poulet - 250g","p":1.84,"u":"7,36 €/KG","img":"https://fd13-photos.leclercdrive.fr/image.ashx?id=2877703&use=l&cat=p&typeid=i","cat":312238},{"id":106474,"n":"Repas bébé Blédichef 15 mois Pdt champignon poulet - 250g","p":1.8,"u":"7,20 €/KG","img":"https://fd13-photos.leclercdrive.fr/image.ashx?id=2479685&use=l&cat=p&typeid=i","cat":312238},{"id":106477,"n":"Repas bébé Blédichef 18 mois  Blanquette de volaille - 250g","p":1.83,"u":"7,32 €/KG","img":"https://fd13-photos.leclercdrive.fr/image.ashx?id=2558861&use=l&cat=p&typeid=i","cat":312238},{"id":106640,"n":"Bac gourmand Eskiss Citron meringue - 500g","p":3.66,"u":"7,32 €/KG","img":"https://fd13-photos.leclercdrive.fr/image.ashx?id=2982646&use=l&cat=p&typeid=i","cat":284263},{"id":106732,"n":"Sirop La Maison Guiot Citron jaune de Sicile - 70cl","p":3.17,"u":"4,53 €/L","img":"https://fd13-photos.leclercdrive.fr/image.ashx?id=2857138&use=l&cat=p&typeid=i","cat":295020},{"id":106750,"n":"Eau micellaire So Bio Etic Aloe purifiante bio - 500ml","p":6.87,"u":"13,74 €/L","img":"https://fd13-photos.leclercdrive.fr/image.ashx?id=2577009&use=l&cat=p&typeid=i","cat":284603},{"id":106768,"n":"Shampooing bio So Bio Etic Coco & Acide Hyaluronique-250ml","p":3.39,"u":"13,56 €/L","img":"https://fd13-photos.leclercdrive.fr/image.ashx?id=2788727&use=l&cat=p&typeid=i","cat":284606},{"id":106770,"n":"Dentifrice protection Dentavie Propolis/menthe bio - 75ml","p":3.46,"u":"46,13 €/L","img":"https://fd13-photos.leclercdrive.fr/image.ashx?id=2494779&use=l&cat=p&typeid=i","cat":284612},{"id":106886,"n":"Petit suisse nature Gervais 9,5% MG - 6x60g","p":1.84,"u":"5,11 €/KG","img":"https://fd13-photos.leclercdrive.fr/image.ashx?id=2230384&use=l&cat=p&typeid=i","cat":284409},{"id":106892,"n":"Yaourt à boire Danonino fraise - 4x70g","p":2.12,"u":"7,57 €/KG","img":"https://fd13-photos.leclercdrive.fr/image.ashx?id=2785226&use=l&cat=p&typeid=i","cat":284415},{"id":106979,"n":"Crème glacée Häagen-Dazs  Vanille cookie dough - 394g","p":4.82,"u":"12,23 €/KG","img":"https://fd13-photos.leclercdrive.fr/image.ashx?id=2893459&use=l&cat=p&typeid=i","cat":284725},{"id":106987,"n":"Mini pots Häagen-Dazs Caramel  Beurre salé x4 - 324g","p":4.79,"u":"14,78 €/KG","img":"https://fd13-photos.leclercdrive.fr/image.ashx?id=2992849&use=l&cat=p&typeid=i","cat":284725},{"id":107166,"n":"Faisselle Rians 6%mg - 6x100g","p":2.95,"u":"4,92 €/KG","img":"https://fd13-photos.leclercdrive.fr/image.ashx?id=2396701&use=l&cat=p&typeid=i","cat":284409},{"id":107326,"n":"Insecticide & Barrage Fulgator Parasites&Acariens - 400ml","p":5.64,"u":"14,10 €/L","img":"https://fd13-photos.leclercdrive.fr/image.ashx?id=2660847&use=l&cat=p&typeid=i","cat":298368},{"id":107645,"n":"Aluminium Albal 20m","p":3.39,"img":"https://fd13-photos.leclercdrive.fr/image.ashx?id=2551444&use=l&cat=p&typeid=i","cat":334134},{"id":107646,"n":"Film 2 en 1 Albal  20m","p":2.86,"img":"https://fd13-photos.leclercdrive.fr/image.ashx?id=2551453&use=l&cat=p&typeid=i","cat":334134},{"id":107653,"n":"Lait de coco bio Jardin Bio Bio - 225ml","p":1.9,"u":"8,44 €/L","img":"https://fd13-photos.leclercdrive.fr/image.ashx?id=2875471&use=l&cat=p&typeid=i","cat":288992},{"id":107654,"n":"Sacs poubelle 100L Alfapac Maxi poids - x10","p":3.59,"u":"0,36 €/P","img":"https://fd13-photos.leclercdrive.fr/image.ashx?id=2526902&use=l&cat=p&typeid=i","cat":285168},{"id":107823,"n":"Café Grande Réserve Malongo 16 Dosettes - 104g","p":5.2,"u":"50,00 €/KG","img":"https://fd13-photos.leclercdrive.fr/image.ashx?id=2971960&use=l&cat=p&typeid=i","cat":293241},{"id":107825,"n":"Bac gourmand Eskiss Vanille pécan - 500g","p":3.36,"u":"6,72 €/KG","img":"https://fd13-photos.leclercdrive.fr/image.ashx?id=2982640&use=l&cat=p&typeid=i","cat":284263},{"id":107827,"n":"Bac gourmand Eskiss Vanille caramel - 500g","p":4.11,"u":"8,22 €/KG","img":"https://fd13-photos.leclercdrive.fr/image.ashx?id=2982649&use=l&cat=p&typeid=i","cat":284263},{"id":107841,"n":"Bac gourmand Eskiss Crème brulée - 500g","p":4.36,"u":"8,72 €/KG","img":"https://fd13-photos.leclercdrive.fr/image.ashx?id=2982643&use=l&cat=p&typeid=i","cat":284263},{"id":107847,"n":"Bac gourmand Eskiss Vanille speculoos - 500g","p":3.19,"u":"6,38 €/KG","img":"https://fd13-photos.leclercdrive.fr/image.ashx?id=2122694&use=l&cat=p&typeid=i","cat":284263},{"id":107864,"n":"Bac gourmand Eskiss Café - 500g","p":2.99,"u":"5,98 €/KG","img":"https://fd13-photos.leclercdrive.fr/image.ashx?id=2982655&use=l&cat=p&typeid=i","cat":284263},{"id":107868,"n":"Bac gourmand Eskiss Chocolat Liegeois - 500g","p":2.99,"u":"5,98 €/KG","img":"https://fd13-photos.leclercdrive.fr/image.ashx?id=2982658&use=l&cat=p&typeid=i","cat":284263},{"id":107870,"n":"Bac gourmand Eskiss Vanille fruits rouge - 500g","p":3.49,"u":"6,98 €/KG","img":"https://fd13-photos.leclercdrive.fr/image.ashx?id=2982661&use=l&cat=p&typeid=i","cat":284263},{"id":107989,"n":"Saucisson de Vic IGP L'Origine du Goût - 300g","p":6.95,"u":"23,17 €/KG","img":"https://fd13-photos.leclercdrive.fr/image.ashx?id=2112699&use=l&cat=p&typeid=i","cat":316006},{"id":108146,"n":"Boisson aux fruits Oasis Tropical - 2L","p":2.34,"u":"1,17 €/L","img":"https://fd13-photos.leclercdrive.fr/image.ashx?id=2996569&use=l&cat=p&typeid=i","cat":295018},{"id":108180,"n":"Compotes Pom'Potes Gourdes BIO  Multivariétés - 12x90g","p":6.97,"u":"6,45 €/KG","img":"https://fd13-photos.leclercdrive.fr/image.ashx?id=2926212&use=l&cat=p&typeid=i","cat":284508},{"id":108185,"n":"Cahier Esquisse 96p Bleu - 21x29.7cm","p":1.0,"img":"https://fd13-photos.leclercdrive.fr/image.ashx?id=1690137&use=l&cat=p&typeid=i","cat":284697},{"id":108707,"n":"Filtres à café Uni vert Bruns n°4 - x80","p":1.33,"u":"0,02 €/P","img":"https://fd13-photos.leclercdrive.fr/image.ashx?id=2634878&use=l&cat=p&typeid=i","cat":284751},{"id":108711,"n":"Gel Douche Fa Crème Cacao coco flacon - 250ml","p":1.5,"u":"6,00 €/L","img":"https://fd13-photos.leclercdrive.fr/image.ashx?id=2995097&use=l&cat=p&typeid=i","cat":284594},{"id":108724,"n":"Thé glacé Bio Village Bio Pêche - 1L","p":1.36,"u":"1,36 €/L","img":"https://fd13-photos.leclercdrive.fr/image.ashx?id=2670392&use=l&cat=p&typeid=i","cat":295019},{"id":108797,"n":"Limande Meunière MSC - 200g","p":3.39,"u":"16,95 €/KG","img":"https://fd13-photos.leclercdrive.fr/image.ashx?id=2417363&use=l&cat=p&typeid=i","cat":284344},{"id":108804,"n":"Compotes Pom'Potes Gourdes  Pomme Nature - 4x90g","p":1.79,"u":"4,97 €/KG","img":"https://fd13-photos.leclercdrive.fr/image.ashx?id=2968079&use=l&cat=p&typeid=i","cat":284508},{"id":108844,"n":"Plat bébé soir Blédichef 12mois Spaghetti crème légumes -2x230g","p":3.38,"u":"7,35 €/KG","img":"https://fd13-photos.leclercdrive.fr/image.ashx?id=2643494&use=l&cat=p&typeid=i","cat":312239},{"id":108936,"n":"AOP Comté Entremont Rapé - 130g","p":2.66,"u":"20,46 €/KG","img":"https://fd13-photos.leclercdrive.fr/image.ashx?id=2983165&use=l&cat=p&typeid=i","cat":314035},{"id":108981,"n":"Bâtonnets Oasis Citron/orange - x10 - 400g","p":2.68,"u":"6,70 €/KG","img":"https://fd13-photos.leclercdrive.fr/image.ashx?id=2877832&use=l&cat=p&typeid=i","cat":284265},{"id":108988,"n":"Whisky Chivas Regal XV Blended Scotch 40% vol - 70cl","p":37.9,"pp":34.11,"u":"48,73 €/L","img":"https://fd13-photos.leclercdrive.fr/image.ashx?id=2877028&use=l&cat=p&typeid=i","cat":284547},{"id":108997,"n":"Crème dessert Danette vanille chocolat -16x115g","p":4.84,"u":"2,63 €/KG","img":"https://fd13-photos.leclercdrive.fr/image.ashx?id=2949850&use=l&cat=p&typeid=i","cat":285041},{"id":108998,"n":"liégeois chocolat danette - 12x100g","p":4.94,"u":"4,12 €/KG","img":"https://fd13-photos.leclercdrive.fr/image.ashx?id=2907842&use=l&cat=p&typeid=i","cat":285042},{"id":109267,"n":"Panaché Force 4 0,4° - 10x25cl","p":4.27,"u":"1,71 €/L","img":"https://fd13-photos.leclercdrive.fr/image.ashx?id=2473321&use=l&cat=p&typeid=i","cat":334877},{"id":109273,"n":"Yaourt à boire Yop Aromatisé Citron - 825g","p":2.0,"u":"2,42 €/KG","img":"https://fd13-photos.leclercdrive.fr/image.ashx?id=2855573&use=l&cat=p&typeid=i","cat":284415},{"id":109274,"n":"Yaourt Enfant Petits Filous Aromatisé à la Fraise - 6x100g","p":2.9,"u":"4,83 €/KG","img":"https://fd13-photos.leclercdrive.fr/image.ashx?id=2748434&use=l&cat=p&typeid=i","cat":284415},{"id":109310,"n":"Bol Bio Village 6 mois bio Petits pois Riz Maïs - 2x200g","p":2.21,"u":"5,53 €/KG","img":"https://fd13-photos.leclercdrive.fr/image.ashx?id=2704819&use=l&cat=p&typeid=i","cat":312239},{"id":109317,"n":"Bol Bio village 6 mois Bio Ratatouille Quinoa - 2x200g","p":2.45,"u":"6,13 €/KG","img":"https://fd13-photos.leclercdrive.fr/image.ashx?id=2704822&use=l&cat=p&typeid=i","cat":312239},{"id":109323,"n":"Rillettes thon blanc tomséchées Les Mouettes d'Arvor - 125g","p":3.01,"u":"24,08 €/KG","img":"https://fd13-photos.leclercdrive.fr/image.ashx?id=1901269&use=l&cat=p&typeid=i","cat":303867},{"id":109328,"n":"Rillettes Les Mouettes d'Arvor Thon poivre vert- 125g","p":3.1,"u":"24,80 €/KG","img":"https://fd13-photos.leclercdrive.fr/image.ashx?id=1901272&use=l&cat=p&typeid=i","cat":303867},{"id":109369,"n":"Panaché Falsbourg  <0.5% vol. - 10X25cl","p":2.99,"u":"1,20 €/L","img":"https://fd13-photos.leclercdrive.fr/image.ashx?id=2637967&use=l&cat=p&typeid=i","cat":334877},{"id":109387,"n":"Pur jus Tropicana Réveil des Tropiques 90cl","p":2.89,"u":"3,21 €/L","img":"https://fd13-photos.leclercdrive.fr/image.ashx?id=2529279&use=l&cat=p&typeid=i","cat":285435},{"id":109434,"n":"Coeur de Laitue Iceberg Les Crudettes - 300g","p":1.89,"u":"6,30 €/KG","img":"https://fd13-photos.leclercdrive.fr/image.ashx?id=1933275&use=l&cat=p&typeid=i","cat":284353},{"id":109437,"n":"Repas bébé Blédichef 12 mois  Couscous - 2x230g","p":3.69,"u":"8,02 €/KG","img":"https://fd13-photos.leclercdrive.fr/image.ashx?id=2479706&use=l&cat=p&typeid=i","cat":312237},{"id":109441,"n":"Thon entier MSC Pêche Océan Naturel - 140g","p":2.17,"u":"15,50 €/KG","img":"https://fd13-photos.leclercdrive.fr/image.ashx?id=2942211&use=l&cat=p&typeid=i","cat":303867},{"id":109447,"n":"Bol carottes Bio Village Bio - 4 mois - 2x120g","p":1.25,"u":"5,21 €/KG","img":"https://fd13-photos.leclercdrive.fr/image.ashx?id=2704768&use=l&cat=p&typeid=i","cat":312239},{"id":109449,"n":"Jus innocent ananas 900ml","p":3.35,"u":"3,72 €/L","img":"https://fd13-photos.leclercdrive.fr/image.ashx?id=2184732&use=l&cat=p&typeid=i","cat":285435},{"id":109451,"n":"Boisson lactée Danao Multivitaminé - 900ml","p":2.2,"u":"2,44 €/L","img":"https://fd13-photos.leclercdrive.fr/image.ashx?id=2637216&use=l&cat=p&typeid=i","cat":285435},{"id":109452,"n":"Bol potiron courge bio Bio Village - 4 mois - 2x120g","p":1.45,"u":"6,04 €/KG","img":"https://fd13-photos.leclercdrive.fr/image.ashx?id=2704816&use=l&cat=p&typeid=i","cat":312234},{"id":109455,"n":"Boisson lactée Danao Orange Banane Fraise - 900ml","p":2.2,"u":"2,44 €/L","img":"https://fd13-photos.leclercdrive.fr/image.ashx?id=2609908&use=l&cat=p&typeid=i","cat":285435},{"id":109457,"n":"Boisson lactée Danao Pêche Abricot - 900ml","p":2.2,"u":"2,44 €/L","img":"https://fd13-photos.leclercdrive.fr/image.ashx?id=2606367&use=l&cat=p&typeid=i","cat":285435},{"id":109470,"n":"Pile alcaline Varta Longlife AAA LR03 - x20","p":9.9,"img":"https://fd13-photos.leclercdrive.fr/image.ashx?id=2306318&use=l&cat=p&typeid=i","cat":300572},{"id":109554,"n":"Pulpe de tomates bio Bio Village - 2x400g","p":2.18,"u":"5,45 €/KG","img":"https://fd13-photos.leclercdrive.fr/image.ashx?id=2181840&use=l&cat=p&typeid=i","cat":312608},{"id":109564,"n":"AdBlue Diframa avec flexible 10L","p":14.9,"u":"1,49 €/L","img":"https://fd13-photos.leclercdrive.fr/image.ashx?id=1863624&use=l&cat=p&typeid=i","cat":298253},{"id":109567,"n":"AdBlue Diframa avec flexible 5L","p":6.9,"u":"1,38 €/L","img":"https://fd13-photos.leclercdrive.fr/image.ashx?id=1867723&use=l&cat=p&typeid=i","cat":298253},{"id":109666,"n":"Café en grains L'OR Sélection 100% Arabica N° 6 1kg","p":18.63,"u":"18,63 €/KG","img":"https://fd13-photos.leclercdrive.fr/image.ashx?id=3000483&use=l&cat=p&typeid=i","cat":293237},{"id":109670,"n":"Compotes Pom'Potes Gourdes  Mix de Pommes - 20x90g","p":7.38,"u":"4,10 €/KG","img":"https://fd13-photos.leclercdrive.fr/image.ashx?id=2563349&use=l&cat=p&typeid=i","cat":284508},{"id":109742,"n":"Jus pour bébé NATURNES BIO Poire Abricot 6M+ - 20cl","p":0.93,"u":"4,65 €/L","img":"https://fd13-photos.leclercdrive.fr/image.ashx?id=2532258&use=l&cat=p&typeid=i","cat":312388},{"id":109753,"n":"Sauce crudité Amora Nature - 380ml","p":1.92,"u":"5,05 €/KG","img":"https://fd13-photos.leclercdrive.fr/image.ashx?id=2644995&use=l&cat=p&typeid=i","cat":284456},{"id":109826,"n":"Gazpacho Alvalle Salmojero 1L","p":3.93,"u":"3,93 €/L","img":"https://fd13-photos.leclercdrive.fr/image.ashx?id=2673322&use=l&cat=p&typeid=i","cat":284355},{"id":109856,"n":"AOP Vin d'Alsace Pinot blanc vin blanc Rebmann - 75 cl","p":4.99,"u":"6,65 €/L","img":"https://fd13-photos.leclercdrive.fr/image.ashx?id=2702333&use=l&cat=p&typeid=i","cat":289557},{"id":109892,"n":"Soda Coca-Cola Cherry Bouteille - 1,25L","p":1.44,"u":"1,15 €/L","img":"https://fd13-photos.leclercdrive.fr/image.ashx?id=2678161&use=l&cat=p&typeid=i","cat":284530},{"id":109893,"n":"Soda Coca-Cola Vanille Bouteille - 1,25L","p":2.02,"u":"1,62 €/L","img":"https://fd13-photos.leclercdrive.fr/image.ashx?id=2678164&use=l&cat=p&typeid=i","cat":284530},{"id":110000,"n":"Cornichons fins AMORA Bocal - 540g","p":3.89,"u":"7,20 €/KG","img":"https://fd13-photos.leclercdrive.fr/image.ashx?id=2672710&use=l&cat=p&typeid=i","cat":284458},{"id":110007,"n":"Tam Tam l'Original Saint-Michel - 275g","p":1.97,"u":"7,16 €/KG","img":"https://fd13-photos.leclercdrive.fr/image.ashx?id=2936239&use=l&cat=p&typeid=i","cat":284495},{"id":110009,"n":"Boisson végétale Bio Village Epeautre bio - 1l","p":1.9,"u":"1,90 €/L","img":"https://fd13-photos.leclercdrive.fr/image.ashx?id=2384935&use=l&cat=p&typeid=i","cat":316067},{"id":110022,"n":"Chien Medium/maxi Adulte One  Contrôle de poids - dinde 2.5kg","p":8.25,"u":"3,30 €/KG","img":"https://fd13-photos.leclercdrive.fr/image.ashx?id=2434494&use=l&cat=p&typeid=i","cat":284672},{"id":110041,"n":"Mini cup Haagen Dazs Caramel collection x4 - 321g","p":4.85,"u":"15,11 €/KG","img":"https://fd13-photos.leclercdrive.fr/image.ashx?id=2893486&use=l&cat=p&typeid=i","cat":284725},{"id":110098,"n":"Sirop la maison Guiot Framboise - 70cl","p":3.17,"u":"4,53 €/L","img":"https://fd13-photos.leclercdrive.fr/image.ashx?id=2857141&use=l&cat=p&typeid=i","cat":295020},{"id":110107,"n":"Chipolatas & Merguez Bigard Label Rouge -  330g","p":4.57,"u":"13,85 €/KG","img":"https://fd13-photos.leclercdrive.fr/image.ashx?id=2208324&use=l&cat=p&typeid=i","cat":284334},{"id":110108,"n":"Merguez Bigard Label Rouge - 330g","p":6.38,"u":"19,33 €/KG","img":"https://fd13-photos.leclercdrive.fr/image.ashx?id=2208327&use=l&cat=p&typeid=i","cat":284334},{"id":110121,"n":"Whisky Aberlour 10 ans Forest Single Malt Scotch 40% vol 70cl","p":25.82,"u":"36,89 €/L","img":"https://fd13-photos.leclercdrive.fr/image.ashx?id=3014871&use=l&cat=p&typeid=i","cat":284547},{"id":110130,"n":"Dessert lacté Bio Village Bio - Abricot 6-9 mois 4x100g","p":2.04,"u":"5,10 €/KG","img":"https://fd13-photos.leclercdrive.fr/image.ashx?id=2709752&use=l&cat=p&typeid=i","cat":312392},{"id":110146,"n":"Matière grasse Rustica Tournesol -60%MG -1/2 sel -500G","p":1.75,"u":"3,50 €/KG","img":"https://fd13-photos.leclercdrive.fr/image.ashx?id=2949421&use=l&cat=p&typeid=i","cat":315229},{"id":110150,"n":"Bol légumes  Bio Village Bio Poulet - 8mois - 2x200g","p":2.49,"u":"6,23 €/KG","img":"https://fd13-photos.leclercdrive.fr/image.ashx?id=2704780&use=l&cat=p&typeid=i","cat":312236},{"id":110159,"n":"Bol légumes saumon Bio Village Bio - 12 mois - 2x200g","p":2.69,"u":"6,73 €/KG","img":"https://fd13-photos.leclercdrive.fr/image.ashx?id=2704783&use=l&cat=p&typeid=i","cat":312237},{"id":110173,"n":"Tomates Les Originales Panier du Primeur - 750g","p":3.49,"u":"4,65 €/KG","img":"https://fd13-photos.leclercdrive.fr/image.ashx?id=2408531&use=l&cat=p&typeid=i","cat":284352},{"id":110178,"n":"Radis ronds  Panier du Primeur - 250g","p":0.99,"u":"3,96 €/KG","img":"https://fd13-photos.leclercdrive.fr/image.ashx?id=3015117&use=l&cat=p&typeid=i","cat":284352},{"id":110182,"n":"Bol Spaghetti Bio Village 8mois Bio Bolognaise - 2x200g","p":2.59,"u":"6,48 €/KG","img":"https://fd13-photos.leclercdrive.fr/image.ashx?id=2704828&use=l&cat=p&typeid=i","cat":312236},{"id":110509,"n":"boisson végétale lait d'amande non grillée sans sucre alpro-1l","p":2.19,"u":"2,19 €/L","img":"https://fd13-photos.leclercdrive.fr/image.ashx?id=2980085&use=l&cat=p&typeid=i","cat":316067},{"id":110511,"n":"AOC Saint Mont vin blanc - 13% Marquis de Seillan - sec - 75cl","p":4.99,"pp":3.29,"u":"4,39 €/L","img":"https://fd13-photos.leclercdrive.fr/image.ashx?id=2753985&use=l&cat=p&typeid=i","cat":289557},{"id":110512,"n":"AOP Saint Mont vin rosé  Marquis de Seillan - 75cl","p":4.99,"pp":3.29,"u":"4,39 €/L","img":"https://fd13-photos.leclercdrive.fr/image.ashx?id=2968877&use=l&cat=p&typeid=i","cat":289558},{"id":110556,"n":"Jus innocent plus  infatigableu 750ml","p":2.97,"u":"3,96 €/L","img":"https://fd13-photos.leclercdrive.fr/image.ashx?id=2862874&use=l&cat=p&typeid=i","cat":285435},{"id":110566,"n":"Crème dépilatoire Veet Men Corps Peaux Sensibles 200ml","p":4.38,"u":"21,90 €/L","img":"https://fd13-photos.leclercdrive.fr/image.ashx?id=2965689&use=l&cat=p&typeid=i","cat":284617},{"id":110568,"n":"Gel Lubrifiant Intime Durex Naturel Confort Base Eau 100ml","p":7.64,"u":"76,40 €/L","img":"https://fd13-photos.leclercdrive.fr/image.ashx?id=2960687&use=l&cat=p&typeid=i","cat":285160},{"id":110595,"n":"Gel Lave-Vaisselle Sun Tout-en-1 Expert Plus 52 Lavage","p":7.9,"u":"8,78 €/L","img":"https://fd13-photos.leclercdrive.fr/image.ashx?id=2835580&use=l&cat=p&typeid=i","cat":284656},{"id":110596,"n":"Poudre Lave Vaisselle Sun Classique 90 Lavages","p":9.02,"u":"3,16 €/KG","img":"https://fd13-photos.leclercdrive.fr/image.ashx?id=2866172&use=l&cat=p&typeid=i","cat":284656},{"id":110643,"n":"Yaourt à la Grecque Délisse Caramel beurre salé - 4x150g","p":2.59,"u":"4,32 €/KG","img":"https://fd13-photos.leclercdrive.fr/image.ashx?id=2699753&use=l&cat=p&typeid=i","cat":314999},{"id":110707,"n":"Beurre gastronomique Les Croisé Doux - 82% MG - 250g","p":2.49,"u":"9,96 €/KG","img":"https://fd13-photos.leclercdrive.fr/image.ashx?id=2833005&use=l&cat=p&typeid=i","cat":284379},{"id":110712,"n":"Boisson lacté Délisse Vanille - 6x20cl","p":2.19,"u":"1,83 €/L","img":"https://fd13-photos.leclercdrive.fr/image.ashx?id=2171916&use=l&cat=p&typeid=i","cat":295246},{"id":110845,"n":"Huile végétale So'Bio Etic Amande douce bio - 50ml","p":4.08,"u":"81,60 €/L","img":"https://fd13-photos.leclercdrive.fr/image.ashx?id=2827956&use=l&cat=p&typeid=i","cat":325349},{"id":110847,"n":"Huile végétale So'Bio Etic Coco bio - 50ml","p":5.93,"u":"118,60 €/L","img":"https://fd13-photos.leclercdrive.fr/image.ashx?id=2827959&use=l&cat=p&typeid=i","cat":325349},{"id":110856,"n":"Pack bières blondes 8.6 8.6%vol - 4x50cl","p":5.37,"u":"2,69 €/L","img":"https://fd13-photos.leclercdrive.fr/image.ashx?id=2841601&use=l&cat=p&typeid=i","cat":334853},{"id":110859,"n":"Bières blonde original 8.6 8.6%vol - 50cl","p":1.36,"u":"2,72 €/L","img":"https://fd13-photos.leclercdrive.fr/image.ashx?id=2112516&use=l&cat=p&typeid=i","cat":334853},{"id":110884,"n":"Viande hachée Bio Yooji Dinde - 6 mois et   - 120g","p":4.57,"u":"38,08 €/KG","img":"https://fd13-photos.leclercdrive.fr/image.ashx?id=2575738&use=l&cat=p&typeid=i","cat":290631},{"id":110940,"n":"Champagne blanc brut Jeanmaire Elysée-  75cl","p":15.3,"u":"20,40 €/L","img":"https://fd13-photos.leclercdrive.fr/image.ashx?id=1726568&use=l&cat=p&typeid=i","cat":284542},{"id":111207,"n":"Jenlain ambrée 75cl","p":2.46,"u":"3,28 €/L","img":"https://fd13-photos.leclercdrive.fr/image.ashx?id=2732848&use=l&cat=p&typeid=i","cat":334852},{"id":111211,"n":"Pain de mie La Boulangère Seigle graines - 500g","p":1.91,"u":"3,82 €/KG","img":"https://fd13-photos.leclercdrive.fr/image.ashx?id=2912425&use=l&cat=p&typeid=i","cat":284477},{"id":111363,"n":"Allumettes Eco+ Nature - 2x100g","p":1.19,"u":"5,95 €/KG","img":"https://fd13-photos.leclercdrive.fr/image.ashx?id=2688255&use=l&cat=p&typeid=i","cat":316011},{"id":111368,"n":"Lardons nature Eco+ 180g","p":1.2,"u":"6,67 €/KG","img":"https://fd13-photos.leclercdrive.fr/image.ashx?id=2809888&use=l&cat=p&typeid=i","cat":316011},{"id":111369,"n":"Allumettes Eco+ Fumées - 2x100g","p":1.18,"u":"5,90 €/KG","img":"https://fd13-photos.leclercdrive.fr/image.ashx?id=2688258&use=l&cat=p&typeid=i","cat":316011},{"id":111414,"n":"Repas bébé Blédichef 12 mois  Spaghetti bolognaise - 230g","p":1.75,"u":"7,61 €/KG","img":"https://fd13-photos.leclercdrive.fr/image.ashx?id=2643491&use=l&cat=p&typeid=i","cat":312237},{"id":111418,"n":"Repas bébé Blédichef 15 mois Risotto courgette saumon - 250g","p":1.98,"u":"7,92 €/KG","img":"https://fd13-photos.leclercdrive.fr/image.ashx?id=2643488&use=l&cat=p&typeid=i","cat":312238},{"id":111420,"n":"Compotes Materne Coupelles  Pomme Nature - 12x100g","p":4.29,"u":"3,58 €/KG","img":"https://fd13-photos.leclercdrive.fr/image.ashx?id=3010867&use=l&cat=p&typeid=i","cat":284508},{"id":111422,"n":"Compotes Pom'Potes Gourdes  Pomm P. Frais P. Framb - 32x90g","p":12.52,"u":"4,35 €/KG","img":"https://fd13-photos.leclercdrive.fr/image.ashx?id=2870182&use=l&cat=p&typeid=i","cat":284508},{"id":111423,"n":"Compotes Materne Coupelles  Multivariétés Jaunes - 12x100g","p":4.52,"u":"3,77 €/KG","img":"https://fd13-photos.leclercdrive.fr/image.ashx?id=3012191&use=l&cat=p&typeid=i","cat":284508},{"id":111424,"n":"Repas bébé Blédichef 12 mois  Hachis parmentier - 230g","p":1.69,"u":"7,35 €/KG","img":"https://fd13-photos.leclercdrive.fr/image.ashx?id=2478571&use=l&cat=p&typeid=i","cat":312237},{"id":111425,"n":"Chips lentilles Vico Fines herbes - 85g","p":1.72,"u":"20,24 €/KG","img":"https://fd13-photos.leclercdrive.fr/image.ashx?id=3000096&use=l&cat=p&typeid=i","cat":284447},{"id":111426,"n":"Chips lentille Vico Tomate mozzarella - 85g","p":1.87,"u":"22,00 €/KG","img":"https://fd13-photos.leclercdrive.fr/image.ashx?id=2989255&use=l&cat=p&typeid=i","cat":284447},{"id":111428,"n":"Thé vert citron vert Twinings Gingembre - 20 sachets - 32g","p":2.88,"u":"90,00 €/KG","img":"https://fd13-photos.leclercdrive.fr/image.ashx?id=2893042&use=l&cat=p&typeid=i","cat":293233},{"id":111432,"n":"Plat bébé soir Blédichef 15mois Pomme de terre chou fleur -250g","p":1.93,"u":"7,72 €/KG","img":"https://fd13-photos.leclercdrive.fr/image.ashx?id=2479018&use=l&cat=p&typeid=i","cat":312239},{"id":111435,"n":"Repas bébé Blédichef 18 mois  Ratatouille poulet - 250g","p":1.91,"u":"7,64 €/KG","img":"https://fd13-photos.leclercdrive.fr/image.ashx?id=2951596&use=l&cat=p&typeid=i","cat":312238},{"id":111587,"n":"Café dosettes Tassimo L'Or XL Classique x16","p":4.87,"u":"35,81 €/KG","img":"https://fd13-photos.leclercdrive.fr/image.ashx?id=2100308&use=l&cat=p&typeid=i","cat":293240},{"id":111590,"n":"Capsules café L'Or Espresso Lungo Mattinata N°5 x10","p":3.59,"u":"69,04 €/KG","img":"https://fd13-photos.leclercdrive.fr/image.ashx?id=3002309&use=l&cat=p&typeid=i","cat":284749},{"id":111749,"n":"Dés de fromage aux noix Petit Marché - 120g","p":2.5,"u":"20,83 €/KG","img":"https://fd13-photos.leclercdrive.fr/image.ashx?id=2511558&use=l&cat=p&typeid=i","cat":314027},{"id":111828,"n":"Compote Charles & Alice Pommes Framboises - 4x100g","p":1.76,"u":"4,40 €/KG","img":"https://fd13-photos.leclercdrive.fr/image.ashx?id=2757341&use=l&cat=p&typeid=i","cat":284416},{"id":111829,"n":"Compote Charles & Alice Pommes Fraises - 4x100g","p":1.75,"u":"4,38 €/KG","img":"https://fd13-photos.leclercdrive.fr/image.ashx?id=2757338&use=l&cat=p&typeid=i","cat":284416},{"id":111894,"n":"Coloration Perfect Mousse  Schwarzkopf - 668 noisette","p":6.49,"img":"https://fd13-photos.leclercdrive.fr/image.ashx?id=2856709&use=l&cat=p&typeid=i","cat":288899},{"id":111895,"n":"Coloration Perfect Mousse Schwarzkopf - 500 châtain","p":4.79,"img":"https://fd13-photos.leclercdrive.fr/image.ashx?id=2970882&use=l&cat=p&typeid=i","cat":288899},{"id":111896,"n":"Coloration Perfect Mousse Schwarzkopf - 200 noir","p":4.79,"img":"https://fd13-photos.leclercdrive.fr/image.ashx?id=2970885&use=l&cat=p&typeid=i","cat":288899},{"id":111898,"n":"Coloration permanente Garnier Châtain foncé pur 3.0 Olia","p":8.78,"u":"73,17 €/L","img":"https://fd13-photos.leclercdrive.fr/image.ashx?id=2323619&use=l&cat=p&typeid=i","cat":288899},{"id":111899,"n":"Coloration Perfect Mousse Schwarzkopf - 465 châtain choco","p":4.79,"img":"https://fd13-photos.leclercdrive.fr/image.ashx?id=2921555&use=l&cat=p&typeid=i","cat":288899},{"id":111900,"n":"Coloration Permanente Olia 4.0 Chatain Pur sans ammoniaque","p":8.47,"img":"https://fd13-photos.leclercdrive.fr/image.ashx?id=2471319&use=l&cat=p&typeid=i","cat":288899},{"id":111901,"n":"Coloration Permanente Olia 4.15 Marron Glacé","p":8.47,"img":"https://fd13-photos.leclercdrive.fr/image.ashx?id=2471322&use=l&cat=p&typeid=i","cat":288899},{"id":111902,"n":"Coloration Permanente Olia 5.0 Chatain Clair","p":8.45,"img":"https://fd13-photos.leclercdrive.fr/image.ashx?id=2471325&use=l&cat=p&typeid=i","cat":288899},{"id":111903,"n":"Coloration Permanente Olia 5.3 Chatain Clair Doré","p":8.47,"img":"https://fd13-photos.leclercdrive.fr/image.ashx?id=2520494&use=l&cat=p&typeid=i","cat":288899},{"id":111907,"n":"Déodorant compressé Ushuaïa Fleur d'Oranger - 100ml","p":3.17,"u":"31,70 €/L","img":"https://fd13-photos.leclercdrive.fr/image.ashx?id=2474614&use=l&cat=p&typeid=i","cat":284595},{"id":111912,"n":"AOP Côtes du Rhône rouge - 14% Cellier des Dauphins - 75 cl","p":5.26,"u":"7,01 €/L","img":"https://fd13-photos.leclercdrive.fr/image.ashx?id=1954469&use=l&cat=p&typeid=i","cat":289556},{"id":111914,"n":"Bière ambrée Grimbergen 6,5° - 12x25cl","p":10.03,"u":"3,34 €/L","img":"https://fd13-photos.leclercdrive.fr/image.ashx?id=2294378&use=l&cat=p&typeid=i","cat":334852},{"id":111921,"n":"Dessert végétal soja Alpro Mangue sans sucres - 400g","p":2.36,"u":"5,90 €/KG","img":"https://fd13-photos.leclercdrive.fr/image.ashx?id=2976086&use=l&cat=p&typeid=i","cat":316071},{"id":111939,"n":"Crémant de Loire Lacheteau Rosé - 75cl","p":6.95,"u":"9,27 €/L","img":"https://fd13-photos.leclercdrive.fr/image.ashx?id=2431920&use=l&cat=p&typeid=i","cat":284544},{"id":111972,"n":"Serviettes Discreet Tena Lady Extra Plus - x16","p":6.04,"u":"0,38 €/P","img":"https://fd13-photos.leclercdrive.fr/image.ashx?id=2597250&use=l&cat=p&typeid=i","cat":284628},{"id":111987,"n":"Repas bébé Blédichef 18 mois  Pâtes boeuf bourguignon - 250g","p":2.07,"u":"8,28 €/KG","img":"https://fd13-photos.leclercdrive.fr/image.ashx?id=2643746&use=l&cat=p&typeid=i","cat":312238},{"id":111988,"n":"Plat bébé soir Blédichef 18mois Pâtes carotte - 250g","p":1.77,"u":"7,08 €/KG","img":"https://fd13-photos.leclercdrive.fr/image.ashx?id=2479024&use=l&cat=p&typeid=i","cat":312239},{"id":111989,"n":"Plat bébé soir Blédichef 12mois Semoule carotte - 230g","p":1.74,"u":"7,57 €/KG","img":"https://fd13-photos.leclercdrive.fr/image.ashx?id=2852363&use=l&cat=p&typeid=i","cat":312239},{"id":111990,"n":"Plat bébé soir Blédichef 18mois Pâtes épinards carotte - 250g","p":1.86,"u":"7,44 €/KG","img":"https://fd13-photos.leclercdrive.fr/image.ashx?id=2479027&use=l&cat=p&typeid=i","cat":312239},{"id":112025,"n":"Fromage St Marcellin IGP 25%mg NRT - 80g","p":1.59,"u":"19,88 €/KG","img":"https://fd13-photos.leclercdrive.fr/image.ashx?id=2174738&use=l&cat=p&typeid=i","cat":329558},{"id":112026,"n":"Fromage Saint Félicien Dauphine NRT - 180g","p":2.65,"u":"14,72 €/KG","img":"https://fd13-photos.leclercdrive.fr/image.ashx?id=2600617&use=l&cat=p&typeid=i","cat":329558},{"id":112125,"n":"Crème nutritive nuit So'bio Précieux Argan bio  - 50ml","p":11.72,"u":"234,40 €/L","img":"https://fd13-photos.leclercdrive.fr/image.ashx?id=2990715&use=l&cat=p&typeid=i","cat":325345},{"id":112126,"n":"Crème rose jour So'Bio Etic Précieux Argan bio - 50ml","p":12.05,"u":"241,00 €/L","img":"https://fd13-photos.leclercdrive.fr/image.ashx?id=2792687&use=l&cat=p&typeid=i","cat":325345},{"id":112143,"n":"Oignon rouge Panier du Primeur x4","p":1.99,"u":"0,50 €/P","img":"https://fd13-photos.leclercdrive.fr/image.ashx?id=2966490&use=l&cat=p&typeid=i","cat":284352},{"id":112153,"n":"Planta Fin Cuisson 79%MG - 500ml","p":2.55,"u":"5,10 €/L","img":"https://fd13-photos.leclercdrive.fr/image.ashx?id=2793083&use=l&cat=p&typeid=i","cat":315229},{"id":112285,"n":"Terreau Beaux Jours Universel - 20L","p":2.99,"u":"0,15 €/L","img":"https://fd13-photos.leclercdrive.fr/image.ashx?id=1723039&use=l&cat=p&typeid=i","cat":335919},{"id":112292,"n":"Yaourt protéiné Hipro Citron 0%mg - 2x160g","p":1.91,"u":"5,97 €/KG","img":"https://fd13-photos.leclercdrive.fr/image.ashx?id=2945415&use=l&cat=p&typeid=i","cat":315000},{"id":112294,"n":"Yaourt à boire protéiné Hipro Fraise framboise 0%mg - 300g","p":2.04,"u":"6,80 €/KG","img":"https://fd13-photos.leclercdrive.fr/image.ashx?id=2806060&use=l&cat=p&typeid=i","cat":315000},{"id":112471,"n":"Mousse Danette  Chocolat - 4x60g","p":1.69,"u":"7,04 €/KG","img":"https://fd13-photos.leclercdrive.fr/image.ashx?id=2964923&use=l&cat=p&typeid=i","cat":284417},{"id":112503,"n":"Baume de nuit La Provençale Bio Anti-Âge regénérant - 50ml","p":10.12,"u":"202,40 €/L","img":"https://fd13-photos.leclercdrive.fr/image.ashx?id=2950360&use=l&cat=p&typeid=i","cat":325345},{"id":112556,"n":"Oignon rouge Bio  Bio Village - 500g","p":1.99,"u":"3,98 €/KG","img":"https://fd13-photos.leclercdrive.fr/image.ashx?id=2922460&use=l&cat=p&typeid=i","cat":284352},{"id":112557,"n":"Gnocchi à poêler Lustucru Fromage - 2x300g+ 300g offerts","p":3.19,"u":"3,54 €/KG","img":"https://fd13-photos.leclercdrive.fr/image.ashx?id=2192398&use=l&cat=p&typeid=i","cat":333682},{"id":112583,"n":"Biscuits Milka Chocolat au lait - 150g","p":2.52,"u":"16,80 €/KG","img":"https://fd13-photos.leclercdrive.fr/image.ashx?id=2347326&use=l&cat=p&typeid=i","cat":284488},{"id":112599,"n":"Sachets Chats Ultima Nature Poissons - 12x85g","p":8.98,"u":"8,80 €/KG","img":"https://fd13-photos.leclercdrive.fr/image.ashx?id=2338648&use=l&cat=p&typeid=i","cat":285286},{"id":112621,"n":"Riz au lait La Laitière Vanille - 4x115g","p":1.6,"u":"3,48 €/KG","img":"https://fd13-photos.leclercdrive.fr/image.ashx?id=2661151&use=l&cat=p&typeid=i","cat":284418},{"id":112623,"n":"Riz au lait La Laitière Vanille - 8x115g","p":3.12,"u":"3,39 €/KG","img":"https://fd13-photos.leclercdrive.fr/image.ashx?id=2610783&use=l&cat=p&typeid=i","cat":284418},{"id":112624,"n":"Semoule au lait La Laitière Vanille - 4x115g","p":1.65,"u":"3,59 €/KG","img":"https://fd13-photos.leclercdrive.fr/image.ashx?id=2654578&use=l&cat=p&typeid=i","cat":284418},{"id":112662,"n":"Vin mousseux Charles Volner Soirée blanche - 75cl","p":5.3,"u":"7,07 €/L","img":"https://fd13-photos.leclercdrive.fr/image.ashx?id=1727814&use=l&cat=p&typeid=i","cat":284544},{"id":112690,"n":"Gianduiotti noir Novi 150g","p":4.83,"u":"32,20 €/KG","img":"https://fd13-photos.leclercdrive.fr/image.ashx?id=2615158&use=l&cat=p&typeid=i","cat":327595},{"id":112695,"n":"Gianduiotti chocolat Novi 160g","p":4.92,"u":"30,75 €/KG","img":"https://fd13-photos.leclercdrive.fr/image.ashx?id=2615155&use=l&cat=p&typeid=i","cat":327595},{"id":112728,"n":"Coffret Mini feuilletés Blini Sapin - x32","p":5.97,"u":"0,19 €/P","img":"https://fd13-photos.leclercdrive.fr/image.ashx?id=2023847&use=l&cat=p&typeid=i","cat":319774},{"id":112806,"n":"Soupe Liquide Liebig  10 Légumes & Crème fraiche - 1L","p":2.46,"u":"2,46 €/L","img":"https://fd13-photos.leclercdrive.fr/image.ashx?id=2941484&use=l&cat=p&typeid=i","cat":284462},{"id":112807,"n":"Soupe liquide Liebig  Légumes et vermicelles - 2x30cl","p":2.0,"u":"3,33 €/L","img":"https://fd13-photos.leclercdrive.fr/image.ashx?id=2164075&use=l&cat=p&typeid=i","cat":284462},{"id":112808,"n":"Soupe liquide Liebig légumes Et vermicelles - Brique 1L","p":2.14,"u":"2,14 €/L","img":"https://fd13-photos.leclercdrive.fr/image.ashx?id=2892142&use=l&cat=p&typeid=i","cat":284462},{"id":112811,"n":"Gel Lave-Vaisselle Sun Tout-en-1 Citron 52 Lavages","p":7.9,"u":"8,78 €/L","img":"https://fd13-photos.leclercdrive.fr/image.ashx?id=2356268&use=l&cat=p&typeid=i","cat":284656},{"id":112905,"n":"Soupe liquide bouteille Liebig  Velouté Potiron Chataîgne -75cl","p":3.18,"u":"4,24 €/L","img":"https://fd13-photos.leclercdrive.fr/image.ashx?id=2842564&use=l&cat=p&typeid=i","cat":284462},{"id":113108,"n":"Tartine Grilletine de Pasquier Froment - x18 - 242g","p":1.64,"u":"6,78 €/KG","img":"https://fd13-photos.leclercdrive.fr/image.ashx?id=2333060&use=l&cat=p&typeid=i","cat":284479},{"id":113110,"n":"Tartine Grilletine de Pasquier Blé complet - x18 - 242g","p":1.61,"u":"6,65 €/KG","img":"https://fd13-photos.leclercdrive.fr/image.ashx?id=2333063&use=l&cat=p&typeid=i","cat":284479},{"id":113127,"n":"Groseilles Panier du Primeur 125g","p":2.49,"u":"19,92 €/KG","img":"https://fd13-photos.leclercdrive.fr/image.ashx?id=2414573&use=l&cat=p&typeid=i","cat":284356},{"id":113163,"n":"Framboises Panier du Primeur 125g","p":2.49,"u":"19,92 €/KG","img":"https://fd13-photos.leclercdrive.fr/image.ashx?id=2843800&use=l&cat=p&typeid=i","cat":284356},{"id":113167,"n":"Prunes rouges Panier du Primeur Barquette 750g","p":2.49,"u":"3,32 €/KG","img":"https://fd13-photos.leclercdrive.fr/image.ashx?id=2928234&use=l&cat=p&typeid=i","cat":284356},{"id":113330,"n":"Petits pois Cassegrain 2x280g","p":3.49,"u":"6,23 €/KG","img":"https://fd13-photos.leclercdrive.fr/image.ashx?id=2138611&use=l&cat=p&typeid=i","cat":312607},{"id":113334,"n":"Petits pois carottes Cassegrain 2x265g","p":3.49,"u":"6,58 €/KG","img":"https://fd13-photos.leclercdrive.fr/image.ashx?id=2953453&use=l&cat=p&typeid=i","cat":312607},{"id":113352,"n":"Serviettes Discreet Tena Lady Megapack - Normal - x30","p":6.94,"u":"0,23 €/P","img":"https://fd13-photos.leclercdrive.fr/image.ashx?id=2975440&use=l&cat=p&typeid=i","cat":284628},{"id":113358,"n":"Bière ambrée Leffe 6,6% - 12x25cl","p":9.49,"u":"3,16 €/L","img":"https://fd13-photos.leclercdrive.fr/image.ashx?id=2533985&use=l&cat=p&typeid=i","cat":334852},{"id":113558,"n":"Compotes Pom'Potes Gourdes  5 Fruits Exotiques - 4x90g","p":2.2,"u":"6,11 €/KG","img":"https://fd13-photos.leclercdrive.fr/image.ashx?id=2990424&use=l&cat=p&typeid=i","cat":284508},{"id":113618,"n":"Crozets aux noix Alpina Savoie Dauphine - 375g","p":2.31,"u":"6,16 €/KG","img":"https://fd13-photos.leclercdrive.fr/image.ashx?id=2795069&use=l&cat=p&typeid=i","cat":284427},{"id":113680,"n":"Brioche tressée Nature Harrys Sucre perlé sans additif - 500g","p":2.89,"u":"5,78 €/KG","img":"https://fd13-photos.leclercdrive.fr/image.ashx?id=2503013&use=l&cat=p&typeid=i","cat":284478},{"id":113687,"n":"Arrangé goyave rooibos Isautier 40% vol. - 50cl","p":15.09,"u":"30,18 €/L","img":"https://fd13-photos.leclercdrive.fr/image.ashx?id=2153759&use=l&cat=p&typeid=i","cat":284551},{"id":113709,"n":"Crème dessert La Laitière Pot de crème caramel - 4x100g","p":2.36,"u":"5,90 €/KG","img":"https://fd13-photos.leclercdrive.fr/image.ashx?id=2849683&use=l&cat=p&typeid=i","cat":285041},{"id":113711,"n":"Filets de cabillaud Findus MSC - 600g","p":13.94,"u":"23,23 €/KG","img":"https://fd13-photos.leclercdrive.fr/image.ashx?id=2735350&use=l&cat=p&typeid=i","cat":319786},{"id":113743,"n":"Tenders Maître Coq Filet de poulet crusty - 380g","p":5.97,"u":"15,71 €/KG","img":"https://fd13-photos.leclercdrive.fr/image.ashx?id=2773412&use=l&cat=p&typeid=i","cat":333684},{"id":113756,"n":"Fromage blanc Calin Nature - 3,2%MG - 1kg","p":2.78,"u":"2,78 €/KG","img":"https://fd13-photos.leclercdrive.fr/image.ashx?id=2973727&use=l&cat=p&typeid=i","cat":284409},{"id":113779,"n":"Assiette bio Bio Village Haricot vert dinde 12 mois 230g","p":1.45,"u":"6,30 €/KG","img":"https://fd13-photos.leclercdrive.fr/image.ashx?id=2900217&use=l&cat=p&typeid=i","cat":312237},{"id":113787,"n":"Assiette pâtes bio Bio Village Légumes saumon 18 mois 260g","p":1.95,"u":"7,50 €/KG","img":"https://fd13-photos.leclercdrive.fr/image.ashx?id=2900232&use=l&cat=p&typeid=i","cat":312238},{"id":113792,"n":"Assiette bio 15mois Bio Village Legumes volaille basquaise 250g","p":1.79,"u":"7,16 €/KG","img":"https://fd13-photos.leclercdrive.fr/image.ashx?id=2900244&use=l&cat=p&typeid=i","cat":312238},{"id":113808,"n":"Crème dessert La Laitière Pot de crème vanille - 4x100g","p":2.28,"u":"5,70 €/KG","img":"https://fd13-photos.leclercdrive.fr/image.ashx?id=2875969&use=l&cat=p&typeid=i","cat":285041},{"id":113811,"n":"Crème dessert La Laitière Pot de crème chocolat - 4x100g","p":2.23,"u":"5,58 €/KG","img":"https://fd13-photos.leclercdrive.fr/image.ashx?id=2875966&use=l&cat=p&typeid=i","cat":285041},{"id":113813,"n":"Crème dessert La Laitière Pot de crème café - 4x100g","p":2.43,"u":"6,08 €/KG","img":"https://fd13-photos.leclercdrive.fr/image.ashx?id=2875963&use=l&cat=p&typeid=i","cat":285041},{"id":113851,"n":"100% pur Jus bio Bio Village Petit-déjeuner  - 1L","p":2.87,"u":"2,87 €/L","img":"https://fd13-photos.leclercdrive.fr/image.ashx?id=2901566&use=l&cat=p&typeid=i","cat":284521},{"id":113855,"n":"Boisson thé Fresh Tea Pêche abricot - 1.5L","p":1.82,"u":"1,21 €/L","img":"https://fd13-photos.leclercdrive.fr/image.ashx?id=2622281&use=l&cat=p&typeid=i","cat":295019},{"id":113858,"n":"Yaourt à la grecque YAOS Nature - 8x125g","p":3.27,"u":"3,27 €/KG","img":"https://fd13-photos.leclercdrive.fr/image.ashx?id=2418462&use=l&cat=p&typeid=i","cat":314999},{"id":113969,"n":"Thon Albacore Le Savoureux Entier à l'Huile d'Olive - 80g","p":1.78,"u":"22,25 €/KG","img":"https://fd13-photos.leclercdrive.fr/image.ashx?id=2167919&use=l&cat=p&typeid=i","cat":303867},{"id":113998,"n":"Girasoli Lustucru Selection  Ricotta Epinard - 250g","p":2.59,"u":"10,36 €/KG","img":"https://fd13-photos.leclercdrive.fr/image.ashx?id=2974351&use=l&cat=p&typeid=i","cat":333682},{"id":114017,"n":"Bière blonde Heineken 5%vol - 12x33cl","p":9.55,"u":"2,41 €/L","img":"https://fd13-photos.leclercdrive.fr/image.ashx?id=3008125&use=l&cat=p&typeid=i","cat":334853},{"id":114018,"n":"Bière blonde Heineken 5%vol - Boite 4x50cl","p":4.74,"u":"2,37 €/L","img":"https://fd13-photos.leclercdrive.fr/image.ashx?id=3008122&use=l&cat=p&typeid=i","cat":334853},{"id":114020,"n":"Bière aromatisée  Desperados 5.9%vol - Boite 50cl","p":1.72,"u":"3,44 €/L","img":"https://fd13-photos.leclercdrive.fr/image.ashx?id=2977303&use=l&cat=p&typeid=i","cat":334853},{"id":114023,"n":"Thon au naturel Petit Navire Démarche Responsable - 280g","p":4.6,"u":"16,43 €/KG","img":"https://fd13-photos.leclercdrive.fr/image.ashx?id=2909974&use=l&cat=p&typeid=i","cat":303867},{"id":114091,"n":"Lait corps satinant Inell 250ml","p":2.5,"u":"10,00 €/L","img":"https://fd13-photos.leclercdrive.fr/image.ashx?id=2691697&use=l&cat=p&typeid=i","cat":325349},{"id":114092,"n":"Brosse à dents bambou Dentamyl Médium - 1 pièce","p":1.95,"img":"https://fd13-photos.leclercdrive.fr/image.ashx?id=2783495&use=l&cat=p&typeid=i","cat":284614},{"id":114095,"n":"Mouchoirs blancs 3 plis Caresse Boîte - x150","p":1.65,"u":"0,01 €/P","img":"https://fd13-photos.leclercdrive.fr/image.ashx?id=2779298&use=l&cat=p&typeid=i","cat":284638},{"id":114103,"n":"Change culottes Mots d'enfants T6 : +16kg - x36","p":9.75,"u":"0,27 €/P","img":"https://fd13-photos.leclercdrive.fr/image.ashx?id=2907240&use=l&cat=p&typeid=i","cat":290633},{"id":114156,"n":"Huile vierge coco Jardin Bio  Bio - 460g","p":8.05,"u":"17,50 €/KG","img":"https://fd13-photos.leclercdrive.fr/image.ashx?id=2790036&use=l&cat=p&typeid=i","cat":284453},{"id":114169,"n":"Père Noël Milka Lait - 90g","p":4.03,"u":"44,78 €/KG","img":"https://fd13-photos.leclercdrive.fr/image.ashx?id=2488106&use=l&cat=p&typeid=i","cat":327592},{"id":114170,"n":"Père Noël Milka Noisettes - 95g","p":3.69,"u":"38,84 €/KG","img":"https://fd13-photos.leclercdrive.fr/image.ashx?id=2881503&use=l&cat=p&typeid=i","cat":327592},{"id":114175,"n":"Bonbons de Noël Milka Oréo - 86g","p":2.19,"u":"25,47 €/KG","img":"https://fd13-photos.leclercdrive.fr/image.ashx?id=2834005&use=l&cat=p&typeid=i","cat":327592},{"id":114242,"n":"Taboulé Oriental Pierre Martinet - 510g","p":2.18,"u":"4,27 €/KG","img":"https://fd13-photos.leclercdrive.fr/image.ashx?id=2684491&use=l&cat=p&typeid=i","cat":333657},{"id":114375,"n":"AOP Clairette de Die Jaillance Brut - Esprit de Terroir - 75cl","p":5.95,"u":"7,93 €/L","img":"https://fd13-photos.leclercdrive.fr/image.ashx?id=2656781&use=l&cat=p&typeid=i","cat":284544},{"id":114427,"n":"Prunes jaunes Panier du primeur Barquette 750g","p":2.49,"u":"3,32 €/KG","img":"https://fd13-photos.leclercdrive.fr/image.ashx?id=2928231&use=l&cat=p&typeid=i","cat":284356},{"id":114625,"n":"Plat cuisiné Macaroni Entremont 3 fromages - 300g","p":4.16,"u":"13,87 €/KG","img":"https://fd13-photos.leclercdrive.fr/image.ashx?id=2020185&use=l&cat=p&typeid=i","cat":284254},{"id":114650,"n":"Choux de bruxelles Panier du Primeur - 500g","p":1.49,"u":"2,98 €/KG","img":"https://fd13-photos.leclercdrive.fr/image.ashx?id=1744139&use=l&cat=p&typeid=i","cat":284352},{"id":114652,"n":"Mouchoirs blanc 2 plis Caresse Boîte mouchoirs papier - x180","p":1.69,"u":"0,01 €/P","img":"https://fd13-photos.leclercdrive.fr/image.ashx?id=2752640&use=l&cat=p&typeid=i","cat":284638},{"id":114691,"n":"Petits Fours Evasion x25 - 380g","p":9.81,"u":"25,82 €/KG","img":"https://fd13-photos.leclercdrive.fr/image.ashx?id=1872088&use=l&cat=p&typeid=i","cat":316003},{"id":114784,"n":"Comté fromage bloc Les Croisés 350g","p":4.75,"u":"13,57 €/KG","img":"https://fd13-photos.leclercdrive.fr/image.ashx?id=2856636&use=l&cat=p&typeid=i","cat":314034},{"id":114805,"n":"Coeur Coulant Bonne Maman Chocolat - 2x80g","p":2.89,"u":"18,06 €/KG","img":"https://fd13-photos.leclercdrive.fr/image.ashx?id=2912326&use=l&cat=p&typeid=i","cat":284419},{"id":114890,"n":"Fromage Comté NRT AOP 15 mois 200g","p":4.44,"u":"22,20 €/KG","img":"https://fd13-photos.leclercdrive.fr/image.ashx?id=2272030&use=l&cat=p&typeid=i","cat":314034},{"id":114901,"n":"Plat bébé Blédina 12 mois  Artichaut dinde - 2x200g","p":2.67,"u":"6,68 €/KG","img":"https://fd13-photos.leclercdrive.fr/image.ashx?id=2975089&use=l&cat=p&typeid=i","cat":312237},{"id":115113,"n":"Tirlibibi Haribo Boîte bonbons - 750g","p":4.53,"u":"6,04 €/KG","img":"https://fd13-photos.leclercdrive.fr/image.ashx?id=2806922&use=l&cat=p&typeid=i","cat":304250},{"id":115114,"n":"Polka Haribo Sachet bonbons - 300g","p":1.38,"u":"4,60 €/KG","img":"https://fd13-photos.leclercdrive.fr/image.ashx?id=2982414&use=l&cat=p&typeid=i","cat":304250},{"id":115115,"n":"Les Schtroumpfs Haribo Sachet bonbons - 300g","p":1.45,"u":"4,83 €/KG","img":"https://fd13-photos.leclercdrive.fr/image.ashx?id=2788475&use=l&cat=p&typeid=i","cat":304250},{"id":115116,"n":"Chamallows Haribo Guimauves   - 300g","p":1.48,"u":"4,93 €/KG","img":"https://fd13-photos.leclercdrive.fr/image.ashx?id=2984937&use=l&cat=p&typeid=i","cat":304250},{"id":115124,"n":"Terrine chien Bio Poulet légume - 300g","p":1.62,"u":"5,40 €/KG","img":"https://fd13-photos.leclercdrive.fr/image.ashx?id=2333808&use=l&cat=p&typeid=i","cat":284673},{"id":115163,"n":"Infusion Twinings Ayurveda gingembre miel et citron x20","p":2.85,"u":"89,06 €/KG","img":"https://fd13-photos.leclercdrive.fr/image.ashx?id=2893036&use=l&cat=p&typeid=i","cat":293234},{"id":115278,"n":"Gressins traditionnels Artesani 300g","p":2.23,"u":"7,43 €/KG","img":"https://fd13-photos.leclercdrive.fr/image.ashx?id=2475852&use=l&cat=p&typeid=i","cat":289010},{"id":115280,"n":"Gressins Florelli Au Sésame Artesani - 300g","p":2.59,"u":"8,63 €/KG","img":"https://fd13-photos.leclercdrive.fr/image.ashx?id=2475858&use=l&cat=p&typeid=i","cat":289010},{"id":115320,"n":"Capsules café Plantation Equilibré n°6 - x10 - 52g","p":2.19,"u":"42,12 €/KG","img":"https://fd13-photos.leclercdrive.fr/image.ashx?id=2418101&use=l&cat=p&typeid=i","cat":284749},{"id":115321,"n":"Capsules café Plantation Intense n°10 - x10 - 52g","p":2.19,"u":"42,12 €/KG","img":"https://fd13-photos.leclercdrive.fr/image.ashx?id=2908855&use=l&cat=p&typeid=i","cat":284749},{"id":115332,"n":"Capsules café Plantation Brésil n°7 - x10 - 52g","p":2.39,"u":"45,96 €/KG","img":"https://fd13-photos.leclercdrive.fr/image.ashx?id=2418122&use=l&cat=p&typeid=i","cat":284749},{"id":115348,"n":"Capsules café Plantation Noisette n°7 - x10 - 52g","p":2.39,"u":"45,96 €/KG","img":"https://fd13-photos.leclercdrive.fr/image.ashx?id=2908858&use=l&cat=p&typeid=i","cat":284749},{"id":115349,"n":"Capsules café Plantation Intense n°10 - x30 - 156g","p":5.19,"u":"33,27 €/KG","img":"https://fd13-photos.leclercdrive.fr/image.ashx?id=2865095&use=l&cat=p&typeid=i","cat":284749},{"id":115350,"n":"Capsules café Plantation Equilibré N°6 - x30 - 156g","p":5.19,"u":"33,27 €/KG","img":"https://fd13-photos.leclercdrive.fr/image.ashx?id=2852249&use=l&cat=p&typeid=i","cat":284749},{"id":115357,"n":"Tablette De Chocolat A Patisser Pralinoise Praline - 180g","p":2.99,"u":"16,61 €/KG","img":"https://fd13-photos.leclercdrive.fr/image.ashx?id=2890265&use=l&cat=p&typeid=i","cat":285562},{"id":115359,"n":"Pancakes Nature Epi d'Or x18 - 360g","p":1.69,"u":"4,69 €/KG","img":"https://fd13-photos.leclercdrive.fr/image.ashx?id=2860763&use=l&cat=p&typeid=i","cat":284495},{"id":115363,"n":"Lait bébé en poudre Blédilait 1er âge 0-6 mois 900g","p":14.83,"u":"16,48 €/KG","img":"https://fd13-photos.leclercdrive.fr/image.ashx?id=2855052&use=l&cat=p&typeid=i","cat":284726},{"id":115364,"n":"Lait bébé en poudre Blédilait 2e âge 6-12 mois 900g","p":13.6,"u":"15,11 €/KG","img":"https://fd13-photos.leclercdrive.fr/image.ashx?id=2616853&use=l&cat=p&typeid=i","cat":284727},{"id":115377,"n":"Cornichons Rustica Verre décoré - 100g","p":1.86,"u":"18,60 €/KG","img":"https://fd13-photos.leclercdrive.fr/image.ashx?id=3004648&use=l&cat=p&typeid=i","cat":284458},{"id":115442,"n":"IGP Pays d'Oc Vin rouge Bleu de Mer - B. Magrez - 75cl","p":5.49,"u":"7,32 €/L","img":"https://fd13-photos.leclercdrive.fr/image.ashx?id=2867629&use=l&cat=p&typeid=i","cat":289556},{"id":115488,"n":"Bière blonde 1664 5,5° - 12x25cl","p":7.59,"u":"2,53 €/L","img":"https://fd13-photos.leclercdrive.fr/image.ashx?id=2215566&use=l&cat=p&typeid=i","cat":334873},{"id":115492,"n":"Bière blonde 1664 5,5° - 6x25cl","p":4.14,"u":"2,76 €/L","img":"https://fd13-photos.leclercdrive.fr/image.ashx?id=2215572&use=l&cat=p&typeid=i","cat":334873},{"id":115502,"n":"Persil et Ail Rustica 75g","p":1.99,"u":"26,53 €/KG","img":"https://fd13-photos.leclercdrive.fr/image.ashx?id=2365493&use=l&cat=p&typeid=i","cat":319804},{"id":115505,"n":"Fromage Fourme d'Ambert NRT  AOP - 250g","p":3.23,"u":"12,92 €/KG","img":"https://fd13-photos.leclercdrive.fr/image.ashx?id=2459397&use=l&cat=p&typeid=i","cat":314032},{"id":115507,"n":"Mini Samoussas Table du Monde Boeuf poulet - 220g","p":3.31,"u":"15,05 €/KG","img":"https://fd13-photos.leclercdrive.fr/image.ashx?id=2947350&use=l&cat=p&typeid=i","cat":333673},{"id":115528,"n":"Alcool 90° Primoplast 100ml","p":2.19,"u":"21,90 €/L","img":"https://fd13-photos.leclercdrive.fr/image.ashx?id=1761546&use=l&cat=p&typeid=i","cat":284630},{"id":115771,"n":"Lait bébé en poudre Gallia Calisma 2e âge 6-12mois 2x600g","p":20.15,"u":"16,79 €/KG","img":"https://fd13-photos.leclercdrive.fr/image.ashx?id=2935750&use=l&cat=p&typeid=i","cat":284727},{"id":115772,"n":"Pâte à tartiner Bio Village Aux noisette bio - 600g","p":4.16,"u":"6,93 €/KG","img":"https://fd13-photos.leclercdrive.fr/image.ashx?id=2977201&use=l&cat=p&typeid=i","cat":284481},{"id":115773,"n":"Lait bébé en poudre Gallia Calisma 1er âge 0-6 mois 2x600g","p":23.42,"u":"19,52 €/KG","img":"https://fd13-photos.leclercdrive.fr/image.ashx?id=2953755&use=l&cat=p&typeid=i","cat":284726},{"id":115787,"n":"AOC Coteaux d'Aix-en-Provence vin rosé Terres Ocrées - 75cl","p":4.49,"u":"5,99 €/L","img":"https://fd13-photos.leclercdrive.fr/image.ashx?id=2747758&use=l&cat=p&typeid=i","cat":289558},{"id":115821,"n":"Confiture mirabelle Bonne Maman Intense - 335g","p":2.38,"u":"7,10 €/KG","img":"https://fd13-photos.leclercdrive.fr/image.ashx?id=2341026&use=l&cat=p&typeid=i","cat":284480},{"id":115905,"n":"Yaourt brassé Perle de Lait Coco - 8x125g","p":3.65,"u":"3,65 €/KG","img":"https://fd13-photos.leclercdrive.fr/image.ashx?id=2989204&use=l&cat=p&typeid=i","cat":314999},{"id":115910,"n":"Yaourt brassé Perle de Lait Vanille - 8x125g","p":3.33,"u":"3,33 €/KG","img":"https://fd13-photos.leclercdrive.fr/image.ashx?id=2990568&use=l&cat=p&typeid=i","cat":314999},{"id":115958,"n":"Poelée de cèpes Magda Au beurre persillé - 300g","p":3.98,"pp":2.63,"u":"8,77 €/KG","img":"https://fd13-photos.leclercdrive.fr/image.ashx?id=2790015&use=l&cat=p&typeid=i","cat":319823},{"id":115970,"n":"Girolles à la crème Magda 300g","p":3.98,"pp":2.63,"u":"8,77 €/KG","img":"https://fd13-photos.leclercdrive.fr/image.ashx?id=2411117&use=l&cat=p&typeid=i","cat":319805},{"id":115991,"n":"Squidgies Haribo Sachet bonbons - 200g","p":1.69,"u":"8,45 €/KG","img":"https://fd13-photos.leclercdrive.fr/image.ashx?id=2984934&use=l&cat=p&typeid=i","cat":304250},{"id":116002,"n":"Porto Cruz Blanc - 18%vol - 75cl","p":7.12,"u":"9,49 €/L","img":"https://fd13-photos.leclercdrive.fr/image.ashx?id=2535822&use=l&cat=p&typeid=i","cat":284913},{"id":116010,"n":"Biscotte Pasquier Blé sans sucre ajoutés - 300g","p":1.75,"u":"5,83 €/KG","img":"https://fd13-photos.leclercdrive.fr/image.ashx?id=2507952&use=l&cat=p&typeid=i","cat":284479},{"id":116170,"n":"Adoucissant concentré Hyperdou Fraîcheur x75 - 1.95L","p":3.61,"u":"1,85 €/L","img":"https://fd13-photos.leclercdrive.fr/image.ashx?id=2602949&use=l&cat=p&typeid=i","cat":284650},{"id":116171,"n":"Adoucissant concentré Hyperdou Pur Caresse x75 - 1.95L","p":3.65,"u":"1,87 €/L","img":"https://fd13-photos.leclercdrive.fr/image.ashx?id=2614512&use=l&cat=p&typeid=i","cat":284650},{"id":116199,"n":"Vin blanc pétillant Roche Mazet Brut Chardonnay - 75cl","p":4.5,"pp":2.97,"u":"3,96 €/L","img":"https://fd13-photos.leclercdrive.fr/image.ashx?id=2475615&use=l&cat=p&typeid=i","cat":284544},{"id":116221,"n":"Crème de jour L'Oréal Paris  Revitalift Anti-âge - 50ml","p":14.64,"u":"292,80 €/L","img":"https://fd13-photos.leclercdrive.fr/image.ashx?id=2926581&use=l&cat=p&typeid=i","cat":325345},{"id":116224,"n":"Porto Tawny Cruz 18%vol - 75cl","p":7.43,"u":"9,91 €/L","img":"https://fd13-photos.leclercdrive.fr/image.ashx?id=2536373&use=l&cat=p&typeid=i","cat":284913},{"id":116240,"n":"Lait bébé liquide Blédilait croissance 1-3 ans 6x1L","p":13.1,"u":"2,18 €/L","img":"https://fd13-photos.leclercdrive.fr/image.ashx?id=2685799&use=l&cat=p&typeid=i","cat":284728},{"id":116321,"n":"Soupe liquide Liebig tomates  Et vermicelles - Brique 1L","p":2.12,"u":"2,12 €/L","img":"https://fd13-photos.leclercdrive.fr/image.ashx?id=2941481&use=l&cat=p&typeid=i","cat":284462},{"id":116387,"n":"Pâte à tartiner Poulain  Cacao noisette - 400g","p":2.76,"u":"6,90 €/KG","img":"https://fd13-photos.leclercdrive.fr/image.ashx?id=2806354&use=l&cat=p&typeid=i","cat":284481},{"id":116432,"n":"Parmentier de saumon Fleury Michon - 300g","p":3.06,"u":"10,20 €/KG","img":"https://fd13-photos.leclercdrive.fr/image.ashx?id=2662349&use=l&cat=p&typeid=i","cat":333665},{"id":116466,"n":"Coloration 4.15 Olia Marron glacé - x2","p":15.89,"u":"7,95 €/P","img":"https://fd13-photos.leclercdrive.fr/image.ashx?id=2422893&use=l&cat=p&typeid=i","cat":288899},{"id":116557,"n":"Mouche bébé Prohinel  x2 embouts jetables","p":5.96,"img":"https://fd13-photos.leclercdrive.fr/image.ashx?id=2918817&use=l&cat=p&typeid=i","cat":289435},{"id":116607,"n":"Gourmandises de volaille  Maître Coq - Marrons - 380g","p":14.99,"u":"39,45 €/KG","img":"https://fd13-photos.leclercdrive.fr/image.ashx?id=2962494&use=l&cat=p&typeid=i","cat":327289},{"id":116670,"n":"Steak haché Bigard 12%MG Label Rouge - 250g","p":5.11,"u":"20,44 €/KG","img":"https://fd13-photos.leclercdrive.fr/image.ashx?id=2176254&use=l&cat=p&typeid=i","cat":284332},{"id":116875,"n":"Salade & Cie Sodebo Palerme Jambon Speck Chèvre Pâtes 320g","p":4.69,"u":"14,66 €/KG","img":"https://fd13-photos.leclercdrive.fr/image.ashx?id=2771933&use=l&cat=p&typeid=i","cat":333657},{"id":116967,"n":"Carottes filière  Panier du Primeur - 1kg","p":1.49,"u":"1,49 €/KG","img":"https://fd13-photos.leclercdrive.fr/image.ashx?id=2920229&use=l&cat=p&typeid=i","cat":284352},{"id":116985,"n":"Parmesan Râpé Giovanni Ferrari  22 mois AOP - 60g","p":1.81,"u":"30,17 €/KG","img":"https://fd13-photos.leclercdrive.fr/image.ashx?id=3002297&use=l&cat=p&typeid=i","cat":314035},{"id":117245,"n":"Sacs de congélation zip Alfapac Renforcé - x30","p":2.76,"img":"https://fd13-photos.leclercdrive.fr/image.ashx?id=2986338&use=l&cat=p&typeid=i","cat":334134},{"id":117248,"n":"Biscuits Gerblé Bio Amande cranberry - 132g","p":1.89,"u":"14,32 €/KG","img":"https://fd13-photos.leclercdrive.fr/image.ashx?id=2662868&use=l&cat=p&typeid=i","cat":318651},{"id":117252,"n":"Mouliné Régal Soupe Légumes d'autrefois - 1L","p":1.65,"u":"1,65 €/L","img":"https://fd13-photos.leclercdrive.fr/image.ashx?id=2607590&use=l&cat=p&typeid=i","cat":284462},{"id":117283,"n":"Petits pois Notre Jardin Sans sel ajouté - 280g","p":0.9,"u":"3,21 €/KG","img":"https://fd13-photos.leclercdrive.fr/image.ashx?id=3002638&use=l&cat=p&typeid=i","cat":312607},{"id":117297,"n":"Haricots verts Notre Jardin Sans sel ajouté - 225g","p":0.88,"u":"3,91 €/KG","img":"https://fd13-photos.leclercdrive.fr/image.ashx?id=3002644&use=l&cat=p&typeid=i","cat":312606},{"id":117330,"n":"Champignon Notre Jardin Emincé Sans sel ajouté - 230g","p":1.18,"u":"5,13 €/KG","img":"https://fd13-photos.leclercdrive.fr/image.ashx?id=1792507&use=l&cat=p&typeid=i","cat":312610},{"id":117378,"n":"Petits pois d'aucy  Bio - 58cl","p":3.49,"u":"10,26 €/KG","img":"https://fd13-photos.leclercdrive.fr/image.ashx?id=2431545&use=l&cat=p&typeid=i","cat":312607},{"id":117379,"n":"Pois chiches Bio D'Aucy 340g","p":3.04,"u":"8,94 €/KG","img":"https://fd13-photos.leclercdrive.fr/image.ashx?id=2562193&use=l&cat=p&typeid=i","cat":312609},{"id":117403,"n":"Poêlée de légumes Bonduelle La Parisienne - 750g","p":3.51,"u":"4,68 €/KG","img":"https://fd13-photos.leclercdrive.fr/image.ashx?id=2907908&use=l&cat=p&typeid=i","cat":319823},{"id":117404,"n":"La Poêlée Rustique Bonduelle 750g","p":3.5,"u":"4,67 €/KG","img":"https://fd13-photos.leclercdrive.fr/image.ashx?id=2910055&use=l&cat=p&typeid=i","cat":319823},{"id":117405,"n":"Poêlée méditerranéenne  Bonduelle - 750g","p":3.59,"u":"4,79 €/KG","img":"https://fd13-photos.leclercdrive.fr/image.ashx?id=2962113&use=l&cat=p&typeid=i","cat":319823},{"id":117407,"n":"Poêlée à la paysanne Bonduelle 750g","p":3.48,"u":"4,64 €/KG","img":"https://fd13-photos.leclercdrive.fr/image.ashx?id=2907911&use=l&cat=p&typeid=i","cat":319823},{"id":117457,"n":"Eau aromatisée Cristaline Jus de fruits citron - 1.5L","p":1.11,"u":"0,74 €/L","img":"https://fd13-photos.leclercdrive.fr/image.ashx?id=2386623&use=l&cat=p&typeid=i","cat":284537},{"id":117639,"n":"Bière blonde Heineken 50cl","p":1.17,"u":"2,34 €/L","img":"https://fd13-photos.leclercdrive.fr/image.ashx?id=3008116&use=l&cat=p&typeid=i","cat":334853},{"id":117828,"n":"Lardons fumés au bois CharcuFine du Forez - 140g","p":1.29,"u":"9,21 €/KG","img":"https://fd13-photos.leclercdrive.fr/image.ashx?id=2913268&use=l&cat=p&typeid=i","cat":316011},{"id":118038,"n":"AOP Alsace Gewurztraminer Nos Vignerons ont du Talent - 75cl","p":8.99,"u":"11,99 €/L","img":"https://fd13-photos.leclercdrive.fr/image.ashx?id=2566203&use=l&cat=p&typeid=i","cat":289557},{"id":118113,"n":"Sauce soja Bio Village Bio - 150ml","p":1.99,"u":"13,27 €/L","img":"https://fd13-photos.leclercdrive.fr/image.ashx?id=2913772&use=l&cat=p&typeid=i","cat":288992},{"id":118116,"n":"Sauce soja sucrée Bio Village Bio - 150ml","p":1.99,"u":"13,27 €/L","img":"https://fd13-photos.leclercdrive.fr/image.ashx?id=2913775&use=l&cat=p&typeid=i","cat":288992},{"id":118119,"n":"Nouilles sautées Yakiniku au boeuf et oignons - 300g","p":5.28,"u":"17,60 €/KG","img":"https://fd13-photos.leclercdrive.fr/image.ashx?id=1849600&use=l&cat=p&typeid=i","cat":284254},{"id":118230,"n":"Bouchée à la reine Bigard x2 - 260g","p":4.5,"u":"17,31 €/KG","img":"https://fd13-photos.leclercdrive.fr/image.ashx?id=2732905&use=l&cat=p&typeid=i","cat":333671},{"id":118231,"n":"Bouchée  Bigard aux fruits de mer - x2 - 260g","p":4.5,"u":"17,31 €/KG","img":"https://fd13-photos.leclercdrive.fr/image.ashx?id=2732902&use=l&cat=p&typeid=i","cat":333671},{"id":118289,"n":"Canard confit Marie Ecrasé de pomme de terre 300g","p":4.34,"u":"14,47 €/KG","img":"https://fd13-photos.leclercdrive.fr/image.ashx?id=2799886&use=l&cat=p&typeid=i","cat":333665},{"id":118318,"n":"Fromage Raclette Les Croisés Truffe - 200g","p":4.7,"u":"23,50 €/KG","img":"https://fd13-photos.leclercdrive.fr/image.ashx?id=2793293&use=l&cat=p&typeid=i","cat":314037},{"id":118349,"n":"Légumes et céréales Bonduelle Patates douces boulgour 500g","p":3.19,"u":"6,38 €/KG","img":"https://fd13-photos.leclercdrive.fr/image.ashx?id=2876170&use=l&cat=p&typeid=i","cat":319823},{"id":118408,"n":"Lait bébé en poudre Galliagest 1er âge 0-6 mois 820g","p":19.64,"u":"23,95 €/KG","img":"https://fd13-photos.leclercdrive.fr/image.ashx?id=2983054&use=l&cat=p&typeid=i","cat":284726},{"id":118412,"n":"Lait bébé en poudre Galliagest 2 âge 6-12 mois 820g","p":18.64,"u":"22,73 €/KG","img":"https://fd13-photos.leclercdrive.fr/image.ashx?id=2771666&use=l&cat=p&typeid=i","cat":284727},{"id":118414,"n":"Lait bébé en poudre Blédilait 1er âge 0-6 mois 820g","p":15.4,"u":"18,78 €/KG","img":"https://fd13-photos.leclercdrive.fr/image.ashx?id=2500051&use=l&cat=p&typeid=i","cat":284726},{"id":118426,"n":"Lait bébé en poudre Blédilait 2e âge 6-12 mois 820g","p":15.01,"u":"18,30 €/KG","img":"https://fd13-photos.leclercdrive.fr/image.ashx?id=2500054&use=l&cat=p&typeid=i","cat":284727},{"id":118442,"n":"Bonbons Tic Tac Menthe extra fraîche x100 - 49g","p":1.6,"u":"32,65 €/KG","img":"https://fd13-photos.leclercdrive.fr/image.ashx?id=2737243&use=l&cat=p&typeid=i","cat":304256},{"id":118516,"n":"Mini quenelle nature 300g","p":3.51,"u":"11,70 €/KG","img":"https://fd13-photos.leclercdrive.fr/image.ashx?id=2104291&use=l&cat=p&typeid=i","cat":333682},{"id":118536,"n":"Boules inox Eco+ x2","p":0.24,"u":"0,12 €/P","img":"https://fd13-photos.leclercdrive.fr/image.ashx?id=1862246&use=l&cat=p&typeid=i","cat":284667},{"id":118581,"n":"Sacs poubelle 50L Alfapac Maxi poids - x10","p":2.76,"u":"0,28 €/P","img":"https://fd13-photos.leclercdrive.fr/image.ashx?id=2526899&use=l&cat=p&typeid=i","cat":285168},{"id":118583,"n":"Tampons Uni Vert Normal digital - x16","p":1.63,"u":"0,10 €/P","img":"https://fd13-photos.leclercdrive.fr/image.ashx?id=2896901&use=l&cat=p&typeid=i","cat":284626},{"id":118667,"n":"Sucre en poudre Canderel 250g","p":4.7,"u":"18,80 €/KG","img":"https://fd13-photos.leclercdrive.fr/image.ashx?id=2461466&use=l&cat=p&typeid=i","cat":324846},{"id":118669,"n":"Câpres surfines Jardin d'Orante Citron et thym - Bio - 60g","p":2.76,"u":"46,00 €/KG","img":"https://fd13-photos.leclercdrive.fr/image.ashx?id=2883113&use=l&cat=p&typeid=i","cat":284458},{"id":118960,"n":"Brookie Pocket, pépites choco 184g","p":2.56,"u":"13,91 €/KG","img":"https://fd13-photos.leclercdrive.fr/image.ashx?id=2964718&use=l&cat=p&typeid=i","cat":284495},{"id":119105,"n":"Nouille de riz Suzi Wan 160g","p":1.95,"u":"12,19 €/KG","img":"https://fd13-photos.leclercdrive.fr/image.ashx?id=3002180&use=l&cat=p&typeid=i","cat":288992},{"id":119262,"n":"Sauce bolognaise Panzani 100% Pur Bœuf - 400G","p":2.21,"u":"5,53 €/KG","img":"https://fd13-photos.leclercdrive.fr/image.ashx?id=2984754&use=l&cat=p&typeid=i","cat":287599},{"id":119267,"n":"Café moulu Plantation Noir intense - 3x250g","p":10.19,"u":"13,59 €/KG","img":"https://fd13-photos.leclercdrive.fr/image.ashx?id=2607587&use=l&cat=p&typeid=i","cat":284750},{"id":119273,"n":"Carottes Notre Jardin 3x130g","p":2.25,"u":"5,77 €/KG","img":"https://fd13-photos.leclercdrive.fr/image.ashx?id=2537364&use=l&cat=p&typeid=i","cat":312607},{"id":119275,"n":"Haricots blancs Notre Jardin 3x125g","p":1.99,"u":"5,31 €/KG","img":"https://fd13-photos.leclercdrive.fr/image.ashx?id=3002632&use=l&cat=p&typeid=i","cat":312606},{"id":119287,"n":"Protège lingerie bio Tadam Dermo-sensitif normal - x24","p":2.69,"img":"https://fd13-photos.leclercdrive.fr/image.ashx?id=2754764&use=l&cat=p&typeid=i","cat":284625},{"id":119332,"n":"Tampon digital Uni Vert Ecolo super - x16","p":1.9,"u":"0,12 €/P","img":"https://fd13-photos.leclercdrive.fr/image.ashx?id=2939085&use=l&cat=p&typeid=i","cat":284626},{"id":119334,"n":"Serviettes ultra normal Tadam Dermo-sensitives bio - x16","p":2.62,"u":"0,16 €/P","img":"https://fd13-photos.leclercdrive.fr/image.ashx?id=2754749&use=l&cat=p&typeid=i","cat":284624},{"id":119337,"n":"Crème légère jour So Bio Etic Anti-âge argan bio - 50ml","p":9.11,"u":"182,20 €/L","img":"https://fd13-photos.leclercdrive.fr/image.ashx?id=2788730&use=l&cat=p&typeid=i","cat":325345},{"id":119510,"n":"Blancs de poireaux filière Panier du Primeur - 500g","p":2.49,"u":"4,98 €/KG","img":"https://fd13-photos.leclercdrive.fr/image.ashx?id=2930894&use=l&cat=p&typeid=i","cat":284352},{"id":119551,"n":"Fluide de jour lait d'anesse So Bio Etic bio - 50ml","p":8.22,"u":"164,40 €/L","img":"https://fd13-photos.leclercdrive.fr/image.ashx?id=2855277&use=l&cat=p&typeid=i","cat":325345},{"id":119556,"n":"Compotes Materne Coupelles  Pomme Châtaigne - 4x100g","p":1.83,"u":"4,58 €/KG","img":"https://fd13-photos.leclercdrive.fr/image.ashx?id=3007915&use=l&cat=p&typeid=i","cat":284508},{"id":119559,"n":"Compotes Materne Coupelles  Multivariétés Rouges - 16x100g","p":5.22,"u":"3,26 €/KG","img":"https://fd13-photos.leclercdrive.fr/image.ashx?id=3010843&use=l&cat=p&typeid=i","cat":284508},{"id":119560,"n":"Compotes Materne Coupelles  Multivariétés Jaunes - 16x100g","p":5.13,"u":"3,21 €/KG","img":"https://fd13-photos.leclercdrive.fr/image.ashx?id=3010846&use=l&cat=p&typeid=i","cat":284508},{"id":119709,"n":"Fromage Persillée Saint Agur  125g","p":2.49,"u":"19,92 €/KG","img":"https://fd13-photos.leclercdrive.fr/image.ashx?id=2981515&use=l&cat=p&typeid=i","cat":314032},{"id":119797,"n":"Comté fromage bloc Les Croisés 200g","p":2.85,"u":"14,25 €/KG","img":"https://fd13-photos.leclercdrive.fr/image.ashx?id=2856585&use=l&cat=p&typeid=i","cat":314034},{"id":119913,"n":"Yaourt à boire Yop Yoplait Chocolat - 850g","p":1.74,"u":"2,05 €/KG","img":"https://fd13-photos.leclercdrive.fr/image.ashx?id=2855534&use=l&cat=p&typeid=i","cat":295246},{"id":119941,"n":"Fromage à Tartiner Tartare Ail et Fines Herbes 10P - 160g","p":2.04,"u":"12,75 €/KG","img":"https://fd13-photos.leclercdrive.fr/image.ashx?id=2867410&use=l&cat=p&typeid=i","cat":314029},{"id":119943,"n":"Soupe 10 légumes Liebig A la crème - x2 - 60cl","p":2.22,"u":"3,70 €/L","img":"https://fd13-photos.leclercdrive.fr/image.ashx?id=2892139&use=l&cat=p&typeid=i","cat":284462},{"id":119956,"n":"Filets de limande du Nord MSC L'Atelier Poissonnerie x2 200g","p":3.39,"u":"16,95 €/KG","img":"https://fd13-photos.leclercdrive.fr/image.ashx?id=2652101&use=l&cat=p&typeid=i","cat":284344},{"id":119958,"n":"Filets de colin d'Alaska Meunière MSC x2 - 200g","p":2.49,"u":"12,45 €/KG","img":"https://fd13-photos.leclercdrive.fr/image.ashx?id=2652107&use=l&cat=p&typeid=i","cat":284344},{"id":119959,"n":"Filets de limande du Nord MSC L'Atelier Poissonnerie x4 400g","p":6.49,"u":"16,23 €/KG","img":"https://fd13-photos.leclercdrive.fr/image.ashx?id=2855292&use=l&cat=p&typeid=i","cat":284344},{"id":119960,"n":"Filets de colin pané d'Alaska MSC sans arrêtes x2 - 220g","p":2.99,"u":"13,59 €/KG","img":"https://fd13-photos.leclercdrive.fr/image.ashx?id=2652110&use=l&cat=p&typeid=i","cat":284344},{"id":119963,"n":"Pavés de saumon de Norvège ASC L'Atelier Poissonnerie x2 250g","p":5.99,"u":"23,96 €/KG","img":"https://fd13-photos.leclercdrive.fr/image.ashx?id=2340590&use=l&cat=p&typeid=i","cat":284342},{"id":119965,"n":"Pavés de saumon ASC Norvège L'Atelier Poissonnerie x4 -500g","p":11.49,"u":"22,98 €/KG","img":"https://fd13-photos.leclercdrive.fr/image.ashx?id=2349926&use=l&cat=p&typeid=i","cat":284342},{"id":119967,"n":"Pavés de saumon LR Ecosse L'Atelier Poissonnerie x2 -250g","p":8.99,"u":"35,96 €/KG","img":"https://fd13-photos.leclercdrive.fr/image.ashx?id=2349923&use=l&cat=p&typeid=i","cat":284342},{"id":120212,"n":"Nouilles soba Cup Nissin Classique - 90g","p":1.99,"u":"22,11 €/KG","img":"https://fd13-photos.leclercdrive.fr/image.ashx?id=2433512&use=l&cat=p&typeid=i","cat":288992},{"id":120214,"n":"Nissin Soba Cup Teriyaki  90g","p":1.99,"u":"22,11 €/KG","img":"https://fd13-photos.leclercdrive.fr/image.ashx?id=2160111&use=l&cat=p&typeid=i","cat":288992},{"id":120224,"n":"Cristaux de soude Clair 500g","p":1.93,"u":"3,86 €/KG","img":"https://fd13-photos.leclercdrive.fr/image.ashx?id=2822144&use=l&cat=p&typeid=i","cat":325365},{"id":120225,"n":"Percarbonate de sodium Clair 500g","p":2.99,"u":"5,98 €/KG","img":"https://fd13-photos.leclercdrive.fr/image.ashx?id=2822141&use=l&cat=p&typeid=i","cat":325365},{"id":120267,"n":"Tablette chocolat noir Lindt Sésame grillé - 2x100g","p":4.48,"u":"22,40 €/KG","img":"https://fd13-photos.leclercdrive.fr/image.ashx?id=2230893&use=l&cat=p&typeid=i","cat":284956},{"id":120285,"n":"Tablette Excellence Lindt Chocolat noir framboise -2x100g","p":4.48,"u":"22,40 €/KG","img":"https://fd13-photos.leclercdrive.fr/image.ashx?id=2230890&use=l&cat=p&typeid=i","cat":284956},{"id":120335,"n":"Eau gazeuse aromatisée Salvetat citron - 1,15L","p":0.85,"u":"0,74 €/L","img":"https://fd13-photos.leclercdrive.fr/image.ashx?id=2279753&use=l&cat=p&typeid=i","cat":284536},{"id":120351,"n":"Purée 4 mois Bio Village Pomme myrtilles bio - 4x100g","p":1.99,"u":"4,98 €/KG","img":"https://fd13-photos.leclercdrive.fr/image.ashx?id=2704843&use=l&cat=p&typeid=i","cat":312387},{"id":120389,"n":"Sablé  La mère poulard Pur beurre - 3x125g","p":2.57,"u":"6,85 €/KG","img":"https://fd13-photos.leclercdrive.fr/image.ashx?id=2990682&use=l&cat=p&typeid=i","cat":284487},{"id":120392,"n":"Palets pur beurre mère poulard Lot de 3 - 375g","p":2.99,"u":"7,97 €/KG","img":"https://fd13-photos.leclercdrive.fr/image.ashx?id=2912248&use=l&cat=p&typeid=i","cat":284487},{"id":120401,"n":"Boisson aux fruits Oasis Tropical - 4x2L","p":9.56,"u":"1,20 €/L","img":"https://fd13-photos.leclercdrive.fr/image.ashx?id=3011089&use=l&cat=p&typeid=i","cat":295018},{"id":120403,"n":"Adoucissant L'Arbre Vert Souffle de pureté x53 - 800ml","p":2.69,"u":"3,36 €/L","img":"https://fd13-photos.leclercdrive.fr/image.ashx?id=3001386&use=l&cat=p&typeid=i","cat":284650},{"id":120428,"n":"Serviette ecolo Uni Vert Normal - x14","p":1.79,"u":"0,13 €/P","img":"https://fd13-photos.leclercdrive.fr/image.ashx?id=2831589&use=l&cat=p&typeid=i","cat":284624},{"id":120429,"n":"Serviette écolo Uni vert Super+ - x12","p":1.55,"u":"0,13 €/P","img":"https://fd13-photos.leclercdrive.fr/image.ashx?id=2820445&use=l&cat=p&typeid=i","cat":284624},{"id":120488,"n":"Riz parfumé Comptoir du Grain Basmati -1kg","p":2.48,"u":"2,48 €/KG","img":"https://fd13-photos.leclercdrive.fr/image.ashx?id=2923399&use=l&cat=p&typeid=i","cat":284428},{"id":120492,"n":"Céréales fourrées P'tit Déli Chocolat noisette - 450g","p":2.19,"u":"4,87 €/KG","img":"https://fd13-photos.leclercdrive.fr/image.ashx?id=2819636&use=l&cat=p&typeid=i","cat":309513},{"id":120587,"n":"Friandise pour chat Dentalife Saumon - 40g","p":1.45,"u":"36,25 €/KG","img":"https://fd13-photos.leclercdrive.fr/image.ashx?id=2468638&use=l&cat=p&typeid=i","cat":285285},{"id":120610,"n":"Anchois de cantabrique L'origine du goût - 29g","p":4.3,"u":"148,28 €/KG","img":"https://fd13-photos.leclercdrive.fr/image.ashx?id=1871656&use=l&cat=p&typeid=i","cat":285190},{"id":120660,"n":"Purée 4 mois Bio Village Fruits verger bio - 4x100g","p":1.89,"u":"4,73 €/KG","img":"https://fd13-photos.leclercdrive.fr/image.ashx?id=2704846&use=l&cat=p&typeid=i","cat":312387},{"id":120663,"n":"Purée 6 mois Bio Village Pomme carotte mangue bio-4x100g","p":1.79,"u":"4,48 €/KG","img":"https://fd13-photos.leclercdrive.fr/image.ashx?id=2704852&use=l&cat=p&typeid=i","cat":312388},{"id":120665,"n":"Purée 6 mois Bio Village Pomme Biscuit bio - 4x100g","p":1.79,"u":"4,48 €/KG","img":"https://fd13-photos.leclercdrive.fr/image.ashx?id=2704855&use=l&cat=p&typeid=i","cat":312388},{"id":120679,"n":"Petits pots bébé P'TIT SOUPER Petits pois pâtes 12M+ - 2x200g","p":1.69,"u":"4,23 €/KG","img":"https://fd13-photos.leclercdrive.fr/image.ashx?id=2526517&use=l&cat=p&typeid=i","cat":312239},{"id":120681,"n":"Petits pots bébé P'TIT SOUPER Légumes Pâtes 8M+ - 2x200g","p":1.98,"u":"4,95 €/KG","img":"https://fd13-photos.leclercdrive.fr/image.ashx?id=2526520&use=l&cat=p&typeid=i","cat":312239},{"id":120683,"n":"Petits pots bébé P'TITE RECETTE Bœuf bourguignon 12M+ - 2x200g","p":2.12,"u":"5,30 €/KG","img":"https://fd13-photos.leclercdrive.fr/image.ashx?id=2525714&use=l&cat=p&typeid=i","cat":312237},{"id":120688,"n":"Gel douche argan So Bio Etic Nutrition bio - 650ml","p":6.24,"u":"9,60 €/L","img":"https://fd13-photos.leclercdrive.fr/image.ashx?id=2891583&use=l&cat=p&typeid=i","cat":284594},{"id":120690,"n":"Shampoing Nateïs Cheveux fragiles - 250ml","p":1.27,"u":"5,08 €/L","img":"https://fd13-photos.leclercdrive.fr/image.ashx?id=2626838&use=l&cat=p&typeid=i","cat":284606},{"id":120691,"n":"Après-shampoing Nateïs Cheveux fragiles - 250ml","p":1.35,"u":"5,40 €/L","img":"https://fd13-photos.leclercdrive.fr/image.ashx?id=2626844&use=l&cat=p&typeid=i","cat":284607},{"id":120724,"n":"Pâtes Garofalo Farfalle - 500g","p":1.69,"u":"3,38 €/KG","img":"https://fd13-photos.leclercdrive.fr/image.ashx?id=2884849&use=l&cat=p&typeid=i","cat":284427},{"id":120798,"n":"Filet de poulet jaune Volandrie Extra tendre - 300g","p":3.8,"u":"12,67 €/KG","img":"https://fd13-photos.leclercdrive.fr/image.ashx?id=2714894&use=l&cat=p&typeid=i","cat":284336},{"id":120799,"n":"Filet de poulet jaune Volandrie 300g","p":3.69,"u":"12,30 €/KG","img":"https://fd13-photos.leclercdrive.fr/image.ashx?id=2647910&use=l&cat=p&typeid=i","cat":284336},{"id":120800,"n":"Filet de poulet blanc Volandrie Extra tendre - 300g","p":3.8,"u":"12,67 €/KG","img":"https://fd13-photos.leclercdrive.fr/image.ashx?id=2647904&use=l&cat=p&typeid=i","cat":284336},{"id":120801,"n":"Filets poulet blanc Volandrie 300g","p":3.69,"u":"12,30 €/KG","img":"https://fd13-photos.leclercdrive.fr/image.ashx?id=2647907&use=l&cat=p&typeid=i","cat":284336},{"id":120822,"n":"Tablette de chocolat noir Lindt Croquant Noisette - 150g","p":4.28,"u":"28,53 €/KG","img":"https://fd13-photos.leclercdrive.fr/image.ashx?id=1877963&use=l&cat=p&typeid=i","cat":284956},{"id":120857,"n":"Bonbons Carambar Mini Fête Assortiment - 326g","p":3.1,"u":"9,51 €/KG","img":"https://fd13-photos.leclercdrive.fr/image.ashx?id=2972035&use=l&cat=p&typeid=i","cat":304250},{"id":120891,"n":"Chiffonnade de Serrano 80g","p":3.77,"u":"47,13 €/KG","img":"https://fd13-photos.leclercdrive.fr/image.ashx?id=2484392&use=l&cat=p&typeid=i","cat":316007},{"id":120906,"n":"Crevette cuite 60/80 Equat ASC L'Atelier Poissonnerie - 500g","p":4.99,"u":"9,98 €/KG","img":"https://fd13-photos.leclercdrive.fr/image.ashx?id=2652116&use=l&cat=p&typeid=i","cat":284343},{"id":120911,"n":"Crevettes 80/100 Equateur ASC L'Atelier Poissonnerie - 300g","p":3.75,"u":"12,50 €/KG","img":"https://fd13-photos.leclercdrive.fr/image.ashx?id=2714411&use=l&cat=p&typeid=i","cat":284343},{"id":120945,"n":"IGP Pays d'oc gris rosé Miss Anais 12% vol - 75cl","p":5.85,"u":"7,80 €/L","img":"https://fd13-photos.leclercdrive.fr/image.ashx?id=2692146&use=l&cat=p&typeid=i","cat":289558},{"id":121237,"n":"Compotes Pom'Potes Gourdes  5 Fruits Rouges - 4x90g","p":2.26,"u":"6,28 €/KG","img":"https://fd13-photos.leclercdrive.fr/image.ashx?id=3010885&use=l&cat=p&typeid=i","cat":284508},{"id":121265,"n":"Chocolat en poudre Poulain 1848 Boîte - 450g","p":4.38,"u":"9,73 €/KG","img":"https://fd13-photos.leclercdrive.fr/image.ashx?id=2867122&use=l&cat=p&typeid=i","cat":293235},{"id":121271,"n":"Miel l'Apiculteur crémeux  et onctueux - 1kg","p":12.7,"u":"12,70 €/KG","img":"https://fd13-photos.leclercdrive.fr/image.ashx?id=2838253&use=l&cat=p&typeid=i","cat":287643},{"id":121274,"n":"Compotes Pom'Potes Gourdes  Pomme Fraise - 4x90g","p":2.04,"u":"5,67 €/KG","img":"https://fd13-photos.leclercdrive.fr/image.ashx?id=3010897&use=l&cat=p&typeid=i","cat":284508},{"id":121315,"n":"Haché Happy Family Charal 20x80g - 1,6kg","p":16.52,"u":"10,33 €/KG","img":"https://fd13-photos.leclercdrive.fr/image.ashx?id=2739776&use=l&cat=p&typeid=i","cat":319778},{"id":121356,"n":"Dentifrice Original Parodontax Complete protect - 75ml","p":4.23,"u":"56,40 €/L","img":"https://fd13-photos.leclercdrive.fr/image.ashx?id=2546749&use=l&cat=p&typeid=i","cat":284612},{"id":121387,"n":"Lingettes Mots d'Enfants Toilettes bio - x60","p":2.17,"u":"0,04 €/P","img":"https://fd13-photos.leclercdrive.fr/image.ashx?id=3015120&use=l&cat=p&typeid=i","cat":284738},{"id":121391,"n":"Sauce tomate Lucien Georgelin Aux oignons et à l'ail - 300g","p":2.39,"u":"7,97 €/KG","img":"https://fd13-photos.leclercdrive.fr/image.ashx?id=2015663&use=l&cat=p&typeid=i","cat":287599},{"id":121392,"n":"Sauce tomate Lucien Georgelin Au piment D'espelette - 300g","p":2.8,"u":"9,33 €/KG","img":"https://fd13-photos.leclercdrive.fr/image.ashx?id=2015666&use=l&cat=p&typeid=i","cat":288384},{"id":121436,"n":"Crème anti-âge L'Oréal Paris Revitalift SPF 25 - 50ml","p":13.87,"u":"277,40 €/L","img":"https://fd13-photos.leclercdrive.fr/image.ashx?id=2853230&use=l&cat=p&typeid=i","cat":325345},{"id":121447,"n":"Flanbolo Haribo Sachet bonbons - 200g","p":1.87,"u":"9,35 €/KG","img":"https://fd13-photos.leclercdrive.fr/image.ashx?id=2806117&use=l&cat=p&typeid=i","cat":304250},{"id":121707,"n":"Sauce bolognaise pur boeuf Panzani - 200g","p":1.66,"u":"8,30 €/KG","img":"https://fd13-photos.leclercdrive.fr/image.ashx?id=2880682&use=l&cat=p&typeid=i","cat":287599},{"id":121708,"n":"Céréales fourrées P'tit Déli Chocolat noisette - 650g","p":3.08,"u":"4,74 €/KG","img":"https://fd13-photos.leclercdrive.fr/image.ashx?id=2840740&use=l&cat=p&typeid=i","cat":309513},{"id":121992,"n":"Secret de mousse La laitière Chocolat Lait et Blanc - 4x59 g","p":1.24,"u":"5,25 €/KG","img":"https://fd13-photos.leclercdrive.fr/image.ashx?id=2729782&use=l&cat=p&typeid=i","cat":284417},{"id":122344,"n":"Pots bébé soir bio Babybio Légumes riz - 8 mois - 2x200g","p":2.96,"u":"7,40 €/KG","img":"https://fd13-photos.leclercdrive.fr/image.ashx?id=2838314&use=l&cat=p&typeid=i","cat":312239},{"id":122346,"n":"Babybio Optima croissance 3 Bio 800g","p":17.22,"u":"21,53 €/KG","img":"https://fd13-photos.leclercdrive.fr/image.ashx?id=2944029&use=l&cat=p&typeid=i","cat":290219},{"id":122347,"n":"Lait Primea 2 Bio Babybio 800g","p":18.87,"u":"23,59 €/KG","img":"https://fd13-photos.leclercdrive.fr/image.ashx?id=2962824&use=l&cat=p&typeid=i","cat":284727},{"id":122348,"n":"Lait Primea 3 Bio Babybio 800g","p":15.22,"u":"19,03 €/KG","img":"https://fd13-photos.leclercdrive.fr/image.ashx?id=2944026&use=l&cat=p&typeid=i","cat":290219},{"id":122403,"n":"Patate douce bio Bio Village 500g","p":2.49,"u":"4,98 €/KG","img":"https://fd13-photos.leclercdrive.fr/image.ashx?id=2934805&use=l&cat=p&typeid=i","cat":284352},{"id":122419,"n":"Skyr Siggi's  Nature 0% MG - 2x140g","p":2.19,"u":"7,82 €/KG","img":"https://fd13-photos.leclercdrive.fr/image.ashx?id=2372412&use=l&cat=p&typeid=i","cat":315000},{"id":122420,"n":"Skyr Siggi's  Vanille - 2x140g","p":2.12,"u":"7,57 €/KG","img":"https://fd13-photos.leclercdrive.fr/image.ashx?id=2646119&use=l&cat=p&typeid=i","cat":315000},{"id":122437,"n":"Verrines saumon fromage Concombre x4 - 160g","p":3.5,"u":"21,88 €/KG","img":"https://fd13-photos.leclercdrive.fr/image.ashx?id=2519615&use=l&cat=p&typeid=i","cat":316003},{"id":122486,"n":"Thon blanc entier Pêche Océan MSC - 160g","p":2.89,"u":"18,06 €/KG","img":"https://fd13-photos.leclercdrive.fr/image.ashx?id=2942229&use=l&cat=p&typeid=i","cat":303867},{"id":122487,"n":"Macédoine Bio Village Bio - 215g","p":2.54,"u":"11,81 €/KG","img":"https://fd13-photos.leclercdrive.fr/image.ashx?id=1885935&use=l&cat=p&typeid=i","cat":312612},{"id":122528,"n":"Skyr Siggi's  Framboise - 2x140g","p":2.11,"u":"7,54 €/KG","img":"https://fd13-photos.leclercdrive.fr/image.ashx?id=2692095&use=l&cat=p&typeid=i","cat":315000},{"id":122529,"n":"Skyr Siggi's  Myrtille - 2x140g","p":2.17,"u":"7,75 €/KG","img":"https://fd13-photos.leclercdrive.fr/image.ashx?id=2692098&use=l&cat=p&typeid=i","cat":315000},{"id":122554,"n":"Fromage blanc Bio Vrai Chèvre - 400g","p":3.07,"u":"7,68 €/KG","img":"https://fd13-photos.leclercdrive.fr/image.ashx?id=2388616&use=l&cat=p&typeid=i","cat":314998},{"id":122790,"n":"Chips Tuiles Pringles Hot Spicy - 175g","p":1.74,"u":"9,94 €/KG","img":"https://fd13-photos.leclercdrive.fr/image.ashx?id=2902295&use=l&cat=p&typeid=i","cat":287899},{"id":122792,"n":"Chips Tuiles Pringles Crème et Oignon - 175g","p":1.7,"u":"9,71 €/KG","img":"https://fd13-photos.leclercdrive.fr/image.ashx?id=2902292&use=l&cat=p&typeid=i","cat":287899},{"id":122798,"n":"Olives noires Tokapi Grec/herbes provençales - 200g","p":1.99,"u":"9,95 €/KG","img":"https://fd13-photos.leclercdrive.fr/image.ashx?id=1885863&use=l&cat=p&typeid=i","cat":284450},{"id":122810,"n":"Kakis Panier du Primeur Barquette 1kg","p":2.49,"u":"2,49 €/KG","img":"https://fd13-photos.leclercdrive.fr/image.ashx?id=2402798&use=l&cat=p&typeid=i","cat":284356},{"id":122895,"n":"Chips Tuiles Pringles Original - 175g","p":1.68,"u":"9,60 €/KG","img":"https://fd13-photos.leclercdrive.fr/image.ashx?id=2902298&use=l&cat=p&typeid=i","cat":287899},{"id":122914,"n":"Anti-algue standard 5L","p":9.49,"u":"1,90 €/L","img":"https://fd13-photos.leclercdrive.fr/image.ashx?id=1919567&use=l&cat=p&typeid=i","cat":335918},{"id":122973,"n":"Jambon de Paris Tradilège Découenné - 2 tranches - 80g","p":1.2,"u":"15,00 €/KG","img":"https://fd13-photos.leclercdrive.fr/image.ashx?id=2404175&use=l&cat=p&typeid=i","cat":316009},{"id":122993,"n":"Quenelles de brochet Forestière Petit Jean - 2+1offert","p":4.1,"u":"3,42 €/KG","img":"https://fd13-photos.leclercdrive.fr/image.ashx?id=2953869&use=l&cat=p&typeid=i","cat":284441},{"id":123025,"n":"Lait demi-écrémé UHT Lactel Slim bons matins - 8x1L","p":7.99,"u":"1,00 €/L","img":"https://fd13-photos.leclercdrive.fr/image.ashx?id=1888041&use=l&cat=p&typeid=i","cat":284377},{"id":123029,"n":"Poisson pané Colin Findus Extra croustillant - x2 250g","p":2.76,"u":"11,04 €/KG","img":"https://fd13-photos.leclercdrive.fr/image.ashx?id=3014548&use=l&cat=p&typeid=i","cat":319788},{"id":123062,"n":"Jambon de Paris Tradilège A l'étouffé - 160g","p":1.69,"u":"10,56 €/KG","img":"https://fd13-photos.leclercdrive.fr/image.ashx?id=2404178&use=l&cat=p&typeid=i","cat":316009},{"id":123063,"n":"Jambon de Paris Tradilège Découenné dégraissé x6 - 240g","p":2.39,"u":"9,96 €/KG","img":"https://fd13-photos.leclercdrive.fr/image.ashx?id=2404181&use=l&cat=p&typeid=i","cat":316009},{"id":123065,"n":"Jambon de Paris Tradilège À l'étouffée x8 - 320g","p":3.13,"u":"9,78 €/KG","img":"https://fd13-photos.leclercdrive.fr/image.ashx?id=2404184&use=l&cat=p&typeid=i","cat":316009},{"id":123067,"n":"Jambon de Paris Tradilège Découenné dégraissé x10 - 400g","p":3.86,"u":"9,65 €/KG","img":"https://fd13-photos.leclercdrive.fr/image.ashx?id=2404187&use=l&cat=p&typeid=i","cat":316009},{"id":123070,"n":"Jambon de Paris Tradilège -25% de sel - 4 tranches - 140g","p":2.05,"u":"14,64 €/KG","img":"https://fd13-photos.leclercdrive.fr/image.ashx?id=2208609&use=l&cat=p&typeid=i","cat":316009},{"id":123071,"n":"Jambon de Paris Tradilège -25% de sel - 6 tranches - 210g","p":2.49,"u":"11,86 €/KG","img":"https://fd13-photos.leclercdrive.fr/image.ashx?id=2208612&use=l&cat=p&typeid=i","cat":316009},{"id":123074,"n":"Jambon supérieur Tradilège Découenné dégraissé x4 - 160g","p":2.21,"u":"13,81 €/KG","img":"https://fd13-photos.leclercdrive.fr/image.ashx?id=1914324&use=l&cat=p&typeid=i","cat":316009},{"id":123076,"n":"Jambon supérieur Tradilège Découenné dégraissé x6 - 240g","p":3.25,"u":"13,54 €/KG","img":"https://fd13-photos.leclercdrive.fr/image.ashx?id=1914327&use=l&cat=p&typeid=i","cat":316009},{"id":123103,"n":"Jambon supérieur Tradilège Sans couenne x8 - 320g","p":4.29,"u":"13,41 €/KG","img":"https://fd13-photos.leclercdrive.fr/image.ashx?id=1914330&use=l&cat=p&typeid=i","cat":316009},{"id":123105,"n":"Jambon supérieur Tradilège Avec couenne 4 tranches - 160g","p":2.06,"u":"12,88 €/KG","img":"https://fd13-photos.leclercdrive.fr/image.ashx?id=1927098&use=l&cat=p&typeid=i","cat":316009},{"id":123106,"n":"Jambon supérieur Tradilège Avec couenne 6 tranches - 240g","p":3.08,"u":"12,83 €/KG","img":"https://fd13-photos.leclercdrive.fr/image.ashx?id=2404193&use=l&cat=p&typeid=i","cat":316009},{"id":123121,"n":"Oeufs Marque rèpere De Nos Régions - x20","p":4.29,"u":"0,21 €/P","img":"https://fd13-photos.leclercdrive.fr/image.ashx?id=2969809&use=l&cat=p&typeid=i","cat":284378},{"id":123186,"n":"IGP Pays d'Oc blancChardonnay Côtes des Roses -75cl","p":7.5,"u":"10,00 €/L","img":"https://fd13-photos.leclercdrive.fr/image.ashx?id=2981578&use=l&cat=p&typeid=i","cat":289557},{"id":123254,"n":"Rhum Blanc agricole Dillon  Martinique - 70cl","p":11.35,"u":"16,21 €/L","img":"https://fd13-photos.leclercdrive.fr/image.ashx?id=2650949&use=l&cat=p&typeid=i","cat":284550},{"id":123257,"n":"Capsules café Plantation Lungo forte n°7 - x16 - 105g","p":3.35,"u":"31,90 €/KG","img":"https://fd13-photos.leclercdrive.fr/image.ashx?id=2649744&use=l&cat=p&typeid=i","cat":293239},{"id":123310,"n":"Pâtes Barilla Capellini - 1kg","p":1.97,"u":"1,97 €/KG","img":"https://fd13-photos.leclercdrive.fr/image.ashx?id=2986948&use=l&cat=p&typeid=i","cat":284427},{"id":123358,"n":"Cordon bleu Marie 2x280g","p":7.24,"u":"12,93 €/KG","img":"https://fd13-photos.leclercdrive.fr/image.ashx?id=2331807&use=l&cat=p&typeid=i","cat":333665},{"id":123369,"n":"Crème hydratante visage & corps 75 Ml","p":1.39,"u":"18,53 €/L","img":"https://fd13-photos.leclercdrive.fr/image.ashx?id=1890346&use=l&cat=p&typeid=i","cat":325345},{"id":123393,"n":"Bière sans alcool Tourtel Twist Agrume 0,0° - 6x27,5cl","p":4.27,"u":"2,59 €/L","img":"https://fd13-photos.leclercdrive.fr/image.ashx?id=2730736&use=l&cat=p&typeid=i","cat":334877},{"id":123400,"n":"Cire corps Laurence Dumont Bandes - x20","p":2.55,"u":"0,13 €/P","img":"https://fd13-photos.leclercdrive.fr/image.ashx?id=2606358&use=l&cat=p&typeid=i","cat":325351},{"id":123407,"n":"Bière sans alcool Tourtel Twist Citron 0,0° - 6x27,5cl","p":3.83,"u":"2,32 €/L","img":"https://fd13-photos.leclercdrive.fr/image.ashx?id=2886702&use=l&cat=p&typeid=i","cat":334877},{"id":123416,"n":"Soda Coca-Cola Original Bouteille - Pack 6x1,75L","p":14.32,"u":"1,36 €/L","img":"https://fd13-photos.leclercdrive.fr/image.ashx?id=2878333&use=l&cat=p&typeid=i","cat":284530},{"id":123436,"n":"Boisson fruit shoot Teisseire Tropical - 6x20cl","p":2.66,"u":"2,22 €/L","img":"https://fd13-photos.leclercdrive.fr/image.ashx?id=2858204&use=l&cat=p&typeid=i","cat":295018},{"id":123437,"n":"Boisson Fruit shoot Teisseire Multivamine - 6x20cl","p":2.68,"u":"2,23 €/L","img":"https://fd13-photos.leclercdrive.fr/image.ashx?id=2858201&use=l&cat=p&typeid=i","cat":295018},{"id":123448,"n":"Biscuits cacao Kinder Cards Au lait et au cacao 2x5 - 128g","p":2.34,"u":"9,14 €/KG","img":"https://fd13-photos.leclercdrive.fr/image.ashx?id=2672608&use=l&cat=p&typeid=i","cat":284488},{"id":123492,"n":"Crêpes Whaou! Chocolat x15 - 480g","p":3.66,"u":"7,63 €/KG","img":"https://fd13-photos.leclercdrive.fr/image.ashx?id=2986449&use=l&cat=p&typeid=i","cat":284494},{"id":123503,"n":"Yaourt fjord fromage blanc Nature - 4x125g","p":2.07,"u":"4,14 €/KG","img":"https://fd13-photos.leclercdrive.fr/image.ashx?id=2956993&use=l&cat=p&typeid=i","cat":284409},{"id":123504,"n":"Yaourt fjord fromage blanc Nature - 8x125g","p":3.4,"u":"3,40 €/KG","img":"https://fd13-photos.leclercdrive.fr/image.ashx?id=2653222&use=l&cat=p&typeid=i","cat":284409},{"id":123542,"n":"Eau minérale naturelle Evian  6x50cl","p":2.44,"u":"0,81 €/L","img":"https://fd13-photos.leclercdrive.fr/image.ashx?id=2969022&use=l&cat=p&typeid=i","cat":284535},{"id":123545,"n":"Quiche lorraine Marie Pur beurre - 400g","p":3.34,"u":"8,35 €/KG","img":"https://fd13-photos.leclercdrive.fr/image.ashx?id=2318546&use=l&cat=p&typeid=i","cat":333680},{"id":123550,"n":"Yaourt aux fruits brassés Velouté fruix Danone - 16x125g","p":4.36,"u":"2,18 €/KG","img":"https://fd13-photos.leclercdrive.fr/image.ashx?id=2912923&use=l&cat=p&typeid=i","cat":284410},{"id":123551,"n":"Yaourt aux fruits brassés Velouté fruix Danone - 12x125g","p":3.9,"u":"2,60 €/KG","img":"https://fd13-photos.leclercdrive.fr/image.ashx?id=2912929&use=l&cat=p&typeid=i","cat":284410},{"id":123552,"n":"Yaourt fruits rouges brassés Velouté fruix Danone - 8x125g","p":2.69,"u":"2,69 €/KG","img":"https://fd13-photos.leclercdrive.fr/image.ashx?id=2912932&use=l&cat=p&typeid=i","cat":284410},{"id":123553,"n":"Yaourt aux fruits velouté fruix Danone brassé fraise - 4x125g","p":1.85,"u":"3,70 €/KG","img":"https://fd13-photos.leclercdrive.fr/image.ashx?id=2911855&use=l&cat=p&typeid=i","cat":284410},{"id":123555,"n":"Yaourt fruits jaunes brassés Velouté fruix Danone - 8x125g","p":2.7,"u":"2,70 €/KG","img":"https://fd13-photos.leclercdrive.fr/image.ashx?id=2912926&use=l&cat=p&typeid=i","cat":284410},{"id":123557,"n":"Kiwi Panier du Primeur Filière Mûrs à point - x6","p":4.99,"u":"0,83 €/P","img":"https://fd13-photos.leclercdrive.fr/image.ashx?id=2955047&use=l&cat=p&typeid=i","cat":284356},{"id":123563,"n":"Filet de poulet blanc Maître Coq - 1kg","p":9.99,"u":"9,99 €/KG","img":"https://fd13-photos.leclercdrive.fr/image.ashx?id=2551132&use=l&cat=p&typeid=i","cat":284336},{"id":123603,"n":"Kit Distributeur Savon Mains Dettol Citron 250ml","p":12.35,"u":"Dont 0,02 € d'éco-part.","img":"https://fd13-photos.leclercdrive.fr/image.ashx?id=2975134&use=l&cat=p&typeid=i","cat":284597},{"id":123622,"n":"Lait poudre Optima 2 Babybio  Bio 6 mois à 1an - 800g","p":16.99,"u":"21,24 €/KG","img":"https://fd13-photos.leclercdrive.fr/image.ashx?id=2988436&use=l&cat=p&typeid=i","cat":284727},{"id":123687,"n":"Lait de croissance Bio BabyBio 6x1L","p":13.43,"u":"2,24 €/L","img":"https://fd13-photos.leclercdrive.fr/image.ashx?id=2953875&use=l&cat=p&typeid=i","cat":284728},{"id":123695,"n":"Lait Primea 1 Bio BabyBio 800g","p":18.22,"u":"22,78 €/KG","img":"https://fd13-photos.leclercdrive.fr/image.ashx?id=2911327&use=l&cat=p&typeid=i","cat":284726},{"id":123710,"n":"Tomato Ketchup Zéro Heinz sans sucre ni sel - 425g","p":2.64,"u":"6,21 €/KG","img":"https://fd13-photos.leclercdrive.fr/image.ashx?id=2927723&use=l&cat=p&typeid=i","cat":284455},{"id":123712,"n":"Maïs bio Géant Vert sans sel - 2x140g","p":2.7,"u":"9,64 €/KG","img":"https://fd13-photos.leclercdrive.fr/image.ashx?id=2939502&use=l&cat=p&typeid=i","cat":312611},{"id":123841,"n":"Sardines sans arêtes au citron Connétable - 140g","p":2.84,"u":"20,29 €/KG","img":"https://fd13-photos.leclercdrive.fr/image.ashx?id=2677333&use=l&cat=p&typeid=i","cat":305146},{"id":123883,"n":"Thon Alba Connetable Naturel Label Rouge - 112g","p":3.42,"u":"30,54 €/KG","img":"https://fd13-photos.leclercdrive.fr/image.ashx?id=2674128&use=l&cat=p&typeid=i","cat":303867},{"id":124035,"n":"Jus de raisin ABC Eco+ 1L","p":0.98,"u":"0,98 €/L","img":"https://fd13-photos.leclercdrive.fr/image.ashx?id=2802275&use=l&cat=p&typeid=i","cat":284915},{"id":124045,"n":"Sardine Connetable Sans arête naturel - 98g","p":2.59,"u":"26,43 €/KG","img":"https://fd13-photos.leclercdrive.fr/image.ashx?id=2620269&use=l&cat=p&typeid=i","cat":305146},{"id":124046,"n":"Sardine Connetable Sans Arête - Tomate - 140g","p":2.84,"u":"20,29 €/KG","img":"https://fd13-photos.leclercdrive.fr/image.ashx?id=2638811&use=l&cat=p&typeid=i","cat":305146},{"id":124052,"n":"Nouilles de riz Table du monde 250g","p":1.99,"u":"7,96 €/KG","img":"https://fd13-photos.leclercdrive.fr/image.ashx?id=2679780&use=l&cat=p&typeid=i","cat":288992},{"id":124272,"n":"Thon nature entier Saupiquet MSC - 140g","p":4.48,"u":"32,00 €/KG","img":"https://fd13-photos.leclercdrive.fr/image.ashx?id=2731540&use=l&cat=p&typeid=i","cat":303867},{"id":124375,"n":"Eau infusée Bio Volvic Concombre menthe - 75cl","p":1.69,"u":"2,25 €/L","img":"https://fd13-photos.leclercdrive.fr/image.ashx?id=2462517&use=l&cat=p&typeid=i","cat":284537},{"id":124466,"n":"AOC Crémant d'Alsace brut Bio Rebmann - 75cl","p":6.99,"u":"9,32 €/L","img":"https://fd13-photos.leclercdrive.fr/image.ashx?id=2714992&use=l&cat=p&typeid=i","cat":284545},{"id":124498,"n":"Glace en Pot BEN & JERRY'S Cookie Dough - 465ml","p":3.62,"u":"8,92 €/KG","img":"https://fd13-photos.leclercdrive.fr/image.ashx?id=2738056&use=l&cat=p&typeid=i","cat":284725},{"id":124500,"n":"Crème glacée Ben & Jerry's Peanut butter - 425g","p":3.62,"u":"8,52 €/KG","img":"https://fd13-photos.leclercdrive.fr/image.ashx?id=3001524&use=l&cat=p&typeid=i","cat":284725},{"id":124533,"n":"Confiture extra bio Bio Village Rhubarbe - 370g","p":2.59,"u":"7,00 €/KG","img":"https://fd13-photos.leclercdrive.fr/image.ashx?id=2482514&use=l&cat=p&typeid=i","cat":284480},{"id":124594,"n":"Capsules Nescafé Dolce Gusto Espresso - x16","p":4.51,"u":"51,25 €/KG","img":"https://fd13-photos.leclercdrive.fr/image.ashx?id=2952025&use=l&cat=p&typeid=i","cat":293239},{"id":124595,"n":"Nutella Biscuit pâte à tartiner Cacao Noisettes - 166g","p":1.81,"u":"10,90 €/KG","img":"https://fd13-photos.leclercdrive.fr/image.ashx?id=2922200&use=l&cat=p&typeid=i","cat":284488},{"id":124643,"n":"Shampooing Vitanove Renforcateur - 250ml","p":1.76,"u":"7,04 €/L","img":"https://fd13-photos.leclercdrive.fr/image.ashx?id=1899762&use=l&cat=p&typeid=i","cat":284606},{"id":124652,"n":"Sorbet Eskiss Cassis - 650g","p":3.56,"u":"5,48 €/KG","img":"https://fd13-photos.leclercdrive.fr/image.ashx?id=1959280&use=l&cat=p&typeid=i","cat":284263},{"id":124654,"n":"Bac crème glacée Eskiss Caramel - 500g","p":3.89,"u":"7,78 €/KG","img":"https://fd13-photos.leclercdrive.fr/image.ashx?id=1958907&use=l&cat=p&typeid=i","cat":284263},{"id":124655,"n":"Bac sorbet Eskiss Mangue - 650g","p":2.49,"u":"3,83 €/KG","img":"https://fd13-photos.leclercdrive.fr/image.ashx?id=2982673&use=l&cat=p&typeid=i","cat":284263},{"id":124670,"n":"Pain de mie complet Jacquet Maxi - Sans sucre ajouté - 550g","p":1.6,"u":"2,91 €/KG","img":"https://fd13-photos.leclercdrive.fr/image.ashx?id=2935708&use=l&cat=p&typeid=i","cat":284477},{"id":124671,"n":"Pain de mie Sans croûte Jacquet Sans sucre ajouté - 475g","p":1.77,"u":"3,73 €/KG","img":"https://fd13-photos.leclercdrive.fr/image.ashx?id=2919754&use=l&cat=p&typeid=i","cat":284477},{"id":124694,"n":"Saucisson Mini Justin Bridou  Bâton de Berger nature - 160g","p":3.29,"u":"20,56 €/KG","img":"https://fd13-photos.leclercdrive.fr/image.ashx?id=2921786&use=l&cat=p&typeid=i","cat":316006},{"id":124696,"n":"Accras de morue MSC Table du Monde - 200g","p":2.29,"u":"11,45 €/KG","img":"https://fd13-photos.leclercdrive.fr/image.ashx?id=2841169&use=l&cat=p&typeid=i","cat":333673},{"id":124714,"n":"Combinés gratte éponges Spontex x3","p":2.36,"u":"0,79 €/P","img":"https://fd13-photos.leclercdrive.fr/image.ashx?id=2968895&use=l&cat=p&typeid=i","cat":284667},{"id":124723,"n":"Champignon Bonduelle Emincé - 3x115g","p":2.81,"u":"8,14 €/KG","img":"https://fd13-photos.leclercdrive.fr/image.ashx?id=2913121&use=l&cat=p&typeid=i","cat":312610},{"id":124743,"n":"Gratte éponge Spontex anti bactérien - x2","p":1.88,"u":"0,94 €/P","img":"https://fd13-photos.leclercdrive.fr/image.ashx?id=2973081&use=l&cat=p&typeid=i","cat":284667},{"id":124744,"n":"Gratte éponge Spontex x3","p":2.56,"u":"0,85 €/P","img":"https://fd13-photos.leclercdrive.fr/image.ashx?id=2973084&use=l&cat=p&typeid=i","cat":284667},{"id":124837,"n":"Dual nature saumon One Purina Chat stérilisé - 1,4kg","p":7.45,"u":"5,32 €/KG","img":"https://fd13-photos.leclercdrive.fr/image.ashx?id=2871145&use=l&cat=p&typeid=i","cat":284680},{"id":124901,"n":"Pâte à tartiner Nutella 630g","p":4.61,"u":"7,32 €/KG","img":"https://fd13-photos.leclercdrive.fr/image.ashx?id=2968841&use=l&cat=p&typeid=i","cat":284481},{"id":124906,"n":"Sacs poubelle Eco+ 50L Coulissants - x25","p":2.33,"u":"0,09 €/P","img":"https://fd13-photos.leclercdrive.fr/image.ashx?id=2775700&use=l&cat=p&typeid=i","cat":285168},{"id":124919,"n":"Chips Bret's sel et vinaigre 2x125g + 1 offert","p":2.59,"u":"6,91 €/KG","img":"https://fd13-photos.leclercdrive.fr/image.ashx?id=1904453&use=l&cat=p&typeid=i","cat":284447},{"id":124962,"n":"Sacs poubelle Elembal Salle de bain 5L - x40","p":1.26,"u":"0,03 €/P","img":"https://fd13-photos.leclercdrive.fr/image.ashx?id=2793284&use=l&cat=p&typeid=i","cat":285168},{"id":125216,"n":"Cacahuètes Eco+ Grillées à sec - 150g","p":0.46,"u":"3,07 €/KG","img":"https://fd13-photos.leclercdrive.fr/image.ashx?id=2780710&use=l&cat=p&typeid=i","cat":284448},{"id":125217,"n":"Soufflés Eco+ Goût fromage - 100g","p":0.54,"u":"5,40 €/KG","img":"https://fd13-photos.leclercdrive.fr/image.ashx?id=2651729&use=l&cat=p&typeid=i","cat":284449},{"id":125218,"n":"Cacahuètes Eco  Grillées et salées - 250g","p":0.7,"u":"2,80 €/KG","img":"https://fd13-photos.leclercdrive.fr/image.ashx?id=2836801&use=l&cat=p&typeid=i","cat":284448},{"id":125219,"n":"Frites salées Eco+ 80g","p":0.45,"u":"5,63 €/KG","img":"https://fd13-photos.leclercdrive.fr/image.ashx?id=2764712&use=l&cat=p&typeid=i","cat":284449},{"id":125220,"n":"Snacks Eco+ Gôut bacon - 100g","p":0.72,"u":"7,20 €/KG","img":"https://fd13-photos.leclercdrive.fr/image.ashx?id=2287233&use=l&cat=p&typeid=i","cat":284449},{"id":125222,"n":"Assortiment biscuit Eco+ Soufflé - 125g","p":0.87,"u":"6,96 €/KG","img":"https://fd13-photos.leclercdrive.fr/image.ashx?id=2283972&use=l&cat=p&typeid=i","cat":284449},{"id":125223,"n":"Pistaches grillées à sec Eco+ 200g","p":2.58,"u":"12,90 €/KG","img":"https://fd13-photos.leclercdrive.fr/image.ashx?id=2746784&use=l&cat=p&typeid=i","cat":284448},{"id":125225,"n":"Chips nature Eco+ 6x30g","p":1.23,"u":"6,83 €/KG","img":"https://fd13-photos.leclercdrive.fr/image.ashx?id=2943599&use=l&cat=p&typeid=i","cat":284447},{"id":125227,"n":"Mini cookies P'tit Déli 160g","p":1.49,"u":"9,31 €/KG","img":"https://fd13-photos.leclercdrive.fr/image.ashx?id=2932426&use=l&cat=p&typeid=i","cat":325066},{"id":125238,"n":"Cookies P'tit Déli Chocolat noisette - 200g","p":1.69,"u":"8,45 €/KG","img":"https://fd13-photos.leclercdrive.fr/image.ashx?id=1943253&use=l&cat=p&typeid=i","cat":325066},{"id":125328,"n":"Ketchup Rustica Nature - 560g","p":1.25,"u":"2,23 €/KG","img":"https://fd13-photos.leclercdrive.fr/image.ashx?id=2870050&use=l&cat=p&typeid=i","cat":284455},{"id":125339,"n":"Eponge gratounett Spontex 4+2 gratuit","p":3.47,"u":"0,58 €/P","img":"https://fd13-photos.leclercdrive.fr/image.ashx?id=1904252&use=l&cat=p&typeid=i","cat":284667},{"id":125427,"n":"Croustillant Bio Bjorg 3 Noix - 450g","p":3.56,"u":"7,91 €/KG","img":"https://fd13-photos.leclercdrive.fr/image.ashx?id=2960807&use=l&cat=p&typeid=i","cat":309512},{"id":125429,"n":"Muesli Bio Bjorg Sans sucres ajoutés - 750g","p":3.64,"u":"4,85 €/KG","img":"https://fd13-photos.leclercdrive.fr/image.ashx?id=2906211&use=l&cat=p&typeid=i","cat":309512},{"id":125744,"n":"Carré blé aubergine poivron bio Céréal Bio - 200g","p":2.57,"u":"12,85 €/KG","img":"https://fd13-photos.leclercdrive.fr/image.ashx?id=2327854&use=l&cat=p&typeid=i","cat":284953},{"id":125914,"n":"Fromages frais Pat'patrouille Yoplait goûts fruits - 12x50g","p":1.69,"u":"2,82 €/KG","img":"https://fd13-photos.leclercdrive.fr/image.ashx?id=2733685&use=l&cat=p&typeid=i","cat":284414},{"id":125916,"n":"Fromages frais Pat'Patrouille Yoplait goûts fruits - 24x50g","p":3.35,"u":"2,79 €/KG","img":"https://fd13-photos.leclercdrive.fr/image.ashx?id=2733688&use=l&cat=p&typeid=i","cat":284414},{"id":125953,"n":"Chips Vico La vicoise - 150g","p":2.0,"u":"13,33 €/KG","img":"https://fd13-photos.leclercdrive.fr/image.ashx?id=2733940&use=l&cat=p&typeid=i","cat":284447},{"id":125966,"n":"Chips Tyrrell's Sel et poivre - 150g","p":2.19,"u":"14,60 €/KG","img":"https://fd13-photos.leclercdrive.fr/image.ashx?id=2884777&use=l&cat=p&typeid=i","cat":284447},{"id":126139,"n":"Chips  Sel de mer Tyrell's Saveur vinaigre - 150g","p":2.19,"u":"14,60 €/KG","img":"https://fd13-photos.leclercdrive.fr/image.ashx?id=2941865&use=l&cat=p&typeid=i","cat":284447},{"id":126178,"n":"Riz long thaï Eco+ 1kg","p":1.61,"u":"1,61 €/KG","img":"https://fd13-photos.leclercdrive.fr/image.ashx?id=2799751&use=l&cat=p&typeid=i","cat":284428},{"id":126183,"n":"Biscuits Lotus Biscoff Fourré  Crème saveur speculoos - 150g","p":1.81,"u":"12,07 €/KG","img":"https://fd13-photos.leclercdrive.fr/image.ashx?id=2694968&use=l&cat=p&typeid=i","cat":284487},{"id":126186,"n":"Riz rond Eco+ 1kg","p":1.77,"u":"1,77 €/KG","img":"https://fd13-photos.leclercdrive.fr/image.ashx?id=2704594&use=l&cat=p&typeid=i","cat":284428},{"id":126187,"n":"Biscuits Lotus Biscoff Fourré Crème saveur chocolat 150g","p":1.79,"u":"11,93 €/KG","img":"https://fd13-photos.leclercdrive.fr/image.ashx?id=2859818&use=l&cat=p&typeid=i","cat":284487},{"id":126189,"n":"Biscuits Lotus Biscoff Fourré  Crème saveur vanille - 150g","p":2.26,"u":"15,07 €/KG","img":"https://fd13-photos.leclercdrive.fr/image.ashx?id=2685315&use=l&cat=p&typeid=i","cat":284487},{"id":126310,"n":"Crème dépilatoire Pure Veet Corps Peaux normales 200ml","p":4.51,"u":"22,55 €/L","img":"https://fd13-photos.leclercdrive.fr/image.ashx?id=3014437&use=l&cat=p&typeid=i","cat":325351},{"id":126314,"n":"Crème dépilatoire Pure Veet Corps Peaux sensibles 200ml","p":4.61,"u":"23,05 €/L","img":"https://fd13-photos.leclercdrive.fr/image.ashx?id=2965692&use=l&cat=p&typeid=i","cat":325351},{"id":126316,"n":"Cire Chaude au Sucre Pure Veet 100% d'Origine Naturelle 250ml","p":4.9,"u":"19,60 €/L","img":"https://fd13-photos.leclercdrive.fr/image.ashx?id=2990430&use=l&cat=p&typeid=i","cat":325351},{"id":126421,"n":"Biscuits Figolu LU Figue - 192g","p":1.44,"u":"7,50 €/KG","img":"https://fd13-photos.leclercdrive.fr/image.ashx?id=2967950&use=l&cat=p&typeid=i","cat":284489},{"id":126424,"n":"Biscuits Sprits sablés Delacre Chocolat au lait - 200g","p":1.54,"u":"7,70 €/KG","img":"https://fd13-photos.leclercdrive.fr/image.ashx?id=2855873&use=l&cat=p&typeid=i","cat":284488},{"id":126430,"n":"Dosettes café Senseo Milka x8","p":3.06,"u":"27,32 €/KG","img":"https://fd13-photos.leclercdrive.fr/image.ashx?id=2127012&use=l&cat=p&typeid=i","cat":293238},{"id":126474,"n":"Thon entier MSC Petit Navire A l'huile d'olive - 160g","p":3.4,"u":"21,25 €/KG","img":"https://fd13-photos.leclercdrive.fr/image.ashx?id=2523897&use=l&cat=p&typeid=i","cat":303867},{"id":126478,"n":"Morceaux Thon PETIT NAVIRE 160g Nature Démarche Responsable","p":1.99,"u":"17,77 €/KG","img":"https://fd13-photos.leclercdrive.fr/image.ashx?id=2549453&use=l&cat=p&typeid=i","cat":303867},{"id":126503,"n":"Durex Gel Lubrifiant Intime  Perfect Gliss Silicone 50ml","p":7.37,"u":"147,40 €/L","img":"https://fd13-photos.leclercdrive.fr/image.ashx?id=2996497&use=l&cat=p&typeid=i","cat":285160},{"id":126519,"n":"Bloc WC Bref Color Activ+  Marine toilettes - 50g x1","p":1.62,"u":"324,00 €/KG","img":"https://fd13-photos.leclercdrive.fr/image.ashx?id=2890112&use=l&cat=p&typeid=i","cat":284662},{"id":126540,"n":"Citron jaune Eco+  Filet 500g","p":0.99,"u":"1,98 €/KG","img":"https://fd13-photos.leclercdrive.fr/image.ashx?id=2619807&use=l&cat=p&typeid=i","cat":284356},{"id":126541,"n":"Clémentines Eco+ Filet 1kg","p":1.69,"u":"1,69 €/KG","img":"https://fd13-photos.leclercdrive.fr/image.ashx?id=2607987&use=l&cat=p&typeid=i","cat":284356},{"id":126545,"n":"Pomelos Eco+ Filet x3","p":1.79,"u":"0,60 €/P","img":"https://fd13-photos.leclercdrive.fr/image.ashx?id=2680524&use=l&cat=p&typeid=i","cat":284356},{"id":126548,"n":"Pomelo rose 1p","p":0.95,"img":"https://fd13-photos.leclercdrive.fr/image.ashx?id=1636262&use=l&cat=p&typeid=i","cat":284356},{"id":126570,"n":"Soda Sprite Original  Bouteille  - 1.25L","p":1.24,"u":"0,99 €/L","img":"https://fd13-photos.leclercdrive.fr/image.ashx?id=2796989&use=l&cat=p&typeid=i","cat":284531},{"id":126571,"n":"Gaufres de Liège Lotus 315g","p":1.94,"u":"6,16 €/KG","img":"https://fd13-photos.leclercdrive.fr/image.ashx?id=2694995&use=l&cat=p&typeid=i","cat":294777},{"id":126578,"n":"Poires Eco+ Barquette 1kg","p":2.49,"u":"2,49 €/KG","img":"https://fd13-photos.leclercdrive.fr/image.ashx?id=2909374&use=l&cat=p&typeid=i","cat":284356},{"id":126581,"n":"Pommes jaunes Eco+ Sachet 2kg","p":2.99,"u":"1,50 €/KG","img":"https://fd13-photos.leclercdrive.fr/image.ashx?id=2441890&use=l&cat=p&typeid=i","cat":284356},{"id":126586,"n":"Tomate cerise Eco+ Barquette 250g","p":0.99,"u":"3,96 €/KG","img":"https://fd13-photos.leclercdrive.fr/image.ashx?id=2968067&use=l&cat=p&typeid=i","cat":284352},{"id":126589,"n":"Endives Eco+ Sachet 500g","p":1.49,"u":"2,98 €/KG","img":"https://fd13-photos.leclercdrive.fr/image.ashx?id=2922917&use=l&cat=p&typeid=i","cat":284352},{"id":126590,"n":"Ail Eco+ Filet 250g","p":1.99,"u":"7,96 €/KG","img":"https://fd13-photos.leclercdrive.fr/image.ashx?id=2919586&use=l&cat=p&typeid=i","cat":284352},{"id":126591,"n":"Echalotes Eco+ Filet 500g","p":1.19,"u":"2,38 €/KG","img":"https://fd13-photos.leclercdrive.fr/image.ashx?id=2777946&use=l&cat=p&typeid=i","cat":284352},{"id":126646,"n":"Gaufres de liège Lotus Chocolat au lait - 363g","p":2.98,"u":"8,21 €/KG","img":"https://fd13-photos.leclercdrive.fr/image.ashx?id=2859827&use=l&cat=p&typeid=i","cat":294777},{"id":126658,"n":"Poisson pané Colin Alaska  Findus MSC herbes ail x2 - 225g","p":4.35,"u":"19,33 €/KG","img":"https://fd13-photos.leclercdrive.fr/image.ashx?id=2650699&use=l&cat=p&typeid=i","cat":319788},{"id":126659,"n":"Fromage fondu Eco+ 24 portions - 400g","p":2.45,"u":"6,13 €/KG","img":"https://fd13-photos.leclercdrive.fr/image.ashx?id=2415746&use=l&cat=p&typeid=i","cat":314030},{"id":126814,"n":"Filet de poulet Le Gaulois Non OGM Cuisson express 280g","p":4.05,"u":"14,46 €/KG","img":"https://fd13-photos.leclercdrive.fr/image.ashx?id=2304716&use=l&cat=p&typeid=i","cat":284336},{"id":126815,"n":"Sauté de poulet Le Gaulois Non OGM - 500g","p":6.96,"u":"13,92 €/KG","img":"https://fd13-photos.leclercdrive.fr/image.ashx?id=2317047&use=l&cat=p&typeid=i","cat":284336},{"id":126816,"n":"Escalope de poulet Le Gaulois 240g","p":4.5,"u":"18,75 €/KG","img":"https://fd13-photos.leclercdrive.fr/image.ashx?id=2304713&use=l&cat=p&typeid=i","cat":284336},{"id":126847,"n":"Batonnets Smicy Vanille fraise - x12 - 456g","p":3.65,"u":"8,00 €/KG","img":"https://fd13-photos.leclercdrive.fr/image.ashx?id=2902555&use=l&cat=p&typeid=i","cat":284265},{"id":126848,"n":"Batonnets Smicy Vanille - x12 - 456g","p":4.02,"u":"8,82 €/KG","img":"https://fd13-photos.leclercdrive.fr/image.ashx?id=2902552&use=l&cat=p&typeid=i","cat":284265},{"id":126849,"n":"Batonnets Smicy Vanille chocolat - x12 - 456g","p":3.53,"u":"7,74 €/KG","img":"https://fd13-photos.leclercdrive.fr/image.ashx?id=2902558&use=l&cat=p&typeid=i","cat":284265},{"id":126850,"n":"Batonnets Smicy Pistache chocolat - x12 - 456g","p":3.53,"u":"7,74 €/KG","img":"https://fd13-photos.leclercdrive.fr/image.ashx?id=2902561&use=l&cat=p&typeid=i","cat":284265},{"id":126914,"n":"Lorina limonade artisanale 6x20cl","p":4.84,"u":"4,03 €/L","img":"https://fd13-photos.leclercdrive.fr/image.ashx?id=2735140&use=l&cat=p&typeid=i","cat":284531},{"id":126918,"n":"Kaki 1p","p":0.79,"img":"https://fd13-photos.leclercdrive.fr/image.ashx?id=1628367&use=l&cat=p&typeid=i","cat":284356},{"id":126960,"n":"Cheeseburgers Côté Croc x6 - 780g","p":6.29,"u":"8,06 €/KG","img":"https://fd13-photos.leclercdrive.fr/image.ashx?id=2077373&use=l&cat=p&typeid=i","cat":319822},{"id":126974,"n":"Café moulu bio Bio Village Mexique - 250g","p":4.95,"u":"19,80 €/KG","img":"https://fd13-photos.leclercdrive.fr/image.ashx?id=2468882&use=l&cat=p&typeid=i","cat":284750},{"id":126978,"n":"Artichaut blanc 1p","p":1.99,"img":"https://fd13-photos.leclercdrive.fr/image.ashx?id=1681565&use=l&cat=p&typeid=i","cat":284352},{"id":126984,"n":"Concombre 1p","p":2.39,"img":"https://fd13-photos.leclercdrive.fr/image.ashx?id=1631895&use=l&cat=p&typeid=i","cat":284352},{"id":126990,"n":"Carottes Eco+ Sachet de 2kg","p":1.89,"u":"0,95 €/KG","img":"https://fd13-photos.leclercdrive.fr/image.ashx?id=2922376&use=l&cat=p&typeid=i","cat":284352},{"id":126993,"n":"Céleri  1 branche","p":2.49,"img":"https://fd13-photos.leclercdrive.fr/image.ashx?id=1631818&use=l&cat=p&typeid=i","cat":284352},{"id":126994,"n":"Céleri rave 1p","p":1.99,"img":"https://fd13-photos.leclercdrive.fr/image.ashx?id=1631904&use=l&cat=p&typeid=i","cat":284352},{"id":126995,"n":"Radis rond rouge botte x1","p":1.49,"img":"https://fd13-photos.leclercdrive.fr/image.ashx?id=714452&use=l&cat=p&typeid=i","cat":284352},{"id":127017,"n":"Butternut 1p","p":2.99,"img":"https://fd13-photos.leclercdrive.fr/image.ashx?id=1631577&use=l&cat=p&typeid=i","cat":284352},{"id":127019,"n":"Potimarron 1p","p":3.99,"img":"https://fd13-photos.leclercdrive.fr/image.ashx?id=1633196&use=l&cat=p&typeid=i","cat":284352},{"id":127021,"n":"Chou blanc 1p","p":1.99,"img":"https://fd13-photos.leclercdrive.fr/image.ashx?id=560849&use=l&cat=p&typeid=i","cat":284352},{"id":127099,"n":"Faisselle fromage frais Etrez 6x100g","p":2.89,"u":"4,82 €/KG","img":"https://fd13-photos.leclercdrive.fr/image.ashx?id=1988484&use=l&cat=p&typeid=i","cat":284409},{"id":127215,"n":"Litière chats Tranquille Cristaux fins - 3.7L","p":5.65,"u":"1,53 €/L","img":"https://fd13-photos.leclercdrive.fr/image.ashx?id=1934850&use=l&cat=p&typeid=i","cat":284683},{"id":127236,"n":"Lot de 2 Taboulé Oriental 2x525g","p":4.29,"u":"4,09 €/KG","img":"https://fd13-photos.leclercdrive.fr/image.ashx?id=2335181&use=l&cat=p&typeid=i","cat":325094},{"id":127243,"n":"Filet de Canard tranché Volandrie - 280g","p":7.59,"u":"27,11 €/KG","img":"https://fd13-photos.leclercdrive.fr/image.ashx?id=2396936&use=l&cat=p&typeid=i","cat":284339},{"id":127244,"n":"Filets de Canard Volandrie - 350g","p":6.44,"u":"18,40 €/KG","img":"https://fd13-photos.leclercdrive.fr/image.ashx?id=2903971&use=l&cat=p&typeid=i","cat":284339},{"id":127396,"n":"Soin de jour Diadermine Lift+ Lissage Immédiat - 50 ml","p":6.25,"u":"125,00 €/L","img":"https://fd13-photos.leclercdrive.fr/image.ashx?id=2551111&use=l&cat=p&typeid=i","cat":325345},{"id":127401,"n":"Préservatifs Orgasm'Intense Perlés et Nervurés Durex x10","p":8.09,"u":"0,81 €/P","img":"https://fd13-photos.leclercdrive.fr/image.ashx?id=2962023&use=l&cat=p&typeid=i","cat":284631},{"id":127430,"n":"Céréales fourrées P'tit Déli Chocolat au lait - 450g","p":2.58,"u":"5,73 €/KG","img":"https://fd13-photos.leclercdrive.fr/image.ashx?id=2824713&use=l&cat=p&typeid=i","cat":309513},{"id":127475,"n":"Lait bébé en poudre Blédilait croissance 1-3 ans 900g","p":10.99,"u":"12,21 €/KG","img":"https://fd13-photos.leclercdrive.fr/image.ashx?id=2848587&use=l&cat=p&typeid=i","cat":290219},{"id":127556,"n":"Litière chats Tranquille Cristale charbon actif - 4L","p":5.99,"u":"1,50 €/L","img":"https://fd13-photos.leclercdrive.fr/image.ashx?id=2421874&use=l&cat=p&typeid=i","cat":284683},{"id":128050,"n":"Cahier Esquisse 96pages Rose -Petits carreaux-24x32cm","p":1.39,"img":"https://fd13-photos.leclercdrive.fr/image.ashx?id=1932540&use=l&cat=p&typeid=i","cat":284697},{"id":128297,"n":"Surligneurs Grip Pastel Bic x4","p":2.85,"img":"https://fd13-photos.leclercdrive.fr/image.ashx?id=2780190&use=l&cat=p&typeid=i","cat":284696},{"id":129003,"n":"Lait infantile 1er âge Babybio  Optima 1 Bio - 800g","p":16.99,"u":"21,24 €/KG","img":"https://fd13-photos.leclercdrive.fr/image.ashx?id=2988433&use=l&cat=p&typeid=i","cat":284726},{"id":129019,"n":"Chocolat Pâtissier Nestlé Dessert : Noir Bio - 170g","p":4.05,"u":"23,82 €/KG","img":"https://fd13-photos.leclercdrive.fr/image.ashx?id=2961245&use=l&cat=p&typeid=i","cat":285562},{"id":129047,"n":"Crok fondant chocolat noisette  bio Terres et Céréales - 375g","p":4.29,"u":"11,44 €/KG","img":"https://fd13-photos.leclercdrive.fr/image.ashx?id=2672293&use=l&cat=p&typeid=i","cat":309513},{"id":129049,"n":"Haricots coco bio Jardin Bio Cuisinés - 680g","p":3.43,"u":"5,04 €/KG","img":"https://fd13-photos.leclercdrive.fr/image.ashx?id=2811200&use=l&cat=p&typeid=i","cat":312606},{"id":129059,"n":"Epinards Jardin Bio Bio - 630g","p":3.95,"u":"6,27 €/KG","img":"https://fd13-photos.leclercdrive.fr/image.ashx?id=2918928&use=l&cat=p&typeid=i","cat":312612},{"id":129123,"n":"Gel Lubrifiant Perfect Gliss Durex Longue Durée 100ml","p":7.95,"u":"79,50 €/L","img":"https://fd13-photos.leclercdrive.fr/image.ashx?id=2960693&use=l&cat=p&typeid=i","cat":285160},{"id":129137,"n":"Ethylotest 0.5g/L  NF x1","p":0.94,"img":"https://fd13-photos.leclercdrive.fr/image.ashx?id=1916195&use=l&cat=p&typeid=i","cat":334880},{"id":129138,"n":"Ethylotest 0.2g/L  NF x1","p":0.95,"img":"https://fd13-photos.leclercdrive.fr/image.ashx?id=1916198&use=l&cat=p&typeid=i","cat":334880},{"id":129235,"n":"Soda Coca-Cola sans sucres Bouteille - 6x1.75L","p":10.31,"u":"0,98 €/L","img":"https://fd13-photos.leclercdrive.fr/image.ashx?id=2878330&use=l&cat=p&typeid=i","cat":284530},{"id":129262,"n":"Bière blonde Corona Extra 4,5% - 6x33cl canette","p":7.87,"u":"3,97 €/L","img":"https://fd13-photos.leclercdrive.fr/image.ashx?id=2677501&use=l&cat=p&typeid=i","cat":334873},{"id":129280,"n":"Sel équilibre Cérébos Réduit en Sodium - 350g","p":1.99,"u":"5,69 €/KG","img":"https://fd13-photos.leclercdrive.fr/image.ashx?id=2520132&use=l&cat=p&typeid=i","cat":284457},{"id":129306,"n":"Fleurs de Capre Florelli 270g","p":3.16,"u":"11,70 €/KG","img":"https://fd13-photos.leclercdrive.fr/image.ashx?id=2603450&use=l&cat=p&typeid=i","cat":289010},{"id":129394,"n":"Tablette Chocolat Noir Nestlé L'Atelier Cranberries 170g","p":3.65,"u":"21,47 €/KG","img":"https://fd13-photos.leclercdrive.fr/image.ashx?id=2663054&use=l&cat=p&typeid=i","cat":284956},{"id":129395,"n":"Tablette Chocolat Lait Nestlé  L'Atelier Cranberries 170g","p":3.63,"u":"21,35 €/KG","img":"https://fd13-photos.leclercdrive.fr/image.ashx?id=2663051&use=l&cat=p&typeid=i","cat":284497},{"id":129396,"n":"Tablette Chocolat Lait Nestlé  L'atelier Raisins Amandes 170g","p":2.54,"u":"14,94 €/KG","img":"https://fd13-photos.leclercdrive.fr/image.ashx?id=2663048&use=l&cat=p&typeid=i","cat":284497},{"id":129397,"n":"Tablette Chocolat Noir Nestlé L'Atelier Raisins Amandes 170g","p":2.53,"u":"14,88 €/KG","img":"https://fd13-photos.leclercdrive.fr/image.ashx?id=2662147&use=l&cat=p&typeid=i","cat":284956},{"id":129441,"n":"Café en Grains Italien Lavazza  Arabica Espresso Barista - 1kg","p":20.07,"u":"20,07 €/KG","img":"https://fd13-photos.leclercdrive.fr/image.ashx?id=2922185&use=l&cat=p&typeid=i","cat":293237},{"id":129630,"n":"Bâtonnets Trium Menthe - x4 - 290g","p":2.81,"u":"9,69 €/KG","img":"https://fd13-photos.leclercdrive.fr/image.ashx?id=2920794&use=l&cat=p&typeid=i","cat":284265},{"id":129779,"n":"Arrangé ananas Victoria 40%vol - 50cl","p":16.59,"u":"33,18 €/L","img":"https://fd13-photos.leclercdrive.fr/image.ashx?id=2321310&use=l&cat=p&typeid=i","cat":284551},{"id":129810,"n":"Bière blonde Affligem Sans alcool - 12x25cl","p":8.64,"u":"2,88 €/L","img":"https://fd13-photos.leclercdrive.fr/image.ashx?id=2672026&use=l&cat=p&typeid=i","cat":334877},{"id":129934,"n":"Beignets Pasquier Chocolat noisette - x6 - 270g","p":2.17,"u":"8,04 €/KG","img":"https://fd13-photos.leclercdrive.fr/image.ashx?id=2986374&use=l&cat=p&typeid=i","cat":284495},{"id":129935,"n":"Beignets Pasquier Framboise x6 - 270g","p":3.07,"u":"11,37 €/KG","img":"https://fd13-photos.leclercdrive.fr/image.ashx?id=2986377&use=l&cat=p&typeid=i","cat":284495},{"id":129938,"n":"Tomate cocktail grappe Filière Panier du Primeur - 500g","p":2.19,"u":"4,38 €/KG","img":"https://fd13-photos.leclercdrive.fr/image.ashx?id=2553360&use=l&cat=p&typeid=i","cat":284352},{"id":129946,"n":"Ailes de poulet Maître Coq Rôties nature - 1kg","p":8.95,"u":"8,95 €/KG","img":"https://fd13-photos.leclercdrive.fr/image.ashx?id=2094316&use=l&cat=p&typeid=i","cat":333685},{"id":129957,"n":"AOP Côtes du Rhône rouge Combes de Saint Sauveur - BIB 3L","p":14.3,"u":"4,77 €/L","img":"https://fd13-photos.leclercdrive.fr/image.ashx?id=2985033&use=l&cat=p&typeid=i","cat":289560},{"id":130118,"n":"Gambas argentines Pescnova Crues 10/20 - 2kg","p":29.5,"u":"14,75 €/KG","img":"https://fd13-photos.leclercdrive.fr/image.ashx?id=2139886&use=l&cat=p&typeid=i","cat":319787},{"id":130284,"n":"Grissini artigianali Florelli Romarin - 300g","p":2.54,"u":"8,47 €/KG","img":"https://fd13-photos.leclercdrive.fr/image.ashx?id=2475855&use=l&cat=p&typeid=i","cat":297000},{"id":130285,"n":"Grissini artigianali Florelli Olives noires - 300g","p":1.98,"u":"6,60 €/KG","img":"https://fd13-photos.leclercdrive.fr/image.ashx?id=2475861&use=l&cat=p&typeid=i","cat":297000},{"id":130347,"n":"Bâtonnets Trium Caramel Beurre Salé x4 - 288g","p":2.93,"u":"10,17 €/KG","img":"https://fd13-photos.leclercdrive.fr/image.ashx?id=2920788&use=l&cat=p&typeid=i","cat":284265},{"id":130348,"n":"Bâtonnets Trium chocolat au  Lait biscuit cacaoté x4- 290g","p":2.99,"u":"10,31 €/KG","img":"https://fd13-photos.leclercdrive.fr/image.ashx?id=2791341&use=l&cat=p&typeid=i","cat":284265},{"id":130461,"n":"Bière blonde sans alcool 1664 0,0° - 6x25cl","p":3.78,"u":"2,52 €/L","img":"https://fd13-photos.leclercdrive.fr/image.ashx?id=2120656&use=l&cat=p&typeid=i","cat":334877},{"id":130527,"n":"Crème dessert Mont Blanc Chocolat - 6x125g","p":4.39,"u":"5,85 €/KG","img":"https://fd13-photos.leclercdrive.fr/image.ashx?id=1934733&use=l&cat=p&typeid=i","cat":284506},{"id":130536,"n":"Crème dessert Mont Blanc Vanille - 6x125g","p":4.39,"u":"5,85 €/KG","img":"https://fd13-photos.leclercdrive.fr/image.ashx?id=1934736&use=l&cat=p&typeid=i","cat":284506},{"id":130744,"n":"Nouilles aux oeufs Suzi Wan 250g","p":1.73,"u":"6,92 €/KG","img":"https://fd13-photos.leclercdrive.fr/image.ashx?id=2892928&use=l&cat=p&typeid=i","cat":288992},{"id":130747,"n":"Kit Tortilla Pocket Old El Paso doux - 375g","p":6.67,"u":"17,79 €/KG","img":"https://fd13-photos.leclercdrive.fr/image.ashx?id=2759514&use=l&cat=p&typeid=i","cat":288993},{"id":130752,"n":"Maquereau Petit Navire 175g Vin blanc et aromates - 175g","p":2.23,"u":"12,74 €/KG","img":"https://fd13-photos.leclercdrive.fr/image.ashx?id=2989063&use=l&cat=p&typeid=i","cat":303868},{"id":130755,"n":"Maquereau Moutarde PETIT NAVIRE Moutarde sans arome ajouté 169g","p":2.11,"u":"12,49 €/KG","img":"https://fd13-photos.leclercdrive.fr/image.ashx?id=2989060&use=l&cat=p&typeid=i","cat":303868},{"id":130759,"n":"Barres Nakd Cacahuètes Raw   Barres de Fruits & Noix 4x35g","p":2.87,"u":"20,50 €/KG","img":"https://fd13-photos.leclercdrive.fr/image.ashx?id=3005251&use=l&cat=p&typeid=i","cat":285869},{"id":130785,"n":"Confiture Bonne Maman Nectarine abricot intense 335g","p":2.92,"u":"8,72 €/KG","img":"https://fd13-photos.leclercdrive.fr/image.ashx?id=2305712&use=l&cat=p&typeid=i","cat":284480},{"id":130786,"n":"Crème de marron Roger Descours 500g","p":3.14,"u":"6,28 €/KG","img":"https://fd13-photos.leclercdrive.fr/image.ashx?id=1989159&use=l&cat=p&typeid=i","cat":284481},{"id":130789,"n":"Préparation Gâteau alsa Moelleux Nature - 435g","p":2.19,"u":"5,03 €/KG","img":"https://fd13-photos.leclercdrive.fr/image.ashx?id=2996431&use=l&cat=p&typeid=i","cat":284505},{"id":130790,"n":"Préparation Gâteau alsa Moelleux Chocolat - 435g","p":2.19,"u":"5,03 €/KG","img":"https://fd13-photos.leclercdrive.fr/image.ashx?id=2996434&use=l&cat=p&typeid=i","cat":284505},{"id":130792,"n":"Préparation Gâteau alsa Moelleux Citron - 435g","p":2.39,"u":"5,49 €/KG","img":"https://fd13-photos.leclercdrive.fr/image.ashx?id=2961864&use=l&cat=p&typeid=i","cat":284505},{"id":130804,"n":"Préparation Gâteau alsa Fondant au Chocolat - 435g","p":2.6,"u":"8,13 €/KG","img":"https://fd13-photos.leclercdrive.fr/image.ashx?id=2996437&use=l&cat=p&typeid=i","cat":284505},{"id":130805,"n":"Nappage Sainte Lucie Chocolat - 200g","p":3.63,"u":"18,15 €/KG","img":"https://fd13-photos.leclercdrive.fr/image.ashx?id=2776121&use=l&cat=p&typeid=i","cat":284504},{"id":130830,"n":"Dessert Végétal Charles & Alice Végétal Coco Chocolat 2X110G","p":1.53,"u":"6,95 €/KG","img":"https://fd13-photos.leclercdrive.fr/image.ashx?id=2919307&use=l&cat=p&typeid=i","cat":316071},{"id":130831,"n":"Dessert Végétal Charles & Alice Végétal Coco Marron 2X110G","p":1.69,"u":"7,68 €/KG","img":"https://fd13-photos.leclercdrive.fr/image.ashx?id=2911348&use=l&cat=p&typeid=i","cat":316071},{"id":130881,"n":"Bâtonnets Côte d'Or Vanille x4 - 260g","p":4.25,"u":"16,35 €/KG","img":"https://fd13-photos.leclercdrive.fr/image.ashx?id=2844573&use=l&cat=p&typeid=i","cat":284265},{"id":130883,"n":"Mini bâtonnets Côte d'Or x6 Assortiment vanille & chocolat","p":3.8,"u":"17,84 €/KG","img":"https://fd13-photos.leclercdrive.fr/image.ashx?id=2348767&use=l&cat=p&typeid=i","cat":284265},{"id":130918,"n":"Lait bébé poudre Guigoz Evolia  2ème âge - 6-12 mois - 800g","p":14.32,"u":"17,90 €/KG","img":"https://fd13-photos.leclercdrive.fr/image.ashx?id=2737111&use=l&cat=p&typeid=i","cat":284727},{"id":130919,"n":"Cereales Bio nuit Modilac 4mois 250g","p":4.94,"u":"19,76 €/KG","img":"https://fd13-photos.leclercdrive.fr/image.ashx?id=2766006&use=l&cat=p&typeid=i","cat":312225},{"id":130935,"n":"Dés fromage Petit Marché Chèvre - 120g","p":3.3,"u":"27,50 €/KG","img":"https://fd13-photos.leclercdrive.fr/image.ashx?id=2195332&use=l&cat=p&typeid=i","cat":314027},{"id":130937,"n":"Dés Fromage Méditerranéen Petit Marché 120g","p":2.5,"u":"20,83 €/KG","img":"https://fd13-photos.leclercdrive.fr/image.ashx?id=2263733&use=l&cat=p&typeid=i","cat":314027},{"id":131015,"n":"Compotes Materne Coupelles Pomme - 4x100g","p":1.6,"u":"4,00 €/KG","img":"https://fd13-photos.leclercdrive.fr/image.ashx?id=3010855&use=l&cat=p&typeid=i","cat":284508},{"id":131388,"n":"Capsules Starbucks by Nespresso  Colombia Int 7 - x10","p":3.48,"u":"61,05 €/KG","img":"https://fd13-photos.leclercdrive.fr/image.ashx?id=2868152&use=l&cat=p&typeid=i","cat":284749},{"id":131428,"n":"Capsules Starbucks by Nespresso  Verona Int 10 - x10","p":3.71,"u":"65,09 €/KG","img":"https://fd13-photos.leclercdrive.fr/image.ashx?id=2945769&use=l&cat=p&typeid=i","cat":284749},{"id":131431,"n":"Café Capsules by DOLCE GUSTO Starbucks Caramel Macchiato 2x6","p":4.39,"u":"34,57 €/KG","img":"https://fd13-photos.leclercdrive.fr/image.ashx?id=2966785&use=l&cat=p&typeid=i","cat":293239},{"id":131625,"n":"Thé glacé Fuze Tea  Menthe Citron vert - 1,25L","p":1.59,"u":"1,27 €/L","img":"https://fd13-photos.leclercdrive.fr/image.ashx?id=2940402&use=l&cat=p&typeid=i","cat":295019},{"id":131767,"n":"Bonbons sans sucres Ricola Orange Menthe - 50g","p":1.6,"u":"32,00 €/KG","img":"https://fd13-photos.leclercdrive.fr/image.ashx?id=2382219&use=l&cat=p&typeid=i","cat":304256},{"id":131768,"n":"Bonbons sans sucres Ricola Menthe pomme - 50g","p":1.62,"u":"32,40 €/KG","img":"https://fd13-photos.leclercdrive.fr/image.ashx?id=2382995&use=l&cat=p&typeid=i","cat":304256},{"id":131777,"n":"Ananas en morceaux Eco+ Sirop léger - 340 g","p":1.01,"u":"2,81 €/KG","img":"https://fd13-photos.leclercdrive.fr/image.ashx?id=2501649&use=l&cat=p&typeid=i","cat":284507},{"id":131784,"n":"Barres céréales Eco+ Choco/banane - 125g","p":0.71,"u":"5,68 €/KG","img":"https://fd13-photos.leclercdrive.fr/image.ashx?id=2791203&use=l&cat=p&typeid=i","cat":285869},{"id":131786,"n":"Café Dolce Gusto Plantation Décaféiné N°5 - x16 - 106g","p":3.39,"u":"31,98 €/KG","img":"https://fd13-photos.leclercdrive.fr/image.ashx?id=2649741&use=l&cat=p&typeid=i","cat":293239},{"id":131788,"n":"Barres céréales Eco+ Pomme/abricot - 125g","p":0.69,"u":"5,52 €/KG","img":"https://fd13-photos.leclercdrive.fr/image.ashx?id=2791206&use=l&cat=p&typeid=i","cat":285869},{"id":131790,"n":"Barres céréales Eco+ Chocolat & cacahuètes x6 - 126g","p":0.71,"u":"5,63 €/KG","img":"https://fd13-photos.leclercdrive.fr/image.ashx?id=2791209&use=l&cat=p&typeid=i","cat":285869},{"id":131799,"n":"Boules de céréales Eco+ Au chocolat - 750g","p":2.97,"u":"3,96 €/KG","img":"https://fd13-photos.leclercdrive.fr/image.ashx?id=2772948&use=l&cat=p&typeid=i","cat":309513},{"id":131800,"n":"Céréales boules de mais Eco + Au miel - 750g","p":2.25,"u":"3,00 €/KG","img":"https://fd13-photos.leclercdrive.fr/image.ashx?id=2765828&use=l&cat=p&typeid=i","cat":309513},{"id":131802,"n":"Boules céréales miel P'tit Déli 400g","p":2.33,"u":"5,83 €/KG","img":"https://fd13-photos.leclercdrive.fr/image.ashx?id=2183110&use=l&cat=p&typeid=i","cat":309513},{"id":131806,"n":"Céréales fourrées P'tit Déli Chocolat au lait - 450g","p":2.45,"u":"5,44 €/KG","img":"https://fd13-photos.leclercdrive.fr/image.ashx?id=2835211&use=l&cat=p&typeid=i","cat":309513},{"id":131807,"n":"Choucroute garnie 800g","p":2.17,"u":"2,71 €/KG","img":"https://fd13-photos.leclercdrive.fr/image.ashx?id=2826894&use=l&cat=p&typeid=i","cat":284441},{"id":131809,"n":"Chocolat noir dégustation 100g","p":1.0,"u":"10,00 €/KG","img":"https://fd13-photos.leclercdrive.fr/image.ashx?id=2858375&use=l&cat=p&typeid=i","cat":284956},{"id":131811,"n":"Chicorée café Eco+ Soluble - 200g","p":2.06,"u":"10,30 €/KG","img":"https://fd13-photos.leclercdrive.fr/image.ashx?id=2791200&use=l&cat=p&typeid=i","cat":284843},{"id":131818,"n":"Céréales Corn Flakes Eco+ Nature - 750g","p":1.9,"u":"2,53 €/KG","img":"https://fd13-photos.leclercdrive.fr/image.ashx?id=2711589&use=l&cat=p&typeid=i","cat":309513},{"id":131820,"n":"Corn Flackes sucrés 400g","p":1.74,"u":"4,35 €/KG","img":"https://fd13-photos.leclercdrive.fr/image.ashx?id=2688764&use=l&cat=p&typeid=i","cat":309513},{"id":131821,"n":"Croissants Eco+ x10 - 400g","p":1.45,"u":"3,63 €/KG","img":"https://fd13-photos.leclercdrive.fr/image.ashx?id=2922914&use=l&cat=p&typeid=i","cat":296366},{"id":131822,"n":"Delicioso format familial x10 - 350g","p":2.52,"u":"7,20 €/KG","img":"https://fd13-photos.leclercdrive.fr/image.ashx?id=2416547&use=l&cat=p&typeid=i","cat":284495},{"id":131824,"n":"Marshmallows 200g","p":0.79,"u":"3,95 €/KG","img":"https://fd13-photos.leclercdrive.fr/image.ashx?id=2761289&use=l&cat=p&typeid=i","cat":304250},{"id":131825,"n":"Mais croquant Eco+ 3x140g","p":1.66,"u":"3,95 €/KG","img":"https://fd13-photos.leclercdrive.fr/image.ashx?id=2874675&use=l&cat=p&typeid=i","cat":312611},{"id":131827,"n":"Mouliné aux 8 légumes Eco+ 1L","p":0.9,"u":"0,90 €/L","img":"https://fd13-photos.leclercdrive.fr/image.ashx?id=2768451&use=l&cat=p&typeid=i","cat":284462},{"id":131832,"n":"Olives vertes dénoyautées 490g","p":2.52,"u":"5,14 €/KG","img":"https://fd13-photos.leclercdrive.fr/image.ashx?id=1942575&use=l&cat=p&typeid=i","cat":284458},{"id":131834,"n":"Pain de mie Epi d'Or Extra moelleux - 500g","p":0.99,"u":"1,98 €/KG","img":"https://fd13-photos.leclercdrive.fr/image.ashx?id=2331517&use=l&cat=p&typeid=i","cat":284477},{"id":132109,"n":"Batonnets de glace Nuii Mangue d'Inde et Noix de Coco  x4","p":4.44,"u":"15,52 €/KG","img":"https://fd13-photos.leclercdrive.fr/image.ashx?id=2506825&use=l&cat=p&typeid=i","cat":284265},{"id":132145,"n":"Langues de chat Karelea x36 - 100g","p":2.75,"u":"27,50 €/KG","img":"https://fd13-photos.leclercdrive.fr/image.ashx?id=2887902&use=l&cat=p&typeid=i","cat":318651},{"id":132154,"n":"Bâtonnets Trium Trois chocolats x4 - 282g","p":3.29,"u":"11,54 €/KG","img":"https://fd13-photos.leclercdrive.fr/image.ashx?id=1947289&use=l&cat=p&typeid=i","cat":284265},{"id":132163,"n":"Lait bébé liquide Blédilait croissance 1-3 ans 4x500ml","p":5.0,"u":"2,50 €/L","img":"https://fd13-photos.leclercdrive.fr/image.ashx?id=2892418&use=l&cat=p&typeid=i","cat":284728},{"id":132165,"n":"Sorbet Eskiss Citron jaune - 650g","p":2.41,"u":"3,71 €/KG","img":"https://fd13-photos.leclercdrive.fr/image.ashx?id=2982664&use=l&cat=p&typeid=i","cat":284263},{"id":132234,"n":"Flocons d'avoine Grainea 500g","p":0.84,"u":"1,68 €/KG","img":"https://fd13-photos.leclercdrive.fr/image.ashx?id=2919655&use=l&cat=p&typeid=i","cat":309512},{"id":132243,"n":"Lessive liquide couleur Epsil 25 lavages - 1.25L","p":2.54,"u":"2,03 €/L","img":"https://fd13-photos.leclercdrive.fr/image.ashx?id=2602961&use=l&cat=p&typeid=i","cat":284640},{"id":132285,"n":"Feta grecque AOP Les Croisés - Tranche - 150g","p":1.84,"u":"12,27 €/KG","img":"https://fd13-photos.leclercdrive.fr/image.ashx?id=2210750&use=l&cat=p&typeid=i","cat":314026},{"id":132290,"n":"Huile d'Olive Carapelli Extra Vierge Classico - 75cl","p":10.82,"u":"14,43 €/L","img":"https://fd13-photos.leclercdrive.fr/image.ashx?id=2737480&use=l&cat=p&typeid=i","cat":284453},{"id":132330,"n":"Ail semoule Eco + 54g","p":0.79,"u":"14,63 €/KG","img":"https://fd13-photos.leclercdrive.fr/image.ashx?id=2717249&use=l&cat=p&typeid=i","cat":298297},{"id":132334,"n":"Tortilla Pockets Old El Paso x8 - 223g","p":3.74,"u":"16,77 €/KG","img":"https://fd13-photos.leclercdrive.fr/image.ashx?id=2737675&use=l&cat=p&typeid=i","cat":288993},{"id":132348,"n":"Delir' Pik Haribo Sachet bonbons acidulés - 275g","p":1.9,"u":"6,91 €/KG","img":"https://fd13-photos.leclercdrive.fr/image.ashx?id=2984904&use=l&cat=p&typeid=i","cat":304250},{"id":132368,"n":"Repas bébé Blédichef 15 mois Pâtes sauce tomate jambon -250g","p":1.89,"u":"7,56 €/KG","img":"https://fd13-photos.leclercdrive.fr/image.ashx?id=2643743&use=l&cat=p&typeid=i","cat":312238},{"id":132369,"n":"Repas bébé Blédichef 24 mois  Pâtes légumes cabillaud - 250g","p":1.92,"u":"7,68 €/KG","img":"https://fd13-photos.leclercdrive.fr/image.ashx?id=2644725&use=l&cat=p&typeid=i","cat":312238},{"id":132372,"n":"Gâteaux moelleux LU Nature - 140g","p":1.66,"u":"11,86 €/KG","img":"https://fd13-photos.leclercdrive.fr/image.ashx?id=2669418&use=l&cat=p&typeid=i","cat":284495},{"id":132382,"n":"Sardines à la tomate Eco+ 3x125g","p":1.93,"u":"5,15 €/KG","img":"https://fd13-photos.leclercdrive.fr/image.ashx?id=2694073&use=l&cat=p&typeid=i","cat":305146},{"id":132392,"n":"Gratte éponge Spontex Longue durée - x3","p":1.91,"u":"0,64 €/P","img":"https://fd13-photos.leclercdrive.fr/image.ashx?id=2973072&use=l&cat=p&typeid=i","cat":284667},{"id":132486,"n":"Eau micellaire 100ml","p":1.49,"u":"14,90 €/L","img":"https://fd13-photos.leclercdrive.fr/image.ashx?id=1947543&use=l&cat=p&typeid=i","cat":284603},{"id":132572,"n":"AOP Saumur Mousseux Brut Lacheteau Origine - 75cl","p":4.75,"u":"6,33 €/L","img":"https://fd13-photos.leclercdrive.fr/image.ashx?id=2960768&use=l&cat=p&typeid=i","cat":284545},{"id":132581,"n":"Céréales soufflé P'tit Déli Au chocolat - 400g","p":2.37,"u":"5,93 €/KG","img":"https://fd13-photos.leclercdrive.fr/image.ashx?id=2811875&use=l&cat=p&typeid=i","cat":309513},{"id":132585,"n":"Skyr Yoplait  Nature 0%Mg - 4x100g","p":2.07,"u":"5,18 €/KG","img":"https://fd13-photos.leclercdrive.fr/image.ashx?id=2884435&use=l&cat=p&typeid=i","cat":315000},{"id":132625,"n":"Batônnets Trium Vanille Fruits rouge x4 - 286g","p":2.64,"u":"9,23 €/KG","img":"https://fd13-photos.leclercdrive.fr/image.ashx?id=2920782&use=l&cat=p&typeid=i","cat":284265},{"id":132629,"n":"Pétales de blé P'tit Déli Au chocolat - 400g","p":2.17,"u":"5,43 €/KG","img":"https://fd13-photos.leclercdrive.fr/image.ashx?id=2765846&use=l&cat=p&typeid=i","cat":309513},{"id":132630,"n":"Sorbet Eskiss Pomme - 650g","p":2.49,"u":"3,83 €/KG","img":"https://fd13-photos.leclercdrive.fr/image.ashx?id=2982670&use=l&cat=p&typeid=i","cat":284263},{"id":132631,"n":"Sorbet Eskiss Poire - 650g","p":2.11,"u":"3,25 €/KG","img":"https://fd13-photos.leclercdrive.fr/image.ashx?id=2983826&use=l&cat=p&typeid=i","cat":284263},{"id":132633,"n":"Bac sorbet Eskiss Citron vert - 650g","p":2.61,"u":"4,02 €/KG","img":"https://fd13-photos.leclercdrive.fr/image.ashx?id=2983829&use=l&cat=p&typeid=i","cat":284263},{"id":132638,"n":"Batonnet Trium Vanille fruit exotique x4  294g","p":2.65,"u":"9,01 €/KG","img":"https://fd13-photos.leclercdrive.fr/image.ashx?id=2911699&use=l&cat=p&typeid=i","cat":284265},{"id":132640,"n":"Batonnets Trium Citron meringue - x4 - 280g","p":2.85,"u":"10,18 €/KG","img":"https://fd13-photos.leclercdrive.fr/image.ashx?id=2911702&use=l&cat=p&typeid=i","cat":284265},{"id":132796,"n":"Haché moelleux Eco+ 500g","p":4.85,"u":"9,70 €/KG","img":"https://fd13-photos.leclercdrive.fr/image.ashx?id=2930606&use=l&cat=p&typeid=i","cat":284332},{"id":132808,"n":"Skyr Yoplait  Lit Fruits Rouges 0%Mg - 4x100g","p":2.3,"u":"5,75 €/KG","img":"https://fd13-photos.leclercdrive.fr/image.ashx?id=2884438&use=l&cat=p&typeid=i","cat":315000},{"id":132811,"n":"Skyr Yoplait  Sur Lit Myrtilles 0%MG - 4x100G","p":2.3,"u":"5,75 €/KG","img":"https://fd13-photos.leclercdrive.fr/image.ashx?id=2884441&use=l&cat=p&typeid=i","cat":315000},{"id":132815,"n":"Skyr Yoplait  Sur Lit Citron 0%MG - 4x100g","p":2.25,"u":"5,63 €/KG","img":"https://fd13-photos.leclercdrive.fr/image.ashx?id=2317780&use=l&cat=p&typeid=i","cat":315000},{"id":132901,"n":"AOP Jurançon blanc moelleux Tradition Royale - 75cl","p":6.5,"u":"8,67 €/L","img":"https://fd13-photos.leclercdrive.fr/image.ashx?id=2996872&use=l&cat=p&typeid=i","cat":289557},{"id":132905,"n":"Confiture Bonne Maman Myrtille/Cassis - 335g","p":2.53,"u":"7,55 €/KG","img":"https://fd13-photos.leclercdrive.fr/image.ashx?id=2508222&use=l&cat=p&typeid=i","cat":284480},{"id":132978,"n":"Haché Le 5% Tendre & Plus Pur bœuf - 500g","p":10.9,"u":"21,80 €/KG","img":"https://fd13-photos.leclercdrive.fr/image.ashx?id=1952627&use=l&cat=p&typeid=i","cat":284332},{"id":133039,"n":"Lessive liquide noir Epsil 25 Lavages - 1.25L","p":2.54,"u":"2,03 €/L","img":"https://fd13-photos.leclercdrive.fr/image.ashx?id=2958759&use=l&cat=p&typeid=i","cat":284640},{"id":133044,"n":"Lessive laine & soie Epsil 25 lavages - 1.25L","p":2.54,"u":"2,03 €/L","img":"https://fd13-photos.leclercdrive.fr/image.ashx?id=2842319&use=l&cat=p&typeid=i","cat":284640},{"id":133071,"n":"Contour yeux bio So Bio Etic Précieux Argan -15ml","p":13.46,"u":"897,33 €/L","img":"https://fd13-photos.leclercdrive.fr/image.ashx?id=2644244&use=l&cat=p&typeid=i","cat":325345},{"id":133086,"n":"Bac gourmand Ice Cream Factory Stracciatella - 500g","p":2.49,"u":"4,98 €/KG","img":"https://fd13-photos.leclercdrive.fr/image.ashx?id=2982679&use=l&cat=p&typeid=i","cat":284263},{"id":133121,"n":"Poisson Pané Colin Alaska Findus Céréales graines - 250g","p":2.75,"u":"11,00 €/KG","img":"https://fd13-photos.leclercdrive.fr/image.ashx?id=3008764&use=l&cat=p&typeid=i","cat":319788},{"id":133188,"n":"Douche crème bio So Bio Etic Surgras à l'huile de coco-650ml","p":5.66,"u":"8,71 €/L","img":"https://fd13-photos.leclercdrive.fr/image.ashx?id=2891580&use=l&cat=p&typeid=i","cat":284594},{"id":133464,"n":"Shampooing Bio So Bio Etic Hibiscus Acide laurique - 250ml","p":4.16,"u":"16,64 €/L","img":"https://fd13-photos.leclercdrive.fr/image.ashx?id=2784959&use=l&cat=p&typeid=i","cat":284606},{"id":133533,"n":"Masque Color-Vive Elsève 2x310ml","p":9.83,"u":"15,85 €/L","img":"https://fd13-photos.leclercdrive.fr/image.ashx?id=2396159&use=l&cat=p&typeid=i","cat":284608},{"id":133538,"n":"Aérosol Pyrel Multi insectes - 400ml","p":5.61,"u":"14,03 €/L","img":"https://fd13-photos.leclercdrive.fr/image.ashx?id=1955975&use=l&cat=p&typeid=i","cat":298368},{"id":133800,"n":"Whisky Taiwanais Yushan 40% vol. - 70cl + Etui","p":34.9,"u":"49,86 €/L","img":"https://fd13-photos.leclercdrive.fr/image.ashx?id=2736364&use=l&cat=p&typeid=i","cat":284547},{"id":133988,"n":"Oeufs La nouvelle agriculture bio Plein Air - x6","p":3.23,"u":"0,54 €/P","img":"https://fd13-photos.leclercdrive.fr/image.ashx?id=2665424&use=l&cat=p&typeid=i","cat":284378},{"id":134047,"n":"Barres de céréales Lion Chocolat caramel - 12x25g","p":3.89,"u":"12,97 €/KG","img":"https://fd13-photos.leclercdrive.fr/image.ashx?id=2846787&use=l&cat=p&typeid=i","cat":285869},{"id":134055,"n":"Infusion Lipton froid hibiscus x15 - 38g","p":3.25,"u":"85,53 €/KG","img":"https://fd13-photos.leclercdrive.fr/image.ashx?id=2339237&use=l&cat=p&typeid=i","cat":293234},{"id":134067,"n":"Spaghetti courts Lustucru 3 min - 2x500g + 1 offert","p":2.85,"u":"1,90 €/KG","img":"https://fd13-photos.leclercdrive.fr/image.ashx?id=1975754&use=l&cat=p&typeid=i","cat":284427},{"id":134124,"n":"Velouté PurSoup' Liebig Poireaux pomme de terre - 1L","p":2.2,"u":"2,20 €/L","img":"https://fd13-photos.leclercdrive.fr/image.ashx?id=2864324&use=l&cat=p&typeid=i","cat":284462},{"id":134128,"n":"Tomates allongées Panier du Primeur - 600g","p":2.99,"u":"4,98 €/KG","img":"https://fd13-photos.leclercdrive.fr/image.ashx?id=2556526&use=l&cat=p&typeid=i","cat":284352},{"id":134129,"n":"Verrine de Paté Eco+ 3x180g","p":2.69,"u":"4,98 €/KG","img":"https://fd13-photos.leclercdrive.fr/image.ashx?id=2852946&use=l&cat=p&typeid=i","cat":305149},{"id":134141,"n":"Haricot vert Panier du Primeur 500g","p":1.79,"u":"3,58 €/KG","img":"https://fd13-photos.leclercdrive.fr/image.ashx?id=2953641&use=l&cat=p&typeid=i","cat":284352},{"id":134144,"n":"Don Papa Masskara Base de rhum 40% vol 70cl","p":31.89,"u":"45,56 €/L","img":"https://fd13-photos.leclercdrive.fr/image.ashx?id=2858255&use=l&cat=p&typeid=i","cat":284551},{"id":134146,"n":"Biscuits Nustikao Fourrés pâte à tartiner - 200g","p":1.67,"u":"8,35 €/KG","img":"https://fd13-photos.leclercdrive.fr/image.ashx?id=2473999&use=l&cat=p&typeid=i","cat":284488},{"id":134167,"n":"Yaourt à la grecque Délisse Noix de Coco - 4x150g","p":2.38,"u":"3,97 €/KG","img":"https://fd13-photos.leclercdrive.fr/image.ashx?id=2699759&use=l&cat=p&typeid=i","cat":314999},{"id":134194,"n":"Yaourt aromatisé Perle de Lait Lit de Mangue Passion - 4x125g","p":2.41,"u":"4,82 €/P","img":"https://fd13-photos.leclercdrive.fr/image.ashx?id=2989213&use=l&cat=p&typeid=i","cat":314999},{"id":134217,"n":"Lardons nature Tradilège Sans nitrite - 2x75g","p":1.62,"u":"21,60 €/KG","img":"https://fd13-photos.leclercdrive.fr/image.ashx?id=2816675&use=l&cat=p&typeid=i","cat":316011},{"id":134249,"n":"Blé express cuisiné Ebly  Tomate et basilic - 220g","p":1.89,"u":"8,59 €/KG","img":"https://fd13-photos.leclercdrive.fr/image.ashx?id=1963877&use=l&cat=p&typeid=i","cat":287600},{"id":134252,"n":"Feuilleté de mousse la Laitière Chocolat noir - 4x57g","p":1.84,"u":"8,07 €/KG","img":"https://fd13-photos.leclercdrive.fr/image.ashx?id=2875960&use=l&cat=p&typeid=i","cat":284417},{"id":134257,"n":"Corn Flakes Grainéa Nature - 500g","p":2.08,"u":"4,16 €/KG","img":"https://fd13-photos.leclercdrive.fr/image.ashx?id=2617249&use=l&cat=p&typeid=i","cat":309513},{"id":134317,"n":"Biscuit Croc Break P'tit Déli Goût Chocolat - 300g","p":1.15,"u":"3,83 €/KG","img":"https://fd13-photos.leclercdrive.fr/image.ashx?id=2390431&use=l&cat=p&typeid=i","cat":284488},{"id":134318,"n":"Biscuits P'tit déli Pirates Chocolat - 2x300g","p":2.17,"u":"3,62 €/KG","img":"https://fd13-photos.leclercdrive.fr/image.ashx?id=2718614&use=l&cat=p&typeid=i","cat":284488},{"id":134331,"n":"Muesli croustillant Grainéa Chocolat noir - 500g","p":2.29,"u":"4,58 €/KG","img":"https://fd13-photos.leclercdrive.fr/image.ashx?id=2925991&use=l&cat=p&typeid=i","cat":309512},{"id":134333,"n":"Muesli croustillant Grainéa Noix - 500g","p":2.02,"u":"4,04 €/KG","img":"https://fd13-photos.leclercdrive.fr/image.ashx?id=2917662&use=l&cat=p&typeid=i","cat":309512},{"id":134336,"n":"Muesli croustillant Grainéa  Aux fruits - 500g","p":1.87,"u":"3,74 €/KG","img":"https://fd13-photos.leclercdrive.fr/image.ashx?id=2931796&use=l&cat=p&typeid=i","cat":309512},{"id":134352,"n":"Muesli croustillant Grainéa  Fraise - 500g","p":2.27,"u":"4,54 €/KG","img":"https://fd13-photos.leclercdrive.fr/image.ashx?id=2873670&use=l&cat=p&typeid=i","cat":309512},{"id":134353,"n":"Muesli croustillant Grainéa Chocolat lait - 500g","p":2.27,"u":"4,54 €/KG","img":"https://fd13-photos.leclercdrive.fr/image.ashx?id=2925994&use=l&cat=p&typeid=i","cat":309512},{"id":134398,"n":"Saucisson Fuet d'Olot 150g","p":2.45,"u":"16,33 €/KG","img":"https://fd13-photos.leclercdrive.fr/image.ashx?id=1971722&use=l&cat=p&typeid=i","cat":316006},{"id":134458,"n":"Fromage Camembert NRT AOP  de Normandie  - 250g","p":3.39,"u":"13,56 €/KG","img":"https://fd13-photos.leclercdrive.fr/image.ashx?id=1962719&use=l&cat=p&typeid=i","cat":314033},{"id":134489,"n":"Saucisse persillé d'Alsace NRT 120g","p":1.85,"u":"15,42 €/KG","img":"https://fd13-photos.leclercdrive.fr/image.ashx?id=2751931&use=l&cat=p&typeid=i","cat":316012},{"id":134534,"n":"Café en grains L'OR Absolu N° 7 1kg","p":19.05,"u":"19,05 €/KG","img":"https://fd13-photos.leclercdrive.fr/image.ashx?id=2716837&use=l&cat=p&typeid=i","cat":293237},{"id":134576,"n":"Bicarbonate de soude Biovie 500g","p":2.02,"u":"4,04 €/KG","img":"https://fd13-photos.leclercdrive.fr/image.ashx?id=2990706&use=l&cat=p&typeid=i","cat":325365},{"id":134579,"n":"Vinaigre ménager Biovie 12° -  senteur framboise - 1L","p":2.25,"u":"2,25 €/L","img":"https://fd13-photos.leclercdrive.fr/image.ashx?id=2990712&use=l&cat=p&typeid=i","cat":325365},{"id":134600,"n":"Barres chocolat Milka Nussini - 5x31,5g","p":2.66,"u":"16,94 €/KG","img":"https://fd13-photos.leclercdrive.fr/image.ashx?id=2913487&use=l&cat=p&typeid=i","cat":284498},{"id":134631,"n":"Pommes de terre pour four purée potage Panier du Primeur - 2kg","p":2.29,"u":"1,15 €/KG","img":"https://fd13-photos.leclercdrive.fr/image.ashx?id=2959641&use=l&cat=p&typeid=i","cat":284352},{"id":134677,"n":"Friandise petit chien Pedigree  Os à mâcher x4 - 160g","p":2.43,"u":"15,19 €/KG","img":"https://fd13-photos.leclercdrive.fr/image.ashx?id=2997253&use=l&cat=p&typeid=i","cat":294527},{"id":134688,"n":"Compote Charles & Alice Pommes Pruneaux - 4x100g","p":1.8,"u":"4,50 €/KG","img":"https://fd13-photos.leclercdrive.fr/image.ashx?id=2757335&use=l&cat=p&typeid=i","cat":284416},{"id":134698,"n":"Pomme de terre filière vapeur  sautées Panier du Primeur - 2kg","p":2.29,"u":"1,15 €/KG","img":"https://fd13-photos.leclercdrive.fr/image.ashx?id=2959644&use=l&cat=p&typeid=i","cat":284352},{"id":134745,"n":"Yaourt nature ECO+ 12x125g","p":1.69,"u":"1,13 €/KG","img":"https://fd13-photos.leclercdrive.fr/image.ashx?id=2791194&use=l&cat=p&typeid=i","cat":284409},{"id":134748,"n":"Asperges blanches Eco+ Miniatures - 125g","p":0.99,"u":"7,92 €/KG","img":"https://fd13-photos.leclercdrive.fr/image.ashx?id=2661076&use=l&cat=p&typeid=i","cat":312611},{"id":134754,"n":"Café moulu Bio Village Guatémala Bio - 250g","p":4.9,"u":"19,60 €/KG","img":"https://fd13-photos.leclercdrive.fr/image.ashx?id=2468879&use=l&cat=p&typeid=i","cat":284750},{"id":134770,"n":"Compote bio Bio Village Gourdes multivariétés - 12x90g","p":6.35,"u":"5,88 €/KG","img":"https://fd13-photos.leclercdrive.fr/image.ashx?id=1965920&use=l&cat=p&typeid=i","cat":284508},{"id":134772,"n":"Huile de noisette Rustica 25cl","p":2.89,"u":"11,56 €/L","img":"https://fd13-photos.leclercdrive.fr/image.ashx?id=2610336&use=l&cat=p&typeid=i","cat":284453},{"id":134775,"n":"Lait de coco Bio Village Bio - 200ml","p":1.29,"u":"6,45 €/L","img":"https://fd13-photos.leclercdrive.fr/image.ashx?id=2552451&use=l&cat=p&typeid=i","cat":288992},{"id":134777,"n":"Macaronis Bio Village Bio - 500g","p":1.19,"u":"2,38 €/KG","img":"https://fd13-photos.leclercdrive.fr/image.ashx?id=2624923&use=l&cat=p&typeid=i","cat":284429},{"id":134786,"n":"Potage poule aux vermicelles Eco+ - 56g","p":0.33,"u":"5,89 €/KG","img":"https://fd13-photos.leclercdrive.fr/image.ashx?id=2663260&use=l&cat=p&typeid=i","cat":284463},{"id":134787,"n":"Ravioli bœuf Bio village Bio 700g","p":3.7,"u":"5,29 €/KG","img":"https://fd13-photos.leclercdrive.fr/image.ashx?id=2717255&use=l&cat=p&typeid=i","cat":284442},{"id":134788,"n":"Spaghetti complets Bio Village Bio - 500g","p":0.89,"u":"1,78 €/KG","img":"https://fd13-photos.leclercdrive.fr/image.ashx?id=2503308&use=l&cat=p&typeid=i","cat":284429},{"id":134791,"n":"Thon à la catalane Eco + 135g","p":0.82,"u":"6,07 €/KG","img":"https://fd13-photos.leclercdrive.fr/image.ashx?id=2756834&use=l&cat=p&typeid=i","cat":303867},{"id":134794,"n":"Toasts fins sésame Epi d'Or 100g","p":1.65,"u":"16,50 €/KG","img":"https://fd13-photos.leclercdrive.fr/image.ashx?id=2705092&use=l&cat=p&typeid=i","cat":285454},{"id":134796,"n":"Tomates entières pelées Eco+ 240g","p":0.55,"u":"2,29 €/KG","img":"https://fd13-photos.leclercdrive.fr/image.ashx?id=2762501&use=l&cat=p&typeid=i","cat":312608},{"id":134798,"n":"Velouté de légumes Eco + 1L","p":0.89,"u":"0,89 €/L","img":"https://fd13-photos.leclercdrive.fr/image.ashx?id=2768448&use=l&cat=p&typeid=i","cat":284462},{"id":134799,"n":"Vinaigre de vin 6° Eco +  1L","p":0.55,"u":"0,55 €/L","img":"https://fd13-photos.leclercdrive.fr/image.ashx?id=2669654&use=l&cat=p&typeid=i","cat":298543},{"id":134816,"n":"Jus d'orange ABC Eco + Brique - 1L","p":1.3,"u":"1,30 €/L","img":"https://fd13-photos.leclercdrive.fr/image.ashx?id=2802257&use=l&cat=p&typeid=i","cat":284521},{"id":134817,"n":"Jus de pamplemousse rose Eco + ABC - 1L","p":0.98,"u":"0,98 €/L","img":"https://fd13-photos.leclercdrive.fr/image.ashx?id=2802266&use=l&cat=p&typeid=i","cat":284914},{"id":134844,"n":"Crème de cassis Gildo 15% - 70cl","p":4.67,"u":"6,67 €/L","img":"https://fd13-photos.leclercdrive.fr/image.ashx?id=2563181&use=l&cat=p&typeid=i","cat":286032},{"id":134853,"n":"Bière speciale 4,9% Gildo 50cl","p":0.87,"u":"1,74 €/L","img":"https://fd13-photos.leclercdrive.fr/image.ashx?id=2955605&use=l&cat=p&typeid=i","cat":334853},{"id":134854,"n":"Bière blonde de luxe Millbrau 4% - 24x25cl","p":7.67,"u":"1,28 €/L","img":"https://fd13-photos.leclercdrive.fr/image.ashx?id=2955596&use=l&cat=p&typeid=i","cat":334873},{"id":134860,"n":"Maxi carré bébé Mots d'Enfants Coton bio - x80","p":2.6,"u":"0,03 €/P","img":"https://fd13-photos.leclercdrive.fr/image.ashx?id=3014296&use=l&cat=p&typeid=i","cat":284739},{"id":134861,"n":"Maxi carré bébé Mots d'Enfants Coton bio écru - x40","p":1.37,"u":"0,03 €/P","img":"https://fd13-photos.leclercdrive.fr/image.ashx?id=1965833&use=l&cat=p&typeid=i","cat":284739},{"id":134989,"n":"Amora Cornichons Extra-Fins Bocal Croq'Vert 370g","p":2.52,"u":"6,81 €/KG","img":"https://fd13-photos.leclercdrive.fr/image.ashx?id=2670911&use=l&cat=p&typeid=i","cat":284458},{"id":135081,"n":"Joker Pur Jus Engagé  Multifruits - 1,5L","p":3.45,"u":"2,30 €/L","img":"https://fd13-photos.leclercdrive.fr/image.ashx?id=3008137&use=l&cat=p&typeid=i","cat":284917},{"id":135104,"n":"Salade & Cie Sodebo Brooklyn Poulet Rôti Pâtes - 320g","p":3.95,"u":"12,34 €/KG","img":"https://fd13-photos.leclercdrive.fr/image.ashx?id=2795719&use=l&cat=p&typeid=i","cat":333657},{"id":135179,"n":"Sauce béchamel Bridélice 50cl","p":2.65,"u":"5,30 €/L","img":"https://fd13-photos.leclercdrive.fr/image.ashx?id=2904718&use=l&cat=p&typeid=i","cat":284382},{"id":135203,"n":"Yaourt nature Eco+ 4x125g","p":0.58,"u":"1,16 €/KG","img":"https://fd13-photos.leclercdrive.fr/image.ashx?id=2671789&use=l&cat=p&typeid=i","cat":284409},{"id":135229,"n":"Emmental rapé Eco+ 29%mg - 1kg","p":7.39,"u":"7,39 €/KG","img":"https://fd13-photos.leclercdrive.fr/image.ashx?id=2587097&use=l&cat=p&typeid=i","cat":314035},{"id":135246,"n":"Crème fraiche Eco+ Légère - 15% MG - 50cl","p":1.35,"u":"2,70 €/L","img":"https://fd13-photos.leclercdrive.fr/image.ashx?id=2891869&use=l&cat=p&typeid=i","cat":284381},{"id":135247,"n":"Fromage fondu Eco+ 17%mg - x10 - 200g","p":1.08,"u":"5,40 €/KG","img":"https://fd13-photos.leclercdrive.fr/image.ashx?id=2652290&use=l&cat=p&typeid=i","cat":314028},{"id":135255,"n":"Crème fraiche épaisse Yoplait Légère 12%MG - 190g","p":0.59,"u":"3,11 €/KG","img":"https://fd13-photos.leclercdrive.fr/image.ashx?id=2811035&use=l&cat=p&typeid=i","cat":284381},{"id":135266,"n":"Pruneau Eco+ 1kg","p":5.97,"u":"5,97 €/KG","img":"https://fd13-photos.leclercdrive.fr/image.ashx?id=2690868&use=l&cat=p&typeid=i","cat":284357},{"id":135270,"n":"Pomme de terre rouge Vapeur  Sautées Panier du Primeur - 2kg","p":2.29,"u":"1,15 €/KG","img":"https://fd13-photos.leclercdrive.fr/image.ashx?id=2959638&use=l&cat=p&typeid=i","cat":284352},{"id":135271,"n":"Lait demi-écrémé Eco+ UHT Bouteille -  6x1L","p":5.76,"u":"0,96 €/L","img":"https://fd13-photos.leclercdrive.fr/image.ashx?id=2100757&use=l&cat=p&typeid=i","cat":284377},{"id":135274,"n":"Pomme de terre pour frites Panier du Primeur - 2kg","p":2.29,"u":"1,15 €/KG","img":"https://fd13-photos.leclercdrive.fr/image.ashx?id=2959737&use=l&cat=p&typeid=i","cat":284352},{"id":135276,"n":"Pomme de terre Panier Primeur Micro-ondes - 750g","p":1.79,"u":"2,39 €/KG","img":"https://fd13-photos.leclercdrive.fr/image.ashx?id=2649903&use=l&cat=p&typeid=i","cat":284352},{"id":135279,"n":"Ail violet Panier du Primeur x3","p":2.49,"u":"0,83 €/P","img":"https://fd13-photos.leclercdrive.fr/image.ashx?id=2960520&use=l&cat=p&typeid=i","cat":284352},{"id":135282,"n":"Oignons sauciers Filière Panier du Primeur Filet 500g","p":1.49,"u":"2,98 €/KG","img":"https://fd13-photos.leclercdrive.fr/image.ashx?id=2966370&use=l&cat=p&typeid=i","cat":284352},{"id":135292,"n":"Crème dessert Eco+ Panachées - 12x125g","p":2.43,"u":"1,62 €/KG","img":"https://fd13-photos.leclercdrive.fr/image.ashx?id=2804326&use=l&cat=p&typeid=i","cat":285041},{"id":135295,"n":"Tranchette de gouda Eco+ 28%mg - 300g","p":2.53,"u":"8,43 €/KG","img":"https://fd13-photos.leclercdrive.fr/image.ashx?id=1974470&use=l&cat=p&typeid=i","cat":314028},{"id":135296,"n":"Fromage mi-chèvre Eco+ 23%mg - 180g","p":1.65,"u":"9,17 €/KG","img":"https://fd13-photos.leclercdrive.fr/image.ashx?id=2978504&use=l&cat=p&typeid=i","cat":314031},{"id":135343,"n":"Râpé 3 fromages Les Croisés  Format familial - 350g","p":3.12,"u":"8,91 €/KG","img":"https://fd13-photos.leclercdrive.fr/image.ashx?id=2436326&use=l&cat=p&typeid=i","cat":314035},{"id":135359,"n":"Sandwich Maxi Côté Snack Jambon beurre - 190g","p":1.65,"u":"8,68 €/KG","img":"https://fd13-photos.leclercdrive.fr/image.ashx?id=2729293&use=l&cat=p&typeid=i","cat":333658},{"id":135425,"n":"Kit French tacos Old El Paso doux - 385g","p":5.24,"u":"13,61 €/KG","img":"https://fd13-photos.leclercdrive.fr/image.ashx?id=2759718&use=l&cat=p&typeid=i","cat":288993},{"id":135426,"n":"Sauce Salsa Old El Paso à napper doux - 226g","p":2.46,"u":"10,88 €/KG","img":"https://fd13-photos.leclercdrive.fr/image.ashx?id=2738797&use=l&cat=p&typeid=i","cat":288993},{"id":135444,"n":"Croco Baby -30% de sucre Haribo Sachet bonbons - 165g","p":1.84,"u":"11,15 €/KG","img":"https://fd13-photos.leclercdrive.fr/image.ashx?id=2806111&use=l&cat=p&typeid=i","cat":304250},{"id":135454,"n":"Brioche tranchée Harrys Nature sans additif Maxi - 680g","p":3.29,"u":"4,84 €/KG","img":"https://fd13-photos.leclercdrive.fr/image.ashx?id=2503022&use=l&cat=p&typeid=i","cat":284478},{"id":135456,"n":"Brioche tranchée Harrys Nature / Sans additifs - 485 g","p":2.39,"u":"4,93 €/KG","img":"https://fd13-photos.leclercdrive.fr/image.ashx?id=2503019&use=l&cat=p&typeid=i","cat":284478},{"id":135458,"n":"Brioche tranchée nature Harrys Allégée en sucre - 485g","p":2.65,"u":"5,46 €/KG","img":"https://fd13-photos.leclercdrive.fr/image.ashx?id=2503031&use=l&cat=p&typeid=i","cat":284478},{"id":135481,"n":"Barres céréales Nesquik Chocolat - 12x25g","p":3.97,"u":"13,23 €/KG","img":"https://fd13-photos.leclercdrive.fr/image.ashx?id=2843225&use=l&cat=p&typeid=i","cat":285869},{"id":135758,"n":"Jambon Supérieur VPF Tradilège A l'étouffée Découennéx10 -400g","p":5.09,"u":"12,73 €/KG","img":"https://fd13-photos.leclercdrive.fr/image.ashx?id=1986838&use=l&cat=p&typeid=i","cat":316009},{"id":135780,"n":"Petits pots bébé P'TITE RECETTE Cabillaud 8M+ - 2x200g","p":2.27,"u":"5,68 €/KG","img":"https://fd13-photos.leclercdrive.fr/image.ashx?id=2525717&use=l&cat=p&typeid=i","cat":312236},{"id":136362,"n":"AOC Côtes du Rhône rouge Réserve de Bonpas - 75cl","p":4.9,"u":"6,53 €/L","img":"https://fd13-photos.leclercdrive.fr/image.ashx?id=2991202&use=l&cat=p&typeid=i","cat":289556},{"id":136444,"n":"Savane choco noir 310g","p":2.62,"u":"8,45 €/KG","img":"https://fd13-photos.leclercdrive.fr/image.ashx?id=2881449&use=l&cat=p&typeid=i","cat":294776},{"id":136445,"n":"Gateau marbré Savane Chocolat - 310g","p":2.58,"u":"8,32 €/KG","img":"https://fd13-photos.leclercdrive.fr/image.ashx?id=2870719&use=l&cat=p&typeid=i","cat":294776},{"id":136457,"n":"Pain grillé original Pasquier 415g","p":2.1,"u":"5,06 €/KG","img":"https://fd13-photos.leclercdrive.fr/image.ashx?id=2943957&use=l&cat=p&typeid=i","cat":284479},{"id":136507,"n":"Gros sel marin Bjorg Gris - 1 kg","p":2.2,"u":"2,20 €/KG","img":"https://fd13-photos.leclercdrive.fr/image.ashx?id=2105320&use=l&cat=p&typeid=i","cat":284457},{"id":136513,"n":"Vin Union Européenne blanc Espagne Sauvignon - BIB 5L","p":10.89,"u":"2,18 €/L","img":"https://fd13-photos.leclercdrive.fr/image.ashx?id=2549723&use=l&cat=p&typeid=i","cat":289557},{"id":136537,"n":"Velouté bio La Potagère Butternut Potimarron - 2x30cl","p":2.6,"u":"4,33 €/L","img":"https://fd13-photos.leclercdrive.fr/image.ashx?id=1984191&use=l&cat=p&typeid=i","cat":284462},{"id":136579,"n":"Soupe liquide brique Liebig  Velouté de 12 légumes - 1L","p":2.25,"u":"2,25 €/L","img":"https://fd13-photos.leclercdrive.fr/image.ashx?id=2172645&use=l&cat=p&typeid=i","cat":284462},{"id":136583,"n":"Plat bébé soir Blédiner 12 mois Aubergine courgette - 2x200g","p":2.68,"u":"6,70 €/KG","img":"https://fd13-photos.leclercdrive.fr/image.ashx?id=2845865&use=l&cat=p&typeid=i","cat":312239},{"id":136585,"n":"Plat bébé soir Blédiner 15 mois pâtes crème légumes - 2x200g","p":2.29,"u":"5,73 €/KG","img":"https://fd13-photos.leclercdrive.fr/image.ashx?id=2845859&use=l&cat=p&typeid=i","cat":312239},{"id":136598,"n":"Compote Bio Village Gourdes Pomme bio - 12x90g","p":5.25,"u":"4,86 €/KG","img":"https://fd13-photos.leclercdrive.fr/image.ashx?id=2330517&use=l&cat=p&typeid=i","cat":284508},{"id":136645,"n":"Blé gourmand l'Original Ebly Cuisson 10min - 1kg","p":2.71,"u":"2,71 €/KG","img":"https://fd13-photos.leclercdrive.fr/image.ashx?id=2286278&use=l&cat=p&typeid=i","cat":284429},{"id":136646,"n":"Bonbons Tic Tac 100 pastilles Festival de goûts - 49g","p":1.6,"u":"32,65 €/KG","img":"https://fd13-photos.leclercdrive.fr/image.ashx?id=2758607&use=l&cat=p&typeid=i","cat":304256},{"id":136668,"n":"Champignons de Paris bruns Panier du Primeur - 250g","p":1.29,"u":"5,16 €/KG","img":"https://fd13-photos.leclercdrive.fr/image.ashx?id=2600255&use=l&cat=p&typeid=i","cat":284352},{"id":136670,"n":"Oignons jaunes Eco+ 1.5 Kg","p":1.69,"u":"1,13 €/KG","img":"https://fd13-photos.leclercdrive.fr/image.ashx?id=2772572&use=l&cat=p&typeid=i","cat":284352},{"id":136671,"n":"Pommes bicolores Panier Primeur HVE - Sachet 1.5kg","p":2.69,"u":"1,79 €/KG","img":"https://fd13-photos.leclercdrive.fr/image.ashx?id=2928279&use=l&cat=p&typeid=i","cat":284356},{"id":136755,"n":"Tomates rondes grappe HVE Panier du Primeur - 750g","p":2.49,"u":"3,32 €/KG","img":"https://fd13-photos.leclercdrive.fr/image.ashx?id=2376064&use=l&cat=p&typeid=i","cat":284352},{"id":136764,"n":"Filets de Lapin Loeul & Piriot x4 - 200g","p":6.94,"u":"34,70 €/KG","img":"https://fd13-photos.leclercdrive.fr/image.ashx?id=1990549&use=l&cat=p&typeid=i","cat":284338},{"id":136775,"n":"Fleur de maïs Maïzena 700g","p":2.45,"pp":1.71,"u":"2,44 €/KG","img":"https://fd13-photos.leclercdrive.fr/image.ashx?id=2328361&use=l&cat=p&typeid=i","cat":288382},{"id":136813,"n":"Biscuits Bruges Delacre Boîte Assortiment - 200g","p":2.93,"u":"14,65 €/KG","img":"https://fd13-photos.leclercdrive.fr/image.ashx?id=2867966&use=l&cat=p&typeid=i","cat":284490},{"id":137060,"n":"Compote Bio Village Gourdes Pomme bio - 4x90g","p":1.91,"u":"5,31 €/KG","img":"https://fd13-photos.leclercdrive.fr/image.ashx?id=2619755&use=l&cat=p&typeid=i","cat":284508},{"id":137070,"n":"Petits pois Bio Village Bio - 420g","p":2.35,"u":"5,60 €/KG","img":"https://fd13-photos.leclercdrive.fr/image.ashx?id=3002707&use=l&cat=p&typeid=i","cat":312607},{"id":137228,"n":"Sucre en poudre Saint Louis 650g","p":1.51,"u":"2,32 €/KG","img":"https://fd13-photos.leclercdrive.fr/image.ashx?id=2659936&use=l&cat=p&typeid=i","cat":284502},{"id":137244,"n":"Huile d'Olive vierge  Cauvin Extra Bio - 75cl","p":10.04,"u":"13,39 €/L","img":"https://fd13-photos.leclercdrive.fr/image.ashx?id=2498356&use=l&cat=p&typeid=i","cat":284453},{"id":137283,"n":"Yaourt à boire Ptit Yop Aromatisé Fraise - 6x180g","p":2.72,"u":"2,52 €/KG","img":"https://fd13-photos.leclercdrive.fr/image.ashx?id=2902735&use=l&cat=p&typeid=i","cat":284415},{"id":137287,"n":"Yaourt à boire Ptit Yop Aromatisé Vanille - 6x180g","p":2.78,"u":"2,57 €/KG","img":"https://fd13-photos.leclercdrive.fr/image.ashx?id=2951800&use=l&cat=p&typeid=i","cat":284415},{"id":137289,"n":"Yaourt à boire Ptit Yop Aromatisé Framboise - 6x180g","p":2.78,"u":"2,57 €/KG","img":"https://fd13-photos.leclercdrive.fr/image.ashx?id=2951797&use=l&cat=p&typeid=i","cat":284415},{"id":137298,"n":"Yaourt à boire Ptit Yop Aromatisé Panaché - 6x180g","p":2.79,"u":"2,58 €/KG","img":"https://fd13-photos.leclercdrive.fr/image.ashx?id=2985168&use=l&cat=p&typeid=i","cat":284415},{"id":137314,"n":"Calendrier de l'Avent Kinder Chalet Pingouins - 184g","p":9.76,"u":"53,04 €/KG","img":"https://fd13-photos.leclercdrive.fr/image.ashx?id=1984786&use=l&cat=p&typeid=i","cat":336112},{"id":137382,"n":"Spray retouche L'Oréal Paris Magic Retouch Châtain Clair","p":8.32,"u":"11,09 €/L","img":"https://fd13-photos.leclercdrive.fr/image.ashx?id=2597196&use=l&cat=p&typeid=i","cat":288899},{"id":137384,"n":"Déodorant bille Men Expert Efficacité 48h - 50ml","p":2.54,"u":"50,80 €/L","img":"https://fd13-photos.leclercdrive.fr/image.ashx?id=2300512&use=l&cat=p&typeid=i","cat":284618},{"id":137427,"n":"Soin Nutri-correcteur Dessange Cheveux Blonds, Colorés - 125ml","p":6.89,"u":"55,12 €/L","img":"https://fd13-photos.leclercdrive.fr/image.ashx?id=2870689&use=l&cat=p&typeid=i","cat":284608},{"id":137436,"n":"Masque Protection Couleur Elsève Color-Vive - 310ml","p":6.17,"u":"19,90 €/L","img":"https://fd13-photos.leclercdrive.fr/image.ashx?id=2865875&use=l&cat=p&typeid=i","cat":284608},{"id":137437,"n":"gateau Savane Brossard Chocolat - 310g","p":2.63,"u":"8,48 €/KG","img":"https://fd13-photos.leclercdrive.fr/image.ashx?id=2976836&use=l&cat=p&typeid=i","cat":294776},{"id":137516,"n":"Mini roc lait Côte d'Or 279g","p":10.45,"u":"37,46 €/KG","img":"https://fd13-photos.leclercdrive.fr/image.ashx?id=2479465&use=l&cat=p&typeid=i","cat":327595},{"id":137517,"n":"Mini Roc Côte d'Or Praliné - 279g","p":11.25,"u":"40,32 €/KG","img":"https://fd13-photos.leclercdrive.fr/image.ashx?id=2912641&use=l&cat=p&typeid=i","cat":327595},{"id":137578,"n":"Jambon foué Paul Predault A l'os - 4 tranches - 240g","p":4.38,"u":"18,25 €/KG","img":"https://fd13-photos.leclercdrive.fr/image.ashx?id=1987839&use=l&cat=p&typeid=i","cat":316009},{"id":137669,"n":"Croquette chiens Mix  Fido Volaille/légumes - 2.5kg","p":5.89,"u":"2,36 €/KG","img":"https://fd13-photos.leclercdrive.fr/image.ashx?id=2973309&use=l&cat=p&typeid=i","cat":284672},{"id":137682,"n":"Croquette pour chiens Fido Mix Poulet Légumes - 12 kg","p":22.12,"u":"1,84 €/KG","img":"https://fd13-photos.leclercdrive.fr/image.ashx?id=2973300&use=l&cat=p&typeid=i","cat":284672},{"id":137686,"n":"Croquette pour chiens Fido Boeuf & légumes - 7kg","p":14.38,"u":"2,05 €/KG","img":"https://fd13-photos.leclercdrive.fr/image.ashx?id=2973297&use=l&cat=p&typeid=i","cat":284672},{"id":137700,"n":"Compote Douceur du Verger Coupelle fruits rouges -16x100g","p":4.21,"u":"2,63 €/KG","img":"https://fd13-photos.leclercdrive.fr/image.ashx?id=2663560&use=l&cat=p&typeid=i","cat":284508},{"id":137703,"n":"Compote Douceur du Verger Coupelle pomme - 16x100g","p":3.55,"u":"2,22 €/KG","img":"https://fd13-photos.leclercdrive.fr/image.ashx?id=2663551&use=l&cat=p&typeid=i","cat":284508},{"id":137713,"n":"Préparation Flan Entremets alsa Chocolat - 192g","p":1.96,"u":"8,45 €/KG","img":"https://fd13-photos.leclercdrive.fr/image.ashx?id=2842546&use=l&cat=p&typeid=i","cat":284505},{"id":137733,"n":"Gnocchi à Poeler Turini 700g","p":1.99,"u":"2,84 €/KG","img":"https://fd13-photos.leclercdrive.fr/image.ashx?id=2606840&use=l&cat=p&typeid=i","cat":333682},{"id":137746,"n":"Gourmet Purina Poulet / Dinde - 8x85g","p":6.12,"u":"9,00 €/KG","img":"https://fd13-photos.leclercdrive.fr/image.ashx?id=2896795&use=l&cat=p&typeid=i","cat":285286},{"id":137754,"n":"Barquettes chat Gourmet  Coffret de la mer - 8x85g","p":6.03,"u":"8,87 €/KG","img":"https://fd13-photos.leclercdrive.fr/image.ashx?id=2861770&use=l&cat=p&typeid=i","cat":285286},{"id":137757,"n":"Tarte aux poireaux Marie Gratinée à l'Emmental - 400g","p":3.37,"u":"8,43 €/KG","img":"https://fd13-photos.leclercdrive.fr/image.ashx?id=2996680&use=l&cat=p&typeid=i","cat":284257},{"id":137759,"n":"Tarte au Chèvre Marie Tomates cerises - 400g","p":3.3,"u":"8,25 €/KG","img":"https://fd13-photos.leclercdrive.fr/image.ashx?id=2996677&use=l&cat=p&typeid=i","cat":284257},{"id":137777,"n":"Haricots verts Bonduelle Extra Fins 440g","p":1.89,"u":"4,30 €/KG","img":"https://fd13-photos.leclercdrive.fr/image.ashx?id=2943927&use=l&cat=p&typeid=i","cat":312606},{"id":137860,"n":"Riz long blanchi Eco+ 1kg","p":1.22,"u":"1,22 €/KG","img":"https://fd13-photos.leclercdrive.fr/image.ashx?id=2076622&use=l&cat=p&typeid=i","cat":284428},{"id":137862,"n":"Riz long étuvé Eco+ 1kg","p":1.35,"u":"1,35 €/KG","img":"https://fd13-photos.leclercdrive.fr/image.ashx?id=2076625&use=l&cat=p&typeid=i","cat":284428},{"id":137864,"n":"Riz long étuvé Eco+ 4x125g","p":0.87,"u":"1,74 €/KG","img":"https://fd13-photos.leclercdrive.fr/image.ashx?id=1991126&use=l&cat=p&typeid=i","cat":284428},{"id":137883,"n":"Rillettes thon Ronde des Mers 220g","p":2.64,"u":"12,00 €/KG","img":"https://fd13-photos.leclercdrive.fr/image.ashx?id=2436693&use=l&cat=p&typeid=i","cat":284451},{"id":137900,"n":"Barres de céréales Grainéa Chocolat noir x6 - 126g","p":1.39,"u":"11,03 €/KG","img":"https://fd13-photos.leclercdrive.fr/image.ashx?id=2721370&use=l&cat=p&typeid=i","cat":285869},{"id":137904,"n":"Barre de céréales Grainea 126g","p":1.39,"u":"11,03 €/KG","img":"https://fd13-photos.leclercdrive.fr/image.ashx?id=2724598&use=l&cat=p&typeid=i","cat":285869},{"id":137957,"n":"Maïs ultra croquant D'Aucy 285g","p":1.06,"u":"3,72 €/KG","img":"https://fd13-photos.leclercdrive.fr/image.ashx?id=2380454&use=l&cat=p&typeid=i","cat":312611},{"id":137971,"n":"Carottes rapées à la Ciboulette Pierre Martinet - 510g","p":2.0,"u":"3,92 €/KG","img":"https://fd13-photos.leclercdrive.fr/image.ashx?id=2990532&use=l&cat=p&typeid=i","cat":333657},{"id":137984,"n":"Gratte éponge Spontex Performance - x6","p":3.48,"u":"0,58 €/P","img":"https://fd13-photos.leclercdrive.fr/image.ashx?id=2673205&use=l&cat=p&typeid=i","cat":284667},{"id":137988,"n":"Préparation Tablier Blanc Frangipane - 200g","p":2.67,"u":"13,35 €/KG","img":"https://fd13-photos.leclercdrive.fr/image.ashx?id=2460628&use=l&cat=p&typeid=i","cat":284504},{"id":138003,"n":"Mini BN fraise 2+1 offert - 525g","p":3.59,"u":"6,84 €/KG","img":"https://fd13-photos.leclercdrive.fr/image.ashx?id=2604500&use=l&cat=p&typeid=i","cat":284489},{"id":138051,"n":"Lasagnes Lustucru Aux œufs - 250g","p":1.33,"u":"5,32 €/KG","img":"https://fd13-photos.leclercdrive.fr/image.ashx?id=2023182&use=l&cat=p&typeid=i","cat":284427},{"id":138076,"n":"Foie gras de canard Delpeyrat Entier du Sud-ouest - 180 g","p":23.5,"pp":15.51,"u":"86,17 €/KG","img":"https://fd13-photos.leclercdrive.fr/image.ashx?id=2905279&use=l&cat=p&typeid=i","cat":316008},{"id":138193,"n":"Fromage blanc bébé Blédina 6m Vanille - 4x100g","p":2.49,"u":"6,23 €/KG","img":"https://fd13-photos.leclercdrive.fr/image.ashx?id=2636817&use=l&cat=p&typeid=i","cat":312392},{"id":138200,"n":"Repas bébé Blédichef 15 mois  Tajine légumes poulet - 250g","p":1.88,"u":"7,52 €/KG","img":"https://fd13-photos.leclercdrive.fr/image.ashx?id=2951602&use=l&cat=p&typeid=i","cat":312238},{"id":138208,"n":"Whisky  ecossais Johnnie Walker Coffret Black Label 12ans 70cl","p":24.9,"u":"35,57 €/L","img":"https://fd13-photos.leclercdrive.fr/image.ashx?id=1991843&use=l&cat=p&typeid=i","cat":284547},{"id":138298,"n":"Gratte éponge + Microfibre Spontex x6","p":3.78,"u":"0,63 €/P","img":"https://fd13-photos.leclercdrive.fr/image.ashx?id=2673208&use=l&cat=p&typeid=i","cat":284667},{"id":138304,"n":"Fromage apéritif Apéricube Incontournables apéro 48 cubes","p":4.1,"u":"16,40 €/KG","img":"https://fd13-photos.leclercdrive.fr/image.ashx?id=2882671&use=l&cat=p&typeid=i","cat":314027},{"id":138590,"n":"Sapin artificiel 150cm","p":12.9,"img":"https://fd13-photos.leclercdrive.fr/image.ashx?id=1993628&use=l&cat=p&typeid=i","cat":335913},{"id":139905,"n":"Oeufs au sol Eco+ x10","p":1.78,"u":"0,18 €/P","img":"https://fd13-photos.leclercdrive.fr/image.ashx?id=2708856&use=l&cat=p&typeid=i","cat":284378},{"id":141162,"n":"Fond de veau Maggi 110g","p":2.54,"u":"23,09 €/KG","img":"https://fd13-photos.leclercdrive.fr/image.ashx?id=2917546&use=l&cat=p&typeid=i","cat":288379},{"id":141809,"n":"Friandise pour chat Dentalife Poulet - 40g","p":1.42,"u":"35,50 €/KG","img":"https://fd13-photos.leclercdrive.fr/image.ashx?id=2424716&use=l&cat=p&typeid=i","cat":285285},{"id":142084,"n":"Pommes de terre Grenailles  Panier du Primeur - 1kg","p":1.99,"u":"1,99 €/KG","img":"https://fd13-photos.leclercdrive.fr/image.ashx?id=2233214&use=l&cat=p&typeid=i","cat":284352},{"id":142444,"n":"Champagne brut Lanson Le Black - 75cl","p":29.99,"u":"39,99 €/L","img":"https://fd13-photos.leclercdrive.fr/image.ashx?id=2919757&use=l&cat=p&typeid=i","cat":284542},{"id":143001,"n":"Dosettes café Plantation CLassique - x60 - 416g","p":6.09,"u":"14,64 €/KG","img":"https://fd13-photos.leclercdrive.fr/image.ashx?id=2824289&use=l&cat=p&typeid=i","cat":293238},{"id":143037,"n":"Toast apéro Pasquier Campagne - 100g","p":1.69,"u":"16,90 €/KG","img":"https://fd13-photos.leclercdrive.fr/image.ashx?id=2600674&use=l&cat=p&typeid=i","cat":285454},{"id":143344,"n":"Biscottes Eco+ 90 tranches - 750g","p":2.08,"u":"2,77 €/KG","img":"https://fd13-photos.leclercdrive.fr/image.ashx?id=2662580&use=l&cat=p&typeid=i","cat":284479},{"id":143345,"n":"Biscottes Epi d'Or x108 - 900g","p":2.52,"u":"2,80 €/KG","img":"https://fd13-photos.leclercdrive.fr/image.ashx?id=2532847&use=l&cat=p&typeid=i","cat":284479},{"id":143349,"n":"Infusion detox Bio Village Bio - x20","p":1.87,"u":"62,33 €/KG","img":"https://fd13-photos.leclercdrive.fr/image.ashx?id=2672960&use=l&cat=p&typeid=i","cat":293234},{"id":143471,"n":"Champagne Canard Duchêne Demi sec - 2x75cl","p":49.9,"u":"33,27 €/L","img":"https://fd13-photos.leclercdrive.fr/image.ashx?id=2971577&use=l&cat=p&typeid=i","cat":284542},{"id":143477,"n":"Dessert liégeois Viennois  Café - 4x100g","p":1.58,"u":"3,95 €/KG","img":"https://fd13-photos.leclercdrive.fr/image.ashx?id=2692110&use=l&cat=p&typeid=i","cat":285042},{"id":143478,"n":"Dessert liégeois Viennois  Chocolat - 4x100g","p":1.58,"u":"3,95 €/KG","img":"https://fd13-photos.leclercdrive.fr/image.ashx?id=2849689&use=l&cat=p&typeid=i","cat":285042},{"id":143528,"n":"Dessert liégeois Viennois  Panaché Chocolat Café - 8x100g","p":2.88,"u":"3,60 €/KG","img":"https://fd13-photos.leclercdrive.fr/image.ashx?id=2675298&use=l&cat=p&typeid=i","cat":285042},{"id":143603,"n":"Barre de céréales Grainéa Fruits rouges x6 - 126g","p":1.4,"u":"11,11 €/KG","img":"https://fd13-photos.leclercdrive.fr/image.ashx?id=2912869&use=l&cat=p&typeid=i","cat":285869},{"id":143604,"n":"Barres de céréales Grainea Figues - 126g","p":1.59,"u":"12,62 €/KG","img":"https://fd13-photos.leclercdrive.fr/image.ashx?id=2757939&use=l&cat=p&typeid=i","cat":285869},{"id":143605,"n":"Barre de céréales Chocolat au lait & coco - 126g","p":1.7,"u":"13,49 €/KG","img":"https://fd13-photos.leclercdrive.fr/image.ashx?id=2912872&use=l&cat=p&typeid=i","cat":285869},{"id":143747,"n":"Confiture de figues Labeyrie 110g","p":3.22,"u":"29,27 €/KG","img":"https://fd13-photos.leclercdrive.fr/image.ashx?id=2185205&use=l&cat=p&typeid=i","cat":315999},{"id":144055,"n":"Tartine P'tit Déj brioché Jacquet 14 tranches - 410g","p":1.71,"u":"4,17 €/KG","img":"https://fd13-photos.leclercdrive.fr/image.ashx?id=2991852&use=l&cat=p&typeid=i","cat":284477},{"id":144191,"n":"Foie gras de canard Delpeyrat Sud-ouest - 180g","p":23.5,"pp":15.51,"u":"86,17 €/KG","img":"https://fd13-photos.leclercdrive.fr/image.ashx?id=2905285&use=l&cat=p&typeid=i","cat":316008},{"id":144422,"n":"Lot toast ronds Jacquet Nature - 2x250g","p":2.62,"u":"5,24 €/KG","img":"https://fd13-photos.leclercdrive.fr/image.ashx?id=2741343&use=l&cat=p&typeid=i","cat":285454},{"id":144423,"n":"Lot toast ronds Jacquet Foie gras - 500g","p":2.37,"u":"4,74 €/KG","img":"https://fd13-photos.leclercdrive.fr/image.ashx?id=2741346&use=l&cat=p&typeid=i","cat":285454},{"id":144475,"n":"Compote Charles & Alice Pommes - 8x100g","p":2.71,"u":"3,39 €/KG","img":"https://fd13-photos.leclercdrive.fr/image.ashx?id=2757689&use=l&cat=p&typeid=i","cat":284416},{"id":144714,"n":"Chorizo de dinde Fleury Michon Halal - 100g","p":3.5,"u":"35,00 €/KG","img":"https://fd13-photos.leclercdrive.fr/image.ashx?id=2938707&use=l&cat=p&typeid=i","cat":316013},{"id":144781,"n":"Pizza XXL Turini Boeuf Cheddar - 530g","p":4.19,"u":"7,91 €/KG","img":"https://fd13-photos.leclercdrive.fr/image.ashx?id=2905934&use=l&cat=p&typeid=i","cat":333679},{"id":144834,"n":"Dosettes café Plantation  Corsé - x60 - 417g","p":5.79,"u":"13,88 €/KG","img":"https://fd13-photos.leclercdrive.fr/image.ashx?id=2824292&use=l&cat=p&typeid=i","cat":293238},{"id":144892,"n":"Whisky Connemara 40% - 70cl","p":34.18,"u":"48,83 €/L","img":"https://fd13-photos.leclercdrive.fr/image.ashx?id=2036578&use=l&cat=p&typeid=i","cat":284547},{"id":144928,"n":"Salami de dinde Fleury Michon Halal - 100g","p":3.49,"u":"34,90 €/KG","img":"https://fd13-photos.leclercdrive.fr/image.ashx?id=2959961&use=l&cat=p&typeid=i","cat":316013},{"id":144929,"n":"Yaourt brassé Perle de Lait Citron - 8x125g","p":3.67,"u":"3,67 €/KG","img":"https://fd13-photos.leclercdrive.fr/image.ashx?id=2990550&use=l&cat=p&typeid=i","cat":286006},{"id":145065,"n":"Dés fromage Origan Basilic Les Croisés - 300g","p":2.83,"u":"9,43 €/KG","img":"https://fd13-photos.leclercdrive.fr/image.ashx?id=2744243&use=l&cat=p&typeid=i","cat":314027},{"id":145120,"n":"Préservatifs Classic Lubrifiés - x14","p":4.64,"img":"https://fd13-photos.leclercdrive.fr/image.ashx?id=2848704&use=l&cat=p&typeid=i","cat":284631},{"id":145121,"n":"Préservatifs Classic Intimy Lubrifiés - x28","p":6.99,"u":"0,25 €/P","img":"https://fd13-photos.leclercdrive.fr/image.ashx?id=2927324&use=l&cat=p&typeid=i","cat":284631},{"id":145209,"n":"Pomme de terre grenailles bio Bio Village - 750g","p":1.99,"u":"2,65 €/KG","img":"https://fd13-photos.leclercdrive.fr/image.ashx?id=2960574&use=l&cat=p&typeid=i","cat":284352},{"id":145398,"n":"AOP Bordeaux Vin blanc mouton cadet - 1,5L","p":18.53,"u":"12,35 €/L","img":"https://fd13-photos.leclercdrive.fr/image.ashx?id=2645519&use=l&cat=p&typeid=i","cat":289557},{"id":145410,"n":"Amandes grillées Couleurs Vives Décortiquées - non salé - 250g","p":3.47,"u":"13,88 €/KG","img":"https://fd13-photos.leclercdrive.fr/image.ashx?id=2036859&use=l&cat=p&typeid=i","cat":284357},{"id":145491,"n":"Peau chamoisée multiusage Tech9 Taille S - 30x45cm - 1 pièce","p":5.45,"img":"https://fd13-photos.leclercdrive.fr/image.ashx?id=2068417&use=l&cat=p&typeid=i","cat":298252},{"id":145500,"n":"Chips extra croquante Vico 150g","p":1.1,"u":"7,33 €/KG","img":"https://fd13-photos.leclercdrive.fr/image.ashx?id=2917822&use=l&cat=p&typeid=i","cat":284447},{"id":145513,"n":"Fond de veau Kubor Maggi Dégraissé - 100g","p":2.65,"u":"26,50 €/KG","img":"https://fd13-photos.leclercdrive.fr/image.ashx?id=2917540&use=l&cat=p&typeid=i","cat":288379},{"id":145559,"n":"Fond de volaille Maggi 110g","p":2.67,"u":"24,27 €/KG","img":"https://fd13-photos.leclercdrive.fr/image.ashx?id=2917549&use=l&cat=p&typeid=i","cat":288379},{"id":145583,"n":"Eau nettoyante Mots d'Enfants bébé bio - 750ml","p":3.99,"u":"5,32 €/L","img":"https://fd13-photos.leclercdrive.fr/image.ashx?id=3014251&use=l&cat=p&typeid=i","cat":284741},{"id":145884,"n":"Mogette cuite au naturel NRT De Vendée - 265g","p":1.69,"u":"6,38 €/KG","img":"https://fd13-photos.leclercdrive.fr/image.ashx?id=2771426&use=l&cat=p&typeid=i","cat":312606},{"id":145901,"n":"Film fraîcheur Albal Découpe Facile - 20m","p":2.2,"img":"https://fd13-photos.leclercdrive.fr/image.ashx?id=2551456&use=l&cat=p&typeid=i","cat":334134},{"id":146060,"n":"Gazpacho L'Original Alvalle 1L","p":3.56,"u":"3,56 €/L","img":"https://fd13-photos.leclercdrive.fr/image.ashx?id=2672047&use=l&cat=p&typeid=i","cat":284355},{"id":146130,"n":"AOP Muscadet Sèvre et Maine Sur Lie blanc Plessis Duval - 75 cl","p":5.0,"u":"6,67 €/L","img":"https://fd13-photos.leclercdrive.fr/image.ashx?id=2941044&use=l&cat=p&typeid=i","cat":289557},{"id":146366,"n":"Quiche Lorraine Marie Pur beurre - 400g","p":3.27,"u":"8,18 €/KG","img":"https://fd13-photos.leclercdrive.fr/image.ashx?id=2996674&use=l&cat=p&typeid=i","cat":284257},{"id":146412,"n":"Infusion bio Jardin Bio Digestion légère x20 - 30g","p":2.62,"u":"87,33 €/KG","img":"https://fd13-photos.leclercdrive.fr/image.ashx?id=2792603&use=l&cat=p&typeid=i","cat":293234},{"id":146413,"n":"Infusion bio Jardin Bio Détente sommeil x20 - 30g","p":2.15,"u":"71,67 €/KG","img":"https://fd13-photos.leclercdrive.fr/image.ashx?id=3011449&use=l&cat=p&typeid=i","cat":293234},{"id":146414,"n":"Infusion bio Jardin Bio Nuits paisibles x20 - 30g","p":2.15,"u":"71,67 €/KG","img":"https://fd13-photos.leclercdrive.fr/image.ashx?id=2792612&use=l&cat=p&typeid=i","cat":293234},{"id":146415,"n":"Infusion Jardin Bio Bio digestion - x20 - 30g","p":2.58,"u":"86,00 €/KG","img":"https://fd13-photos.leclercdrive.fr/image.ashx?id=2792615&use=l&cat=p&typeid=i","cat":293234},{"id":146417,"n":"Infusion Jardin Bio Bio Thym citron - 30g - x20","p":2.45,"u":"81,67 €/KG","img":"https://fd13-photos.leclercdrive.fr/image.ashx?id=2792621&use=l&cat=p&typeid=i","cat":293234},{"id":146418,"n":"Infusion Jardin Bio Bio ventre plat - x20 - 30g","p":2.46,"u":"82,00 €/KG","img":"https://fd13-photos.leclercdrive.fr/image.ashx?id=2986564&use=l&cat=p&typeid=i","cat":293234},{"id":146419,"n":"Infusion Jardin Bio Bio bruleur de graisse x20 -30g","p":2.39,"u":"79,67 €/KG","img":"https://fd13-photos.leclercdrive.fr/image.ashx?id=2968322&use=l&cat=p&typeid=i","cat":293234},{"id":146421,"n":"Infusion Jardin Bio Bio detox - x20 - 30g","p":2.57,"u":"85,67 €/KG","img":"https://fd13-photos.leclercdrive.fr/image.ashx?id=2792630&use=l&cat=p&typeid=i","cat":293234},{"id":146422,"n":"Thé vert Jardin Bio Bio minceur - x20 - 30g","p":2.66,"u":"88,67 €/KG","img":"https://fd13-photos.leclercdrive.fr/image.ashx?id=2948066&use=l&cat=p&typeid=i","cat":293233},{"id":146425,"n":"Thé Jardin Bio Bio détox - x20 - 30g","p":2.39,"u":"79,67 €/KG","img":"https://fd13-photos.leclercdrive.fr/image.ashx?id=2578205&use=l&cat=p&typeid=i","cat":293233},{"id":146426,"n":"Thé vert bio Jardin Bio Gingembre citron vert x20 - 30g","p":2.58,"u":"86,00 €/KG","img":"https://fd13-photos.leclercdrive.fr/image.ashx?id=3011452&use=l&cat=p&typeid=i","cat":293233},{"id":146494,"n":"Ramen Kimchi Tanoshi 360g","p":2.99,"u":"8,31 €/KG","img":"https://fd13-photos.leclercdrive.fr/image.ashx?id=2046741&use=l&cat=p&typeid=i","cat":288992},{"id":146895,"n":"Lait concentré Régilait non sucré - 410g","p":1.76,"u":"4,29 €/KG","img":"https://fd13-photos.leclercdrive.fr/image.ashx?id=2405866&use=l&cat=p&typeid=i","cat":293236},{"id":146916,"n":"Préparation alsa Crème Pâtissière - 390g","p":2.85,"u":"7,31 €/KG","img":"https://fd13-photos.leclercdrive.fr/image.ashx?id=3007990&use=l&cat=p&typeid=i","cat":284505},{"id":146988,"n":"Barres chocolatées Kit Kat 10x41,5g","p":3.76,"u":"9,06 €/KG","img":"https://fd13-photos.leclercdrive.fr/image.ashx?id=2959494&use=l&cat=p&typeid=i","cat":284498},{"id":147002,"n":"Feuilleté de Mousse La Laitière Chocolat - 4x57g","p":1.35,"u":"5,92 €/KG","img":"https://fd13-photos.leclercdrive.fr/image.ashx?id=2858594&use=l&cat=p&typeid=i","cat":284417},{"id":147003,"n":"Feuilleté de Mousse La Laitière Vanille - 4x57g","p":1.35,"u":"5,92 €/KG","img":"https://fd13-photos.leclercdrive.fr/image.ashx?id=2764511&use=l&cat=p&typeid=i","cat":284417},{"id":147067,"n":"Gyoza Boeuf et Légumes Ajinomoto - 212g","p":4.16,"u":"19,62 €/KG","img":"https://fd13-photos.leclercdrive.fr/image.ashx?id=2590628&use=l&cat=p&typeid=i","cat":319774},{"id":147076,"n":"Bouillon Cube Maggi Volaille - 80g","p":0.88,"u":"11,00 €/KG","img":"https://fd13-photos.leclercdrive.fr/image.ashx?id=2737036&use=l&cat=p&typeid=i","cat":288379},{"id":147119,"n":"Lave glace Tech 9 -20°C - 5L","p":5.99,"u":"1,20 €/L","img":"https://fd13-photos.leclercdrive.fr/image.ashx?id=2054896&use=l&cat=p&typeid=i","cat":298252},{"id":147121,"n":"Grande galette La Mère Poulard x3 - 405g","p":2.99,"u":"7,38 €/KG","img":"https://fd13-photos.leclercdrive.fr/image.ashx?id=2552176&use=l&cat=p&typeid=i","cat":284487},{"id":147127,"n":"Spray dégraissant Clair Savon noir - 750ml","p":2.05,"u":"2,73 €/L","img":"https://fd13-photos.leclercdrive.fr/image.ashx?id=2840389&use=l&cat=p&typeid=i","cat":325357},{"id":147143,"n":"Crème de Bresse NRT AOP  40cl","p":2.99,"u":"7,48 €/L","img":"https://fd13-photos.leclercdrive.fr/image.ashx?id=2048608&use=l&cat=p&typeid=i","cat":284381},{"id":147224,"n":"Capsules Nescafé Dolce Gusto  Espresso - x30","p":7.72,"u":"46,79 €/KG","img":"https://fd13-photos.leclercdrive.fr/image.ashx?id=2737105&use=l&cat=p&typeid=i","cat":293239},{"id":147237,"n":"Compote Douceur du Verger    Bocal pomme morceaux - 730g","p":1.74,"u":"2,38 €/KG","img":"https://fd13-photos.leclercdrive.fr/image.ashx?id=2663563&use=l&cat=p&typeid=i","cat":284508},{"id":147248,"n":"Muesli  Grainea chocolat Noisette 350g","p":2.84,"u":"8,11 €/KG","img":"https://fd13-photos.leclercdrive.fr/image.ashx?id=2077358&use=l&cat=p&typeid=i","cat":309512},{"id":147250,"n":"Préparation Flan Entremets alsa Vanille - 192g","p":1.43,"u":"7,45 €/KG","img":"https://fd13-photos.leclercdrive.fr/image.ashx?id=2805117&use=l&cat=p&typeid=i","cat":284504},{"id":147254,"n":"Confiture Eco+ Fraise - 450g","p":1.14,"u":"2,53 €/KG","img":"https://fd13-photos.leclercdrive.fr/image.ashx?id=2953200&use=l&cat=p&typeid=i","cat":284480},{"id":147255,"n":"Confiture Eco+ Abricot - 450g","p":1.23,"u":"2,73 €/KG","img":"https://fd13-photos.leclercdrive.fr/image.ashx?id=2953203&use=l&cat=p&typeid=i","cat":284480},{"id":147262,"n":"Edulcorant Purevia Spécial Pâtisserie - 380g","p":4.49,"u":"11,82 €/KG","img":"https://fd13-photos.leclercdrive.fr/image.ashx?id=2417306&use=l&cat=p&typeid=i","cat":324846},{"id":147296,"n":"Gourde Bio Village - 6 mois Bio - 6x90g","p":4.39,"u":"8,13 €/KG","img":"https://fd13-photos.leclercdrive.fr/image.ashx?id=2704879&use=l&cat=p&typeid=i","cat":312393},{"id":147424,"n":"Saucisse de Montbéliard à cuire L'Atelier Charcuterie - 2x150g","p":4.49,"u":"14,97 €/KG","img":"https://fd13-photos.leclercdrive.fr/image.ashx?id=2069973&use=l&cat=p&typeid=i","cat":316012},{"id":147431,"n":"Yaourt à la grecque YAOS Nature lit de framboises 4x125g","p":2.37,"u":"4,74 €/KG","img":"https://fd13-photos.leclercdrive.fr/image.ashx?id=2654575&use=l&cat=p&typeid=i","cat":314999},{"id":147438,"n":"Tablette chocolat Milka Chocolat au lait - 5x100g","p":7.3,"u":"14,60 €/KG","img":"https://fd13-photos.leclercdrive.fr/image.ashx?id=2955203&use=l&cat=p&typeid=i","cat":284497},{"id":147442,"n":"Pochons Tous mes amis Sauce viande - 12x100g","p":3.65,"u":"3,04 €/KG","img":"https://fd13-photos.leclercdrive.fr/image.ashx?id=2054993&use=l&cat=p&typeid=i","cat":288578},{"id":147453,"n":"Granola Grainea 350g","p":2.98,"u":"8,51 €/KG","img":"https://fd13-photos.leclercdrive.fr/image.ashx?id=2611946&use=l&cat=p&typeid=i","cat":309512},{"id":147456,"n":"Capsules café Plantation Ristretto n°12 - x30 - 156g","p":5.19,"u":"33,27 €/KG","img":"https://fd13-photos.leclercdrive.fr/image.ashx?id=2867263&use=l&cat=p&typeid=i","cat":284749},{"id":147464,"n":"Infusion bien-être Jardin Bio Bio x20 - 28g","p":2.59,"u":"92,50 €/KG","img":"https://fd13-photos.leclercdrive.fr/image.ashx?id=2792606&use=l&cat=p&typeid=i","cat":293234},{"id":147465,"n":"Infusion Jardin Bio Bio calme & Sérénité x20 - 30g","p":2.63,"u":"87,67 €/KG","img":"https://fd13-photos.leclercdrive.fr/image.ashx?id=2792618&use=l&cat=p&typeid=i","cat":293234},{"id":147472,"n":"Eponge maxi 1 pièce","p":2.29,"img":"https://fd13-photos.leclercdrive.fr/image.ashx?id=2068381&use=l&cat=p&typeid=i","cat":298252},{"id":147474,"n":"Coupe ongles Primoplast 1 pièce","p":2.0,"img":"https://fd13-photos.leclercdrive.fr/image.ashx?id=2833008&use=l&cat=p&typeid=i","cat":325354},{"id":147536,"n":"Liquide vaisselle Eco + Concentré citron - 500ml","p":0.42,"u":"0,84 €/L","img":"https://fd13-photos.leclercdrive.fr/image.ashx?id=2861407&use=l&cat=p&typeid=i","cat":284655},{"id":147537,"n":"Nettoyant ménager Eco + Citron - 2L","p":1.11,"u":"0,56 €/L","img":"https://fd13-photos.leclercdrive.fr/image.ashx?id=2946148&use=l&cat=p&typeid=i","cat":284907},{"id":147539,"n":"Capsules café Plantation Café au lait - x16 - 152g","p":3.29,"u":"21,64 €/KG","img":"https://fd13-photos.leclercdrive.fr/image.ashx?id=2649750&use=l&cat=p&typeid=i","cat":293239},{"id":147543,"n":"Gel WC détartrant Eco + Citron - 750ml","p":0.58,"u":"0,77 €/L","img":"https://fd13-photos.leclercdrive.fr/image.ashx?id=2836304&use=l&cat=p&typeid=i","cat":284662},{"id":147550,"n":"Nettoyant vitres Eco + 1L","p":0.76,"u":"0,76 €/L","img":"https://fd13-photos.leclercdrive.fr/image.ashx?id=2834993&use=l&cat=p&typeid=i","cat":325363},{"id":147623,"n":"Culottes Lotus Baby Douceur Naturelle Taille 4 - x32","p":15.3,"img":"https://fd13-photos.leclercdrive.fr/image.ashx?id=3011869&use=l&cat=p&typeid=i","cat":290633},{"id":147677,"n":"Sauce béarnaise Rustica 240g","p":1.29,"u":"5,38 €/KG","img":"https://fd13-photos.leclercdrive.fr/image.ashx?id=2954382&use=l&cat=p&typeid=i","cat":318431},{"id":147678,"n":"Rillettes de saumon Ronde des Mers - 125g","p":1.58,"u":"12,64 €/KG","img":"https://fd13-photos.leclercdrive.fr/image.ashx?id=2436708&use=l&cat=p&typeid=i","cat":305147},{"id":147692,"n":"Fond pour rôtis Maggi 110g","p":2.63,"u":"23,91 €/KG","img":"https://fd13-photos.leclercdrive.fr/image.ashx?id=2917543&use=l&cat=p&typeid=i","cat":288379},{"id":148013,"n":"Bocal d'artichauts Notre jardin Grillés - 115g","p":1.99,"u":"17,30 €/KG","img":"https://fd13-photos.leclercdrive.fr/image.ashx?id=2578641&use=l&cat=p&typeid=i","cat":312611},{"id":148037,"n":"Purée de tomates italiennes 700g","p":1.79,"u":"2,56 €/KG","img":"https://fd13-photos.leclercdrive.fr/image.ashx?id=3011680&use=l&cat=p&typeid=i","cat":289010},{"id":148079,"n":"Saucisson d'Auvergne IGP NRT L'Atelier Charcuterie LR - 100g","p":2.3,"u":"23,00 €/KG","img":"https://fd13-photos.leclercdrive.fr/image.ashx?id=2071230&use=l&cat=p&typeid=i","cat":316007},{"id":148084,"n":"Mortadella bologna IGP L'Atelier Charcuterie - 100g","p":1.99,"u":"19,90 €/KG","img":"https://fd13-photos.leclercdrive.fr/image.ashx?id=2688324&use=l&cat=p&typeid=i","cat":316007},{"id":148117,"n":"Rosette tranchée Label Rouge L'Atelier Charcuterie - 100g","p":1.79,"u":"17,90 €/KG","img":"https://fd13-photos.leclercdrive.fr/image.ashx?id=2856654&use=l&cat=p&typeid=i","cat":316007},{"id":148120,"n":"Jambon serrano IGP L'Atelier Charcuterie - 120g","p":4.0,"u":"33,33 €/KG","img":"https://fd13-photos.leclercdrive.fr/image.ashx?id=2867931&use=l&cat=p&typeid=i","cat":316007},{"id":148124,"n":"Datte ravier Favorite Deglet nour - 500g","p":2.3,"u":"4,60 €/KG","img":"https://fd13-photos.leclercdrive.fr/image.ashx?id=2730610&use=l&cat=p&typeid=i","cat":284357},{"id":148250,"n":"Ratatouille  Notre Jardin Provencale - 530g","p":2.76,"u":"5,21 €/KG","img":"https://fd13-photos.leclercdrive.fr/image.ashx?id=2526312&use=l&cat=p&typeid=i","cat":312612},{"id":148291,"n":"Bière Aromatisée Grimbergen Rouge 5,5° - 6x25cl","p":5.29,"u":"3,53 €/L","img":"https://fd13-photos.leclercdrive.fr/image.ashx?id=2873327&use=l&cat=p&typeid=i","cat":334878},{"id":148339,"n":"Embouts jetables Prorhinel Souples - x10","p":5.79,"img":"https://fd13-photos.leclercdrive.fr/image.ashx?id=2148182&use=l&cat=p&typeid=i","cat":284630},{"id":148341,"n":"Spray hygiène du nez Prorhinel à l'aloe vera - enfant - 100ml","p":5.79,"u":"57,90 €/L","img":"https://fd13-photos.leclercdrive.fr/image.ashx?id=2917858&use=l&cat=p&typeid=i","cat":284630},{"id":148384,"n":"Donut nappé chocolat 180g","p":1.39,"u":"7,72 €/KG","img":"https://fd13-photos.leclercdrive.fr/image.ashx?id=2590707&use=l&cat=p&typeid=i","cat":284495},{"id":148392,"n":"Filets de merlan L'Atelier Poissonnerie - 250g","p":4.97,"u":"19,88 €/KG","img":"https://fd13-photos.leclercdrive.fr/image.ashx?id=2868696&use=l&cat=p&typeid=i","cat":284342},{"id":148393,"n":"Dos de cabillaud MSC L'Atelier Poissonnerie - 300g","p":9.49,"u":"31,63 €/KG","img":"https://fd13-photos.leclercdrive.fr/image.ashx?id=2868699&use=l&cat=p&typeid=i","cat":284342},{"id":148406,"n":"Gel intime Intimy Classic - 150ml","p":4.69,"u":"31,27 €/L","img":"https://fd13-photos.leclercdrive.fr/image.ashx?id=2537980&use=l&cat=p&typeid=i","cat":285160},{"id":148484,"n":"Lames Hydro 5 Wilkinson Skin protect - x4","p":11.57,"u":"2,89 €/P","img":"https://fd13-photos.leclercdrive.fr/image.ashx?id=2924644&use=l&cat=p&typeid=i","cat":284616},{"id":148548,"n":"Vin blanc du Portugal  Mateus - 75cl","p":6.73,"u":"8,97 €/L","img":"https://fd13-photos.leclercdrive.fr/image.ashx?id=2794622&use=l&cat=p&typeid=i","cat":289557},{"id":148749,"n":"Coloration Eugène Color & Eclat n°78 Marron Praliné - 1 pièce","p":3.96,"img":"https://fd13-photos.leclercdrive.fr/image.ashx?id=2476449&use=l&cat=p&typeid=i","cat":288899},{"id":148770,"n":"Préservatifs Intimy Classic lubrifiés - x7","p":2.69,"u":"0,38 €/P","img":"https://fd13-photos.leclercdrive.fr/image.ashx?id=2537962&use=l&cat=p&typeid=i","cat":284631},{"id":148774,"n":"Préservatifs Intimy Taille XL lubrifiés - x14","p":6.17,"u":"0,44 €/P","img":"https://fd13-photos.leclercdrive.fr/image.ashx?id=2926329&use=l&cat=p&typeid=i","cat":284631},{"id":148800,"n":"Apéritif à base de vin Martini Fiero 14,4° - 1L","p":8.48,"u":"8,48 €/L","img":"https://fd13-photos.leclercdrive.fr/image.ashx?id=2842945&use=l&cat=p&typeid=i","cat":284913},{"id":148966,"n":"Boisson coco Bio Bjorg Sans sucre ajouté - 1L","p":2.16,"u":"2,16 €/L","img":"https://fd13-photos.leclercdrive.fr/image.ashx?id=2972991&use=l&cat=p&typeid=i","cat":316067},{"id":149036,"n":"Merguez véritables L'Atelier Boucherie x8 - 520g","p":8.79,"u":"16,90 €/KG","img":"https://fd13-photos.leclercdrive.fr/image.ashx?id=3005721&use=l&cat=p&typeid=i","cat":284334},{"id":149037,"n":"Saucisses de Toulouse L'Atelier Boucherie x6 - 750g","p":7.99,"u":"10,65 €/KG","img":"https://fd13-photos.leclercdrive.fr/image.ashx?id=2831296&use=l&cat=p&typeid=i","cat":284334},{"id":149054,"n":"Carpaccio boeuf Férial Huile d'olive Citron - 200g","p":4.74,"u":"23,70 €/KG","img":"https://fd13-photos.leclercdrive.fr/image.ashx?id=2823114&use=l&cat=p&typeid=i","cat":284328},{"id":149326,"n":"Tissus microfibre multi usage x1","p":2.49,"img":"https://fd13-photos.leclercdrive.fr/image.ashx?id=2068348&use=l&cat=p&typeid=i","cat":298252},{"id":149348,"n":"Liqueur Amaretto Disaronno 28° - 70cl","p":23.17,"u":"33,10 €/L","img":"https://fd13-photos.leclercdrive.fr/image.ashx?id=2064391&use=l&cat=p&typeid=i","cat":286032},{"id":149396,"n":"Lave glace TECH9 Démoustiquant - 5L","p":3.89,"u":"0,78 €/L","img":"https://fd13-photos.leclercdrive.fr/image.ashx?id=2162699&use=l&cat=p&typeid=i","cat":298252},{"id":149406,"n":"AOC Bordeaux blanc bio Nos racines - 12,5% - 3L","p":18.53,"u":"6,18 €/L","img":"https://fd13-photos.leclercdrive.fr/image.ashx?id=2061439&use=l&cat=p&typeid=i","cat":289557},{"id":149407,"n":"AOC Bordeaux rosé bio Nos racines - 12,5% - 3L","p":18.98,"u":"6,33 €/L","img":"https://fd13-photos.leclercdrive.fr/image.ashx?id=2948177&use=l&cat=p&typeid=i","cat":289560},{"id":149428,"n":"Boisson à base de vin rosé  Pamplemousse - 7.5% vol - 75cl","p":2.69,"u":"3,59 €/L","img":"https://fd13-photos.leclercdrive.fr/image.ashx?id=2958525&use=l&cat=p&typeid=i","cat":304569},{"id":149462,"n":"Lait Corps Le Petit Marseillais  Peau seche noix de coco-250ml","p":2.39,"u":"9,56 €/L","img":"https://fd13-photos.leclercdrive.fr/image.ashx?id=2739812&use=l&cat=p&typeid=i","cat":325349},{"id":149465,"n":"Brosse à Dents Signal Soin Gencives Souple x4","p":2.86,"u":"0,72 €/P","img":"https://fd13-photos.leclercdrive.fr/image.ashx?id=2964234&use=l&cat=p&typeid=i","cat":284614},{"id":149781,"n":"Crème Visage Jour FPS 50 Nivea Anti-taches Luminous - 40ml","p":14.05,"u":"351,25 €/L","img":"https://fd13-photos.leclercdrive.fr/image.ashx?id=2637580&use=l&cat=p&typeid=i","cat":325345},{"id":149782,"n":"Soin léger nuit So Bio Etic Anti-âge bio - 50ml","p":8.77,"u":"175,40 €/L","img":"https://fd13-photos.leclercdrive.fr/image.ashx?id=2792699&use=l&cat=p&typeid=i","cat":325345},{"id":149819,"n":"Sérum Visage Correcteur Nivea Anti-taches Luminous - 30ml","p":16.59,"u":"553,00 €/L","img":"https://fd13-photos.leclercdrive.fr/image.ashx?id=2639720&use=l&cat=p&typeid=i","cat":325345},{"id":150041,"n":"Steaks hachés Charal 15%mg - 600g","p":10.2,"u":"17,00 €/KG","img":"https://fd13-photos.leclercdrive.fr/image.ashx?id=2064531&use=l&cat=p&typeid=i","cat":284332},{"id":150042,"n":"Happy boulettes Charal x18 - 270g","p":5.9,"u":"21,85 €/KG","img":"https://fd13-photos.leclercdrive.fr/image.ashx?id=2064534&use=l&cat=p&typeid=i","cat":284332},{"id":150307,"n":"Liquide refroidissement TECH9 -25°C - 5L","p":9.99,"u":"2,00 €/L","img":"https://fd13-photos.leclercdrive.fr/image.ashx?id=2162711&use=l&cat=p&typeid=i","cat":298253},{"id":150485,"n":"Chocolat Pâtissier Lindt Noir - 70% cacao - 200g","p":3.26,"u":"16,30 €/KG","img":"https://fd13-photos.leclercdrive.fr/image.ashx?id=2730223&use=l&cat=p&typeid=i","cat":285562},{"id":150488,"n":"Tartine pain campagne Pasquier - 180g","p":2.02,"u":"11,22 €/KG","img":"https://fd13-photos.leclercdrive.fr/image.ashx?id=2967028&use=l&cat=p&typeid=i","cat":285543},{"id":150576,"n":"Barre protéine noisette ISOSTAR  énergétique -3x35 - 105g","p":4.06,"u":"38,67 €/KG","img":"https://fd13-photos.leclercdrive.fr/image.ashx?id=2663425&use=l&cat=p&typeid=i","cat":318652},{"id":150704,"n":"Whisky Bowmore 9 ans 70cl","p":31.38,"u":"44,83 €/L","img":"https://fd13-photos.leclercdrive.fr/image.ashx?id=2068618&use=l&cat=p&typeid=i","cat":284547},{"id":150763,"n":"Imperméabilisant protecteur Cuir Daim Nubuck 250ml","p":2.68,"u":"10,72 €/L","img":"https://fd13-photos.leclercdrive.fr/image.ashx?id=2835208&use=l&cat=p&typeid=i","cat":285201},{"id":150788,"n":"HERTA Tendre Croc Jambon Fromage sans nitrite 200g x2","p":1.84,"u":"9,20 €/KG","img":"https://fd13-photos.leclercdrive.fr/image.ashx?id=2752885&use=l&cat=p&typeid=i","cat":333671},{"id":150789,"n":"Détartrant multi-usages Melitta 375ml","p":3.76,"u":"10,03 €/L","img":"https://fd13-photos.leclercdrive.fr/image.ashx?id=2871070&use=l&cat=p&typeid=i","cat":325362},{"id":150793,"n":"HERTA Tendre Croc Jambon Fromage sans nitrite 400g x4","p":3.65,"u":"9,13 €/KG","img":"https://fd13-photos.leclercdrive.fr/image.ashx?id=2070144&use=l&cat=p&typeid=i","cat":333671},{"id":150798,"n":"HERTA Tendre Croc Comté Jambon sans nitrite 200g x2","p":2.14,"u":"10,70 €/KG","img":"https://fd13-photos.leclercdrive.fr/image.ashx?id=2070147&use=l&cat=p&typeid=i","cat":333671},{"id":151075,"n":"Essuie-tout Renova  Design - x4","p":1.79,"u":"0,45 €/P","img":"https://fd13-photos.leclercdrive.fr/image.ashx?id=2072790&use=l&cat=p&typeid=i","cat":284635},{"id":151106,"n":"Vin France Cambras rouge -12,5% Merlot Cabernet Sauvignon -75cl","p":2.22,"u":"2,96 €/L","img":"https://fd13-photos.leclercdrive.fr/image.ashx?id=2941029&use=l&cat=p&typeid=i","cat":289556},{"id":151170,"n":"Riz au lait Andros Coco vanille - 4x100g","p":3.34,"u":"8,35 €/KG","img":"https://fd13-photos.leclercdrive.fr/image.ashx?id=2872024&use=l&cat=p&typeid=i","cat":316071},{"id":151235,"n":"HERTA Blanc de poulet nature sans nitrite - 140g 4T","p":1.91,"u":"13,64 €/KG","img":"https://fd13-photos.leclercdrive.fr/image.ashx?id=2731348&use=l&cat=p&typeid=i","cat":316010},{"id":151290,"n":"Herta Blanc de poulet -25% de sel sans nitrite 140g 4T","p":2.35,"u":"16,79 €/KG","img":"https://fd13-photos.leclercdrive.fr/image.ashx?id=2307733&use=l&cat=p&typeid=i","cat":316010},{"id":151376,"n":"Poulet fermier Auvergne NRT Label Rouge - 1.45kg","p":11.5,"u":"7,93 €/KG","img":"https://fd13-photos.leclercdrive.fr/image.ashx?id=2699828&use=l&cat=p&typeid=i","cat":284336},{"id":151423,"n":"Café en grains Malongo Petits Producteurs - 500g","p":8.82,"u":"17,64 €/KG","img":"https://fd13-photos.leclercdrive.fr/image.ashx?id=2073574&use=l&cat=p&typeid=i","cat":293237},{"id":151464,"n":"Fromage blanc Calin Extra Nature - 8x100g","p":2.34,"u":"2,93 €/KG","img":"https://fd13-photos.leclercdrive.fr/image.ashx?id=2973736&use=l&cat=p&typeid=i","cat":284409},{"id":151472,"n":"Fromage blanc Calin Extra Nature - 850g","p":2.35,"u":"2,76 €/KG","img":"https://fd13-photos.leclercdrive.fr/image.ashx?id=2973739&use=l&cat=p&typeid=i","cat":284409},{"id":151508,"n":"Colin MSC haché Yooji 6 mois - 120g","p":4.31,"u":"35,92 €/KG","img":"https://fd13-photos.leclercdrive.fr/image.ashx?id=2529072&use=l&cat=p&typeid=i","cat":290631},{"id":151681,"n":"Haricots Rouges Bonduelle Cuits Dans Très Peu De Jus 250g","p":1.28,"u":"5,12 €/KG","img":"https://fd13-photos.leclercdrive.fr/image.ashx?id=2926275&use=l&cat=p&typeid=i","cat":312606},{"id":151936,"n":"Yaourt brassé Bio Les 2 Vaches Vanille - 4x115g","p":1.97,"u":"4,28 €/KG","img":"https://fd13-photos.leclercdrive.fr/image.ashx?id=2571542&use=l&cat=p&typeid=i","cat":284410},{"id":151940,"n":"Cuisse de poulet Auvergne NRT x2 Label Rouge - 500g","p":4.85,"u":"9,70 €/KG","img":"https://fd13-photos.leclercdrive.fr/image.ashx?id=2699840&use=l&cat=p&typeid=i","cat":284336},{"id":151996,"n":"Fromage enfant Kiri crème 24 portions à tartiner - 432g","p":5.06,"u":"0,21 €/P","img":"https://fd13-photos.leclercdrive.fr/image.ashx?id=2973568&use=l&cat=p&typeid=i","cat":314030},{"id":152008,"n":"Croissants au jambon fromage L'Atelier Traiteur x2 - 260g","p":3.89,"u":"14,96 €/KG","img":"https://fd13-photos.leclercdrive.fr/image.ashx?id=2235004&use=l&cat=p&typeid=i","cat":333671},{"id":152009,"n":"Infusion Lipton froid mangue Rooïbos x15 - 33g","p":3.61,"u":"109,39 €/KG","img":"https://fd13-photos.leclercdrive.fr/image.ashx?id=2337211&use=l&cat=p&typeid=i","cat":293234},{"id":152345,"n":"Crème nuit L'Oréal Paris Age perfect Golden Age - 50ml","p":11.97,"pp":7.9,"u":"158,00 €/L","img":"https://fd13-photos.leclercdrive.fr/image.ashx?id=2860358&use=l&cat=p&typeid=i","cat":325345},{"id":152349,"n":"Sérum nuit anti-âge L'Oréal Revitalift Rétinol Pur - 30ml","p":15.08,"u":"502,67 €/L","img":"https://fd13-photos.leclercdrive.fr/image.ashx?id=2867530&use=l&cat=p&typeid=i","cat":325345},{"id":152350,"n":"Desserts lactés P'tit Onctueux Bio Banane 6M+ 4x90g","p":2.66,"u":"7,39 €/KG","img":"https://fd13-photos.leclercdrive.fr/image.ashx?id=2234153&use=l&cat=p&typeid=i","cat":312392},{"id":152440,"n":"Gel Lubrifiant Massage 2 en 1 Durex Douceur Aloe Vera 200ml","p":8.2,"u":"41,00 €/L","img":"https://fd13-photos.leclercdrive.fr/image.ashx?id=2736556&use=l&cat=p&typeid=i","cat":285160},{"id":152506,"n":"Boisson avoine Bio Bjorg Sans sucres - 1L","p":2.31,"u":"2,31 €/L","img":"https://fd13-photos.leclercdrive.fr/image.ashx?id=2939454&use=l&cat=p&typeid=i","cat":316067},{"id":152576,"n":"Crêpes 1/2 lune Eco+ Jambon emmental - x20 - 1kg","p":2.31,"u":"2,31 €/KG","img":"https://fd13-photos.leclercdrive.fr/image.ashx?id=2698144&use=l&cat=p&typeid=i","cat":319776},{"id":152593,"n":"Desserts Lactés P'TIT ONCTUEUX BIO Mangue  6M+ - 4x90g","p":2.66,"u":"7,39 €/KG","img":"https://fd13-photos.leclercdrive.fr/image.ashx?id=2234156&use=l&cat=p&typeid=i","cat":312392},{"id":152594,"n":"Desserts Lactés P'tit GOURMAND BIO Vanille  6M+ - 4x90g","p":2.37,"u":"6,58 €/KG","img":"https://fd13-photos.leclercdrive.fr/image.ashx?id=2629704&use=l&cat=p&typeid=i","cat":312392},{"id":152596,"n":"Câpres Maille Surfines - 85g","p":2.74,"u":"32,24 €/KG","img":"https://fd13-photos.leclercdrive.fr/image.ashx?id=2539674&use=l&cat=p&typeid=i","cat":284458},{"id":152610,"n":"Pasta Box Sodebo Fusilli à la Bolognaise - 330g","p":2.57,"u":"7,79 €/KG","img":"https://fd13-photos.leclercdrive.fr/image.ashx?id=2991996&use=l&cat=p&typeid=i","cat":334983},{"id":152612,"n":"Pasta Box Sodebo Fusilli à la Carbonara - 330g","p":2.52,"u":"7,64 €/KG","img":"https://fd13-photos.leclercdrive.fr/image.ashx?id=2919781&use=l&cat=p&typeid=i","cat":334983},{"id":152614,"n":"Pâtes collerettes Lustucru 3 min - 500g","p":1.62,"u":"3,24 €/KG","img":"https://fd13-photos.leclercdrive.fr/image.ashx?id=2108444&use=l&cat=p&typeid=i","cat":284427},{"id":152615,"n":"Pasta Box Sodebo Fusilli Fromages Italiens -330g","p":2.66,"u":"8,06 €/KG","img":"https://fd13-photos.leclercdrive.fr/image.ashx?id=2919784&use=l&cat=p&typeid=i","cat":334983},{"id":152736,"n":"Camembert Le Rustique Extra coulant - 240g","p":3.5,"u":"14,58 €/KG","img":"https://fd13-photos.leclercdrive.fr/image.ashx?id=2797479&use=l&cat=p&typeid=i","cat":314033},{"id":152984,"n":"AOP Prosecco rosé  Vilaveroni - 75cl","p":7.58,"u":"10,11 €/L","img":"https://fd13-photos.leclercdrive.fr/image.ashx?id=2492354&use=l&cat=p&typeid=i","cat":289558},{"id":153065,"n":"Cônes glacés Trium A l'italienne chocolat x4 286g","p":2.3,"u":"8,04 €/KG","img":"https://fd13-photos.leclercdrive.fr/image.ashx?id=2931799&use=l&cat=p&typeid=i","cat":284264},{"id":153066,"n":"Cônes glacés Trium A l'italienne fraise x4 - 286g","p":2.26,"u":"7,90 €/KG","img":"https://fd13-photos.leclercdrive.fr/image.ashx?id=2931802&use=l&cat=p&typeid=i","cat":284264},{"id":153067,"n":"Cônes glacés Trium Fruits rouges - x6 - 474g","p":2.51,"u":"5,30 €/KG","img":"https://fd13-photos.leclercdrive.fr/image.ashx?id=2931832&use=l&cat=p&typeid=i","cat":284264},{"id":153072,"n":"Cônes glacés Trium Café - x6 - 426g","p":2.19,"u":"5,14 €/KG","img":"https://fd13-photos.leclercdrive.fr/image.ashx?id=2931838&use=l&cat=p&typeid=i","cat":284264},{"id":153074,"n":"Cônes glacés Trium Citron framboise x6 - 456g","p":2.67,"u":"5,86 €/KG","img":"https://fd13-photos.leclercdrive.fr/image.ashx?id=2931811&use=l&cat=p&typeid=i","cat":284264},{"id":153108,"n":"Rhum blanc Clement 50° - 1L","p":21.36,"u":"21,36 €/L","img":"https://fd13-photos.leclercdrive.fr/image.ashx?id=2093244&use=l&cat=p&typeid=i","cat":284550},{"id":153148,"n":"Jambon Supérieur Fleury Michon sans nitrite x6 - 210g","p":3.22,"u":"15,33 €/KG","img":"https://fd13-photos.leclercdrive.fr/image.ashx?id=2889478&use=l&cat=p&typeid=i","cat":316009},{"id":153151,"n":"Jambon Supérieur Fleury Michon sans nitrite x4 - 140g","p":2.09,"u":"14,93 €/KG","img":"https://fd13-photos.leclercdrive.fr/image.ashx?id=2889475&use=l&cat=p&typeid=i","cat":316009},{"id":153152,"n":"Jambon Supérieur Fleury Michon sans nitrite x2 - 70g","p":1.84,"u":"26,29 €/KG","img":"https://fd13-photos.leclercdrive.fr/image.ashx?id=2889472&use=l&cat=p&typeid=i","cat":316009},{"id":153154,"n":"Jambon Supérieur Fleury Michon -25% sel sans nitrite x6 - 210g","p":4.29,"u":"20,43 €/KG","img":"https://fd13-photos.leclercdrive.fr/image.ashx?id=2889487&use=l&cat=p&typeid=i","cat":316009},{"id":153155,"n":"Jambon Supérieur Fleury Michon -25% sel sans nitrite x4 - 140g","p":2.92,"u":"20,86 €/KG","img":"https://fd13-photos.leclercdrive.fr/image.ashx?id=2905399&use=l&cat=p&typeid=i","cat":316009},{"id":153158,"n":"Jambon Simplement Bon Fleury  Michon -25% de sel - x6 - 210g","p":2.81,"u":"13,38 €/KG","img":"https://fd13-photos.leclercdrive.fr/image.ashx?id=2842696&use=l&cat=p&typeid=i","cat":316009},{"id":153164,"n":"Jambon  Simplement Bon Fleury  Michon x4 - 160g","p":2.17,"u":"13,56 €/KG","img":"https://fd13-photos.leclercdrive.fr/image.ashx?id=2843147&use=l&cat=p&typeid=i","cat":316009},{"id":153166,"n":"Jambon Simplement Bon Fleury Michon - x6 - 240g","p":2.57,"u":"10,71 €/KG","img":"https://fd13-photos.leclercdrive.fr/image.ashx?id=2843150&use=l&cat=p&typeid=i","cat":316009},{"id":153167,"n":"Jambon Simplement Bon  Fleury Michon - x8 - 320g","p":3.92,"u":"12,25 €/KG","img":"https://fd13-photos.leclercdrive.fr/image.ashx?id=3008383&use=l&cat=p&typeid=i","cat":316009},{"id":153229,"n":"Mayonnaise de Dijon Amora Tube - 175g","p":1.47,"u":"8,40 €/KG","img":"https://fd13-photos.leclercdrive.fr/image.ashx?id=2082711&use=l&cat=p&typeid=i","cat":298295},{"id":153241,"n":"Blanc de poulet Fleury Michon doré au four - x8 - 240g","p":2.31,"u":"9,63 €/KG","img":"https://fd13-photos.leclercdrive.fr/image.ashx?id=2962845&use=l&cat=p&typeid=i","cat":316010},{"id":153279,"n":"Saucisses cocktail Stephan 2 nature 1 piment - 600g","p":6.74,"u":"11,23 €/KG","img":"https://fd13-photos.leclercdrive.fr/image.ashx?id=2767552&use=l&cat=p&typeid=i","cat":318430},{"id":153280,"n":"Saucisses cocktail Stephan 2 nature 1 chorizo - 3x200g","p":6.77,"u":"11,28 €/KG","img":"https://fd13-photos.leclercdrive.fr/image.ashx?id=2097170&use=l&cat=p&typeid=i","cat":284450},{"id":153281,"n":"Saucisse cocktail Stephan Nature - 3x200g","p":6.83,"u":"11,38 €/KG","img":"https://fd13-photos.leclercdrive.fr/image.ashx?id=2767567&use=l&cat=p&typeid=i","cat":284450},{"id":153313,"n":"Gateau Savane Brossard Pocket chocolat - x7  210g","p":2.18,"u":"10,38 €/KG","img":"https://fd13-photos.leclercdrive.fr/image.ashx?id=2870722&use=l&cat=p&typeid=i","cat":284495},{"id":153328,"n":"Gâteaux fourrés Napolitain LU Chocolat - 180g","p":1.55,"u":"8,61 €/KG","img":"https://fd13-photos.leclercdrive.fr/image.ashx?id=3002225&use=l&cat=p&typeid=i","cat":284495},{"id":153929,"n":"Bûche de chèvre frais cendrée L'Atelier Fromagerie - 200g","p":3.19,"u":"15,95 €/KG","img":"https://fd13-photos.leclercdrive.fr/image.ashx?id=2999646&use=l&cat=p&typeid=i","cat":314036},{"id":153967,"n":"Changes bébé Lotus Baby T2 Douceur naturelle 3/6kg - x45","p":14.9,"u":"0,33 €/P","img":"https://fd13-photos.leclercdrive.fr/image.ashx?id=2909206&use=l&cat=p&typeid=i","cat":284737},{"id":153968,"n":"Change bébé Lotus Baby T6 Douceur naturelle 16/26kg x 32","p":15.95,"u":"0,50 €/P","img":"https://fd13-photos.leclercdrive.fr/image.ashx?id=3011878&use=l&cat=p&typeid=i","cat":284737},{"id":154629,"n":"Bière Blonde Leffe 6,6% - 20x25cl","p":15.2,"u":"3,04 €/L","img":"https://fd13-photos.leclercdrive.fr/image.ashx?id=2995427&use=l&cat=p&typeid=i","cat":334852},{"id":155102,"n":"Céréales Babybio- Dès 6 mois  Bio 3 Céréales nature  - 220g","p":2.87,"u":"13,05 €/KG","img":"https://fd13-photos.leclercdrive.fr/image.ashx?id=2733259&use=l&cat=p&typeid=i","cat":312225},{"id":155123,"n":"Biscuits fourrés  BN Fraises - 285g","p":1.36,"u":"4,77 €/KG","img":"https://fd13-photos.leclercdrive.fr/image.ashx?id=2878804&use=l&cat=p&typeid=i","cat":284489},{"id":155129,"n":"Petits pois doux carottes Bio Bio Village - 420g","p":2.3,"u":"5,48 €/KG","img":"https://fd13-photos.leclercdrive.fr/image.ashx?id=3002710&use=l&cat=p&typeid=i","cat":312607},{"id":155134,"n":"Knacki original Herta x4 - 140g","p":1.37,"u":"9,79 €/KG","img":"https://fd13-photos.leclercdrive.fr/image.ashx?id=2289840&use=l&cat=p&typeid=i","cat":316012},{"id":155293,"n":"Prépa Gâteau alsa Cœur Coulants Chocolat - 275g","p":3.03,"u":"11,02 €/KG","img":"https://fd13-photos.leclercdrive.fr/image.ashx?id=2996443&use=l&cat=p&typeid=i","cat":284505},{"id":155295,"n":"Préparation Cookies alsa Pépites de Chocolat - 240g","p":2.19,"u":"9,13 €/KG","img":"https://fd13-photos.leclercdrive.fr/image.ashx?id=2996446&use=l&cat=p&typeid=i","cat":284505},{"id":155297,"n":"Oeufs frais Parole d'Eleveurs !  x20","p":5.04,"u":"0,25 €/P","img":"https://fd13-photos.leclercdrive.fr/image.ashx?id=2978856&use=l&cat=p&typeid=i","cat":284378},{"id":155300,"n":"Capsules Starbucks by Nespresso  Italian Style Int 11 - x10","p":3.69,"u":"65,89 €/KG","img":"https://fd13-photos.leclercdrive.fr/image.ashx?id=2654068&use=l&cat=p&typeid=i","cat":284749},{"id":155301,"n":"Biscuit BN chocolat 285g","p":1.36,"u":"4,77 €/KG","img":"https://fd13-photos.leclercdrive.fr/image.ashx?id=2810705&use=l&cat=p&typeid=i","cat":284488},{"id":155302,"n":"Biscuits BN casse croute 400g","p":1.42,"u":"3,55 €/KG","img":"https://fd13-photos.leclercdrive.fr/image.ashx?id=2503900&use=l&cat=p&typeid=i","cat":284491},{"id":155303,"n":"Briochettes Pasquier x12 - 480g","p":2.28,"u":"4,75 €/KG","img":"https://fd13-photos.leclercdrive.fr/image.ashx?id=2417857&use=l&cat=p&typeid=i","cat":284478},{"id":155393,"n":"Thon naturel MSC Petit Navire 2x112g","p":3.99,"u":"17,81 €/KG","img":"https://fd13-photos.leclercdrive.fr/image.ashx?id=2226265&use=l&cat=p&typeid=i","cat":303867},{"id":155511,"n":"Nettoyant Lave-Linge Destop  Désinfectant - x2","p":5.08,"u":"10,16 €/L","img":"https://fd13-photos.leclercdrive.fr/image.ashx?id=2831735&use=l&cat=p&typeid=i","cat":284653},{"id":155546,"n":"Assiettes dessert 17cm Blanc sans film PE - x50","p":2.69,"u":"0,05 €/P","img":"https://fd13-photos.leclercdrive.fr/image.ashx?id=2096688&use=l&cat=p&typeid=i","cat":334134},{"id":155549,"n":"Glace Bâtonnet MAGNUM Double Gold Caramel 4x85ml","p":3.01,"u":"10,60 €/KG","img":"https://fd13-photos.leclercdrive.fr/image.ashx?id=2770620&use=l&cat=p&typeid=i","cat":284265},{"id":155555,"n":"Frites Pom Bistro Rustiques - 500g","p":3.85,"u":"7,70 €/KG","img":"https://fd13-photos.leclercdrive.fr/image.ashx?id=2866424&use=l&cat=p&typeid=i","cat":319791},{"id":155717,"n":"Sauce apéritif  Doritos Goût salsa douce -280g","p":2.24,"u":"8,00 €/KG","img":"https://fd13-photos.leclercdrive.fr/image.ashx?id=3014476&use=l&cat=p&typeid=i","cat":284451},{"id":155741,"n":"Filets de cabillaud MSC  L'Atelier Poissonnerie  - 250g","p":6.99,"u":"27,96 €/KG","img":"https://fd13-photos.leclercdrive.fr/image.ashx?id=3004399&use=l&cat=p&typeid=i","cat":284342},{"id":155776,"n":"Shampoing Le Petit Marseillais  Calendula & coco - 250ml","p":2.15,"u":"8,60 €/L","img":"https://fd13-photos.leclercdrive.fr/image.ashx?id=2684173&use=l&cat=p&typeid=i","cat":284606},{"id":155793,"n":"Compote bébé Blédina 4-6 mois Pomme pruneau - 4x130g","p":2.68,"u":"5,15 €/KG","img":"https://fd13-photos.leclercdrive.fr/image.ashx?id=2911202&use=l&cat=p&typeid=i","cat":312387},{"id":155795,"n":"Soda Coca-Cola - SANS SUCRES Canette - 6x33cl","p":3.61,"u":"1,82 €/L","img":"https://fd13-photos.leclercdrive.fr/image.ashx?id=2736805&use=l&cat=p&typeid=i","cat":284530},{"id":155820,"n":"Salade Batavia verte 1p","p":0.99,"img":"https://fd13-photos.leclercdrive.fr/image.ashx?id=1633577&use=l&cat=p&typeid=i","cat":284352},{"id":155823,"n":"Oignon botte 1p","p":1.49,"img":"https://fd13-photos.leclercdrive.fr/image.ashx?id=1631355&use=l&cat=p&typeid=i","cat":284352},{"id":155828,"n":"Chou rouge 1p","p":2.49,"img":"https://fd13-photos.leclercdrive.fr/image.ashx?id=560850&use=l&cat=p&typeid=i","cat":284352},{"id":155829,"n":"Salade laitue verte 1p","p":0.99,"img":"https://fd13-photos.leclercdrive.fr/image.ashx?id=1633040&use=l&cat=p&typeid=i","cat":284352},{"id":155833,"n":"Feuille de chêne rouge 1p","p":0.99,"img":"https://fd13-photos.leclercdrive.fr/image.ashx?id=1633670&use=l&cat=p&typeid=i","cat":284352},{"id":155882,"n":"Aubergines à la Parmesane Jean Martin - 600g","p":5.65,"u":"9,42 €/KG","img":"https://fd13-photos.leclercdrive.fr/image.ashx?id=2559907&use=l&cat=p&typeid=i","cat":312612},{"id":155894,"n":"Blanc de Dinde Le Gaulois Sans nitrites x4 tranches -160g","p":2.12,"u":"13,25 €/KG","img":"https://fd13-photos.leclercdrive.fr/image.ashx?id=2962623&use=l&cat=p&typeid=i","cat":316010},{"id":155900,"n":"Boisson aux Fruits Jafun Tropical - 10x20cl","p":3.2,"u":"1,60 €/L","img":"https://fd13-photos.leclercdrive.fr/image.ashx?id=2992567&use=l&cat=p&typeid=i","cat":295018},{"id":156020,"n":"Soda Sprite Canette - 6x33cl","p":3.52,"u":"1,78 €/L","img":"https://fd13-photos.leclercdrive.fr/image.ashx?id=2973994&use=l&cat=p&typeid=i","cat":284531},{"id":156022,"n":"Soda Coca Cola Cherry Canette 6x33cl","p":4.17,"u":"2,11 €/L","img":"https://fd13-photos.leclercdrive.fr/image.ashx?id=2997226&use=l&cat=p&typeid=i","cat":284530},{"id":156067,"n":"Soda Coca-Cola Canette - 6x33cl","p":4.32,"u":"2,18 €/L","img":"https://fd13-photos.leclercdrive.fr/image.ashx?id=2997229&use=l&cat=p&typeid=i","cat":284530},{"id":156112,"n":"Oeufs au sol Paroles d'Eleveurs x12","p":3.03,"u":"0,25 €/P","img":"https://fd13-photos.leclercdrive.fr/image.ashx?id=2506026&use=l&cat=p&typeid=i","cat":284378},{"id":156145,"n":"Thé glacé Fuze tea Saveur pêche - 1,75L","p":2.04,"u":"1,17 €/L","img":"https://fd13-photos.leclercdrive.fr/image.ashx?id=2944395&use=l&cat=p&typeid=i","cat":295019},{"id":156151,"n":"Cônes Extrême Sundae Caramel - 438g","p":3.76,"u":"8,58 €/KG","img":"https://fd13-photos.leclercdrive.fr/image.ashx?id=2844034&use=l&cat=p&typeid=i","cat":284264},{"id":156156,"n":"Fromage enfant Kiri crème 8 portions à tartiner - 144g","p":2.09,"u":"0,26 €/P","img":"https://fd13-photos.leclercdrive.fr/image.ashx?id=2973562&use=l&cat=p&typeid=i","cat":314030},{"id":156165,"n":"Sauce bolognaise Bolo Balls 400g","p":2.49,"u":"6,23 €/KG","img":"https://fd13-photos.leclercdrive.fr/image.ashx?id=2918571&use=l&cat=p&typeid=i","cat":287599},{"id":156175,"n":"Doomino St Michel Chocolat - x6","p":1.94,"u":"10,78 €/KG","img":"https://fd13-photos.leclercdrive.fr/image.ashx?id=2949979&use=l&cat=p&typeid=i","cat":284495},{"id":156187,"n":"Mini gâteau fourré Bio Village Fraise Bio - 140g","p":2.28,"u":"16,29 €/KG","img":"https://fd13-photos.leclercdrive.fr/image.ashx?id=2816160&use=l&cat=p&typeid=i","cat":284495},{"id":156188,"n":"Préparation Flan Pâtissier alsa Vanille - 740g","p":2.86,"u":"3,86 €/KG","img":"https://fd13-photos.leclercdrive.fr/image.ashx?id=2790591&use=l&cat=p&typeid=i","cat":284505},{"id":156190,"n":"Joker 30% Moins Sucré Orange sans pulpe - 0,9L","p":2.3,"u":"2,56 €/L","img":"https://fd13-photos.leclercdrive.fr/image.ashx?id=3001296&use=l&cat=p&typeid=i","cat":284521},{"id":156193,"n":"Farine blé T45 Francine 750g","p":1.33,"u":"1,77 €/KG","img":"https://fd13-photos.leclercdrive.fr/image.ashx?id=2989141&use=l&cat=p&typeid=i","cat":284503},{"id":156200,"n":"Wraps Old El Paso de blé nature format familial x10 - 580g","p":3.85,"u":"6,64 €/KG","img":"https://fd13-photos.leclercdrive.fr/image.ashx?id=2745352&use=l&cat=p&typeid=i","cat":288993},{"id":156223,"n":"Croquette Truite One Sterilcat Indoor formula","p":14.22,"u":"4,74 €/KG","img":"https://fd13-photos.leclercdrive.fr/image.ashx?id=2488076&use=l&cat=p&typeid=i","cat":284680},{"id":156299,"n":"Yaourt à la grecque YAOS  Vanille - 8x125g","p":4.11,"u":"4,11 €/KG","img":"https://fd13-photos.leclercdrive.fr/image.ashx?id=3007942&use=l&cat=p&typeid=i","cat":314999},{"id":156334,"n":"Grissini artigianali Florelli Multigraines - 250g","p":2.42,"u":"9,68 €/KG","img":"https://fd13-photos.leclercdrive.fr/image.ashx?id=2475864&use=l&cat=p&typeid=i","cat":289010},{"id":156346,"n":"Pointe Brie de Meaux AOP L'Atelier Fromagerie - 200g","p":3.19,"u":"15,95 €/KG","img":"https://fd13-photos.leclercdrive.fr/image.ashx?id=2123910&use=l&cat=p&typeid=i","cat":314036},{"id":156348,"n":"Cantal Entre deux AOP NRT L'Atelier Fromagerie - 200g","p":3.5,"u":"17,50 €/KG","img":"https://fd13-photos.leclercdrive.fr/image.ashx?id=2398788&use=l&cat=p&typeid=i","cat":327294},{"id":156350,"n":"Comté 18 mois AOP L'Atelier Fromagerie - 200g","p":5.3,"u":"26,50 €/KG","img":"https://fd13-photos.leclercdrive.fr/image.ashx?id=2130005&use=l&cat=p&typeid=i","cat":327294},{"id":156351,"n":"Coulommiers 3/4 affiné L'Atelier Fromagerie - 250g","p":3.95,"u":"15,80 €/KG","img":"https://fd13-photos.leclercdrive.fr/image.ashx?id=2546156&use=l&cat=p&typeid=i","cat":314036},{"id":156353,"n":"Rocamadour fermier AOP L'Atelier Fromagerie - 2x35g","p":2.5,"u":"35,71 €/KG","img":"https://fd13-photos.leclercdrive.fr/image.ashx?id=2697471&use=l&cat=p&typeid=i","cat":314036},{"id":156354,"n":"Saint Nectaire laitier AOP L'Atelier Fromagerie - 300g","p":4.7,"u":"15,67 €/KG","img":"https://fd13-photos.leclercdrive.fr/image.ashx?id=2115917&use=l&cat=p&typeid=i","cat":329184},{"id":156355,"n":"Grana padano 20 mois AOP L'Atelier Fromagerie - 180g","p":3.99,"u":"22,17 €/KG","img":"https://fd13-photos.leclercdrive.fr/image.ashx?id=2817178&use=l&cat=p&typeid=i","cat":314036},{"id":156397,"n":"Glaces Ferrero Rocher x4 chocolat lait noisettes - 200g","p":3.29,"img":"https://fd13-photos.leclercdrive.fr/image.ashx?id=2759065&use=l&cat=p&typeid=i","cat":284265},{"id":156405,"n":"Cônes macaron caramel Extrême x6 - 396g","p":3.72,"u":"9,39 €/KG","img":"https://fd13-photos.leclercdrive.fr/image.ashx?id=2878378&use=l&cat=p&typeid=i","cat":284264},{"id":156412,"n":"Glaces Nui Caramel White chocolate & Texan pecan x4 264g","p":4.26,"u":"16,14 €/KG","img":"https://fd13-photos.leclercdrive.fr/image.ashx?id=2519900&use=l&cat=p&typeid=i","cat":284265},{"id":156423,"n":"Filets de poulet Auvergne NRT x2 Label Rouge - 265g","p":6.15,"u":"23,21 €/KG","img":"https://fd13-photos.leclercdrive.fr/image.ashx?id=2699834&use=l&cat=p&typeid=i","cat":284336},{"id":156428,"n":"Friandises chien Pedigree Schmackos volaille x20 - 144g","p":2.12,"u":"14,72 €/KG","img":"https://fd13-photos.leclercdrive.fr/image.ashx?id=2850174&use=l&cat=p&typeid=i","cat":294527},{"id":156476,"n":"Fromage Feta Grecque Islos AOP - 150g","p":2.8,"u":"18,67 €/KG","img":"https://fd13-photos.leclercdrive.fr/image.ashx?id=2892625&use=l&cat=p&typeid=i","cat":314026},{"id":156493,"n":"Petit pot bébé Blédina 6 mois  Légumes bœuf - 2x200g","p":2.2,"u":"5,50 €/KG","img":"https://fd13-photos.leclercdrive.fr/image.ashx?id=2968091&use=l&cat=p&typeid=i","cat":312236},{"id":156495,"n":"Petit pot bébé Blédina 6 mois Légumes lieu - 2x200g","p":1.82,"u":"4,55 €/KG","img":"https://fd13-photos.leclercdrive.fr/image.ashx?id=2935771&use=l&cat=p&typeid=i","cat":312236},{"id":156496,"n":"Petit pot bébé Blédina 6 mois Potimarron jambon - 2x200g","p":2.22,"u":"5,55 €/KG","img":"https://fd13-photos.leclercdrive.fr/image.ashx?id=2935768&use=l&cat=p&typeid=i","cat":312236},{"id":156497,"n":"Petit pot bébé Blédina 8 mois Riz ratatouille poisson -2x200g","p":2.19,"u":"5,48 €/KG","img":"https://fd13-photos.leclercdrive.fr/image.ashx?id=2911208&use=l&cat=p&typeid=i","cat":312236},{"id":156501,"n":"Petit pot bébé Blédina 6 mois Légumes jambon - 2x200g","p":2.2,"u":"5,50 €/KG","img":"https://fd13-photos.leclercdrive.fr/image.ashx?id=2948767&use=l&cat=p&typeid=i","cat":312236},{"id":156503,"n":"Petit pot bébé Blédina 6 mois  Légumes verts poulet - 2x200g","p":2.19,"u":"5,48 €/KG","img":"https://fd13-photos.leclercdrive.fr/image.ashx?id=2983063&use=l&cat=p&typeid=i","cat":312236},{"id":156527,"n":"Capsules Starbucks by Nespresso  Blonde Espresso Int 6 - x18","p":6.05,"u":"64,36 €/KG","img":"https://fd13-photos.leclercdrive.fr/image.ashx?id=2668177&use=l&cat=p&typeid=i","cat":284749},{"id":156538,"n":"Compote bébé Blédina 6 mois  Aux fruits - 4x130g","p":2.67,"u":"5,13 €/KG","img":"https://fd13-photos.leclercdrive.fr/image.ashx?id=2911196&use=l&cat=p&typeid=i","cat":312388},{"id":156539,"n":"Petit pot bébé Blédina 6 mois Semoule carotte dinde - 2x200g","p":2.19,"u":"5,48 €/KG","img":"https://fd13-photos.leclercdrive.fr/image.ashx?id=2935774&use=l&cat=p&typeid=i","cat":312236},{"id":156540,"n":"Petit pot bébé Blédina 6 mois Patate douce carotte-2x200g","p":1.92,"u":"4,80 €/KG","img":"https://fd13-photos.leclercdrive.fr/image.ashx?id=2951617&use=l&cat=p&typeid=i","cat":312235},{"id":156550,"n":"Petites Tartelettes Bonne Maman Chocolat caramel - 250g","p":2.44,"u":"9,76 €/KG","img":"https://fd13-photos.leclercdrive.fr/image.ashx?id=2962302&use=l&cat=p&typeid=i","cat":284488},{"id":156563,"n":"Petit pot bébé Blédina 6 mois Purée carotte jambon - 2x200g","p":2.09,"u":"5,23 €/KG","img":"https://fd13-photos.leclercdrive.fr/image.ashx?id=2935762&use=l&cat=p&typeid=i","cat":312236},{"id":156598,"n":"Biscuits fourrés bio Jardin Bio Chocolat - 300g","p":2.26,"u":"7,53 €/KG","img":"https://fd13-photos.leclercdrive.fr/image.ashx?id=2903353&use=l&cat=p&typeid=i","cat":284488},{"id":157530,"n":"Cahier grands carreaux Esquisse Bleu - 48 pages - 17x22cm","p":0.99,"img":"https://fd13-photos.leclercdrive.fr/image.ashx?id=2131407&use=l&cat=p&typeid=i","cat":284697},{"id":157531,"n":"Cahier grands carreaux Esquisse Rouge - 48 pages - 17x22cm","p":0.99,"img":"https://fd13-photos.leclercdrive.fr/image.ashx?id=2131410&use=l&cat=p&typeid=i","cat":284697},{"id":157532,"n":"Cahier grands carreaux Esquisse Vert - 48 pages -17x22cm","p":0.99,"img":"https://fd13-photos.leclercdrive.fr/image.ashx?id=2131413&use=l&cat=p&typeid=i","cat":284697},{"id":157533,"n":"Cahier grands carreaux Esquisse Jaune - 48 pages -17x22cm","p":0.99,"img":"https://fd13-photos.leclercdrive.fr/image.ashx?id=2131416&use=l&cat=p&typeid=i","cat":284697},{"id":157534,"n":"Cahier Esquisse 48 pages Bleu -grands carreaux-21x29,7cm","p":1.19,"img":"https://fd13-photos.leclercdrive.fr/image.ashx?id=2131419&use=l&cat=p&typeid=i","cat":284697},{"id":157535,"n":"Cahier Esquisse 48 pages Rouge-grands carreaux-21x29,7cm","p":1.19,"img":"https://fd13-photos.leclercdrive.fr/image.ashx?id=2131422&use=l&cat=p&typeid=i","cat":284697},{"id":157536,"n":"Cahier Esquisse 48 pages Vert -grands carreaux-21x29,7cm","p":1.19,"img":"https://fd13-photos.leclercdrive.fr/image.ashx?id=2131425&use=l&cat=p&typeid=i","cat":284697},{"id":157537,"n":"Cahier Esquisse 48 pages Jaune-grands carreaux-21x29,7cm","p":1.19,"img":"https://fd13-photos.leclercdrive.fr/image.ashx?id=2131428&use=l&cat=p&typeid=i","cat":284697},{"id":157538,"n":"Cahier Esquisse 48 pages Bleu -petits carreaux-21x29,7cm","p":1.19,"img":"https://fd13-photos.leclercdrive.fr/image.ashx?id=2131431&use=l&cat=p&typeid=i","cat":284697},{"id":157539,"n":"Cahier Esquisse 48 pages Rouge-petits carreaux-21x29,7cm","p":1.19,"img":"https://fd13-photos.leclercdrive.fr/image.ashx?id=2131434&use=l&cat=p&typeid=i","cat":284697},{"id":157540,"n":"Cahier Esquisse 48 pages Vert -petits carreaux-21x29,7cm","p":1.19,"img":"https://fd13-photos.leclercdrive.fr/image.ashx?id=2131437&use=l&cat=p&typeid=i","cat":284697},{"id":157541,"n":"Cahier Esquisse 48 pages Jaune-petits carreaux-21x29,7cm","p":1.19,"img":"https://fd13-photos.leclercdrive.fr/image.ashx?id=2131440&use=l&cat=p&typeid=i","cat":284697},{"id":157548,"n":"Cahier Esquisse 48 pages Vert - petits carreaux- 24x32cm","p":1.29,"img":"https://fd13-photos.leclercdrive.fr/image.ashx?id=2131461&use=l&cat=p&typeid=i","cat":284697},{"id":157655,"n":"Crème main Le Petit Marseillais Réparation - Karité - 75ml","p":2.98,"u":"39,73 €/L","img":"https://fd13-photos.leclercdrive.fr/image.ashx?id=2901893&use=l&cat=p&typeid=i","cat":325354},{"id":157737,"n":"Lingettes Démaquillantes Nivea Peaux Sèches - x20","p":1.85,"u":"0,09 €/P","img":"https://fd13-photos.leclercdrive.fr/image.ashx?id=3005227&use=l&cat=p&typeid=i","cat":284603},{"id":157777,"n":"Lave glace hiver TECH9 -30° - Dégivrant - 5L","p":6.99,"u":"1,40 €/L","img":"https://fd13-photos.leclercdrive.fr/image.ashx?id=2162702&use=l&cat=p&typeid=i","cat":298252},{"id":157960,"n":"Infusion minceur Bio Village Bio - x20 - 30g","p":1.55,"u":"51,67 €/KG","img":"https://fd13-photos.leclercdrive.fr/image.ashx?id=2553935&use=l&cat=p&typeid=i","cat":293234},{"id":157968,"n":"Capsules café Plantation Espresso Caramel n°7- x10 - 52g","p":2.4,"u":"46,15 €/KG","img":"https://fd13-photos.leclercdrive.fr/image.ashx?id=2929882&use=l&cat=p&typeid=i","cat":284749},{"id":158136,"n":"Jus multifruits nectar Jafaden Sans sucres ajoutés - 1L","p":1.79,"u":"1,79 €/L","img":"https://fd13-photos.leclercdrive.fr/image.ashx?id=2956780&use=l&cat=p&typeid=i","cat":284917},{"id":158181,"n":"Gel Douche Le Petit Marseillais  Bio peche & nectarine-250ml","p":2.08,"u":"8,32 €/L","img":"https://fd13-photos.leclercdrive.fr/image.ashx?id=2685141&use=l&cat=p&typeid=i","cat":284594},{"id":158190,"n":"Eau micellaire Nivea Aloe Vera bio - 400ml","p":3.16,"u":"7,90 €/L","img":"https://fd13-photos.leclercdrive.fr/image.ashx?id=2209576&use=l&cat=p&typeid=i","cat":284603},{"id":158195,"n":"Assouplissant Biovie Concentré à l'aloe vera bio -1L","p":4.39,"u":"4,39 €/L","img":"https://fd13-photos.leclercdrive.fr/image.ashx?id=2849977&use=l&cat=p&typeid=i","cat":284650},{"id":158235,"n":"Batonnets Oasis Fruits exotiques x10 - 400g","p":2.75,"u":"6,88 €/KG","img":"https://fd13-photos.leclercdrive.fr/image.ashx?id=2877868&use=l&cat=p&typeid=i","cat":284265},{"id":158285,"n":"Glace Ben & Jerry's Mini pots Cool-loction 4x100ml","p":6.2,"u":"21,53 €/KG","img":"https://fd13-photos.leclercdrive.fr/image.ashx?id=3009278&use=l&cat=p&typeid=i","cat":284725},{"id":158316,"n":"Stick lèvres Dermophil Réparateur Protecteur- 2 pièces","p":6.76,"u":"422,50 €/KG","img":"https://fd13-photos.leclercdrive.fr/image.ashx?id=2939772&use=l&cat=p&typeid=i","cat":285485},{"id":158364,"n":"Whisky Ballantine's 7 ans Blended Scotch 40% vol - 70cl","p":18.95,"pp":15.16,"u":"21,66 €/L","img":"https://fd13-photos.leclercdrive.fr/image.ashx?id=3000366&use=l&cat=p&typeid=i","cat":284547},{"id":158374,"n":"Shampoing Le Petit Marseillais  Thym & the vert - 250ml","p":2.21,"u":"8,84 €/L","img":"https://fd13-photos.leclercdrive.fr/image.ashx?id=2684176&use=l&cat=p&typeid=i","cat":284606},{"id":158390,"n":"Aiguillettes végétales HappyVore - 150g","p":3.58,"u":"23,87 €/KG","img":"https://fd13-photos.leclercdrive.fr/image.ashx?id=2787530&use=l&cat=p&typeid=i","cat":316036},{"id":158391,"n":"Nuggets végétaux HappyVore - 210g","p":3.63,"u":"17,29 €/KG","img":"https://fd13-photos.leclercdrive.fr/image.ashx?id=2965241&use=l&cat=p&typeid=i","cat":316036},{"id":158569,"n":"Blanc de poulet Tradilège Sans nitrite - 4 Tranches 120g","p":1.45,"u":"12,08 €/KG","img":"https://fd13-photos.leclercdrive.fr/image.ashx?id=2837105&use=l&cat=p&typeid=i","cat":316010},{"id":158571,"n":"Plat bébé Blédina 8 mois  Pâtes tomate boeuf - 2x200g","p":2.67,"u":"6,68 €/KG","img":"https://fd13-photos.leclercdrive.fr/image.ashx?id=2975092&use=l&cat=p&typeid=i","cat":312236},{"id":158575,"n":"Single malt Scotch Glenfiddich Tripple Oak 40%vol - 70cl 12ans","p":33.15,"u":"47,36 €/L","img":"https://fd13-photos.leclercdrive.fr/image.ashx?id=2131596&use=l&cat=p&typeid=i","cat":284547},{"id":158636,"n":"Cuisses de poulet Périgord NRT x2 Label Rouge - 500g","p":4.85,"u":"9,70 €/KG","img":"https://fd13-photos.leclercdrive.fr/image.ashx?id=2699843&use=l&cat=p&typeid=i","cat":284336},{"id":158647,"n":"Filets de poulet Périgord NRT x2 Label Rouge - 265g","p":5.99,"u":"22,60 €/KG","img":"https://fd13-photos.leclercdrive.fr/image.ashx?id=2699837&use=l&cat=p&typeid=i","cat":284336},{"id":158649,"n":"Lait céréales Blédidej 12 mois Biscuité vanille - 500ml","p":1.71,"u":"3,42 €/KG","img":"https://fd13-photos.leclercdrive.fr/image.ashx?id=2503728&use=l&cat=p&typeid=i","cat":312226},{"id":158779,"n":"Céréales Fitness  Chocolat au lait - 450g","p":3.01,"u":"6,69 €/KG","img":"https://fd13-photos.leclercdrive.fr/image.ashx?id=2922167&use=l&cat=p&typeid=i","cat":309512},{"id":158781,"n":"Céréales Fitness  Chocolat noir - 450g","p":3.12,"u":"6,93 €/KG","img":"https://fd13-photos.leclercdrive.fr/image.ashx?id=2922170&use=l&cat=p&typeid=i","cat":309512},{"id":158787,"n":"Petit pot bébé Blédina 6 mois Légume viande poisson - 8x200g","p":7.59,"u":"4,74 €/KG","img":"https://fd13-photos.leclercdrive.fr/image.ashx?id=2948773&use=l&cat=p&typeid=i","cat":312236},{"id":158789,"n":"Levure boulanger Vahiné x6 - 48g","p":1.02,"u":"21,25 €/KG","img":"https://fd13-photos.leclercdrive.fr/image.ashx?id=2559793&use=l&cat=p&typeid=i","cat":294686},{"id":158812,"n":"Nappage framboise Vahiné 155g","p":1.58,"u":"10,19 €/KG","img":"https://fd13-photos.leclercdrive.fr/image.ashx?id=2805267&use=l&cat=p&typeid=i","cat":284504},{"id":158817,"n":"Capsules café L'Or Espresso Bio N°7 x10","p":3.59,"u":"69,04 €/KG","img":"https://fd13-photos.leclercdrive.fr/image.ashx?id=2133545&use=l&cat=p&typeid=i","cat":284749},{"id":158845,"n":"Compote bébé Blédina 4-6 mois Pomme pêche - 4x130g","p":2.7,"u":"5,19 €/KG","img":"https://fd13-photos.leclercdrive.fr/image.ashx?id=2911199&use=l&cat=p&typeid=i","cat":312387},{"id":158936,"n":"Pains au lait La Boulangère x10 - 350g","p":1.96,"u":"5,60 €/KG","img":"https://fd13-photos.leclercdrive.fr/image.ashx?id=2912437&use=l&cat=p&typeid=i","cat":293505},{"id":158970,"n":"Sauce Tomacouli Panzani - 200G","p":0.84,"u":"4,20 €/KG","img":"https://fd13-photos.leclercdrive.fr/image.ashx?id=2872853&use=l&cat=p&typeid=i","cat":288384},{"id":158977,"n":"Tripe Paul et Louise 400g","p":2.31,"u":"5,78 €/KG","img":"https://fd13-photos.leclercdrive.fr/image.ashx?id=2367565&use=l&cat=p&typeid=i","cat":284441},{"id":159192,"n":"Cahier de textes Eco+ Licorne - 100 pages - 17x22cm","p":0.97,"img":"https://fd13-photos.leclercdrive.fr/image.ashx?id=2138121&use=l&cat=p&typeid=i","cat":334133},{"id":159209,"n":"Lasagne Lustucru Selection  250g","p":2.27,"u":"9,08 €/KG","img":"https://fd13-photos.leclercdrive.fr/image.ashx?id=2792396&use=l&cat=p&typeid=i","cat":333682},{"id":159212,"n":"Bloc WC Bref Deluxe Magnolia  Toilettes propres - 50g x1","p":1.84,"u":"36,80 €/KG","img":"https://fd13-photos.leclercdrive.fr/image.ashx?id=2907581&use=l&cat=p&typeid=i","cat":284662},{"id":159218,"n":"Cabillaud surgelé Filets Findus MSC - x4 - 400g","p":9.33,"u":"23,33 €/P","img":"https://fd13-photos.leclercdrive.fr/image.ashx?id=2735344&use=l&cat=p&typeid=i","cat":319786},{"id":159220,"n":"Dos de Cabillaud Findus MSC - x4 - 440g","p":11.29,"u":"25,66 €/KG","img":"https://fd13-photos.leclercdrive.fr/image.ashx?id=2735347&use=l&cat=p&typeid=i","cat":319786},{"id":159352,"n":"Concentré à diluer Pulco Citron Fraise - 70cl","p":2.7,"u":"3,86 €/L","img":"https://fd13-photos.leclercdrive.fr/image.ashx?id=2687782&use=l&cat=p&typeid=i","cat":295020},{"id":159378,"n":"Whisky Nikka Days 40% - 70cl","p":38.46,"u":"54,94 €/L","img":"https://fd13-photos.leclercdrive.fr/image.ashx?id=2735710&use=l&cat=p&typeid=i","cat":284547},{"id":159399,"n":"Saumon fumé ASC Mowi x4 - 130g","p":6.99,"u":"53,77 €/KG","img":"https://fd13-photos.leclercdrive.fr/image.ashx?id=3006193&use=l&cat=p&typeid=i","cat":285188},{"id":159423,"n":"Préparation Flan Entremets alsa Pistache - 192g","p":1.84,"u":"10,22 €/KG","img":"https://fd13-photos.leclercdrive.fr/image.ashx?id=2939181&use=l&cat=p&typeid=i","cat":284504},{"id":159448,"n":"Boisson aux fruits Jafun Pomme Cassis Framboise - 2L","p":1.49,"u":"0,75 €/L","img":"https://fd13-photos.leclercdrive.fr/image.ashx?id=2956924&use=l&cat=p&typeid=i","cat":295018},{"id":159512,"n":"Taboulé basilic Menu Fraicheur 300g","p":1.49,"u":"4,97 €/KG","img":"https://fd13-photos.leclercdrive.fr/image.ashx?id=2816600&use=l&cat=p&typeid=i","cat":333657},{"id":159548,"n":"Veau haché BioYooji 6 mois - 80g","p":3.99,"u":"49,88 €/KG","img":"https://fd13-photos.leclercdrive.fr/image.ashx?id=2832260&use=l&cat=p&typeid=i","cat":290631},{"id":159627,"n":"Fromage Fol Epi  Originale 8 Tranches - 150g","p":2.2,"u":"14,67 €/KG","img":"https://fd13-photos.leclercdrive.fr/image.ashx?id=2456801&use=l&cat=p&typeid=i","cat":314028},{"id":159701,"n":"Infusion à froid Elephant Detox - x15 sachets - 34g","p":3.39,"u":"99,71 €/KG","img":"https://fd13-photos.leclercdrive.fr/image.ashx?id=2515278&use=l&cat=p&typeid=i","cat":293234},{"id":159702,"n":"Piles alcalines Duracell Plus 9V 6LR61 MN1604 - x1","p":4.34,"img":"https://fd13-photos.leclercdrive.fr/image.ashx?id=2929113&use=l&cat=p&typeid=i","cat":300572},{"id":159703,"n":"Infusion à froid Elephant Boost - x15 sachets - 34g","p":3.39,"u":"99,71 €/KG","img":"https://fd13-photos.leclercdrive.fr/image.ashx?id=2507371&use=l&cat=p&typeid=i","cat":293234},{"id":159903,"n":"Boisson aux fruits Jafun Tropical - 2L","p":1.75,"u":"0,88 €/L","img":"https://fd13-photos.leclercdrive.fr/image.ashx?id=2897835&use=l&cat=p&typeid=i","cat":295018},{"id":159938,"n":"Desserts Lactés P'TIT BRASSE   Fraise BIO 6M+ - 4x90g","p":2.3,"u":"25,56 €/KG","img":"https://fd13-photos.leclercdrive.fr/image.ashx?id=2510202&use=l&cat=p&typeid=i","cat":312392},{"id":159965,"n":"Capsules Starbucks by Nespresso  Colombia Int 7 - x18","p":6.05,"u":"59,90 €/KG","img":"https://fd13-photos.leclercdrive.fr/image.ashx?id=2668174&use=l&cat=p&typeid=i","cat":284749},{"id":160008,"n":"Steak haché strié Bigard Pur Boeuf - 320g","p":5.96,"u":"18,63 €/KG","img":"https://fd13-photos.leclercdrive.fr/image.ashx?id=2208312&use=l&cat=p&typeid=i","cat":284332},{"id":160101,"n":"Yaourt brassé Perle de Lait Panaché - 8x125g","p":3.49,"u":"3,49 €/KG","img":"https://fd13-photos.leclercdrive.fr/image.ashx?id=2989222&use=l&cat=p&typeid=i","cat":286006},{"id":160134,"n":"Tartare Végétal Lait d'Amande  Ail et Fines Herbes - 140g","p":2.25,"u":"16,07 €/KG","img":"https://fd13-photos.leclercdrive.fr/image.ashx?id=2928618&use=l&cat=p&typeid=i","cat":316070},{"id":160238,"n":"Nappage Fruits rouges Vahiné 155g","p":1.87,"u":"12,06 €/KG","img":"https://fd13-photos.leclercdrive.fr/image.ashx?id=2805270&use=l&cat=p&typeid=i","cat":284504},{"id":160380,"n":"AOP Cairanne Bio Vignobles André Farjon - 75 cl","p":7.85,"u":"10,47 €/L","img":"https://fd13-photos.leclercdrive.fr/image.ashx?id=2735956&use=l&cat=p&typeid=i","cat":289556},{"id":160403,"n":"Filet de poulet Maitre Coq 1kg","p":10.11,"u":"10,11 €/KG","img":"https://fd13-photos.leclercdrive.fr/image.ashx?id=2551135&use=l&cat=p&typeid=i","cat":284336},{"id":160405,"n":"Pilon de poulet Maitre Coq Jaune - 1kg","p":5.75,"u":"5,75 €/KG","img":"https://fd13-photos.leclercdrive.fr/image.ashx?id=2551147&use=l&cat=p&typeid=i","cat":284336},{"id":160428,"n":"Lessive liquide fraicheur Epsil 40 lavages - 2L","p":4.6,"u":"2,30 €/L","img":"https://fd13-photos.leclercdrive.fr/image.ashx?id=2602982&use=l&cat=p&typeid=i","cat":284640},{"id":160429,"n":"Lessive liquide printemps Epsil 40 Lavages - 2L","p":4.6,"u":"2,30 €/L","img":"https://fd13-photos.leclercdrive.fr/image.ashx?id=2958347&use=l&cat=p&typeid=i","cat":284640},{"id":160430,"n":"Lessive liquide sensitive Epsil 40 lavages - 2L","p":5.99,"u":"3,00 €/L","img":"https://fd13-photos.leclercdrive.fr/image.ashx?id=2838951&use=l&cat=p&typeid=i","cat":284640},{"id":160638,"n":"Gazpacho l'Original Alvalle 2x1L","p":7.25,"u":"3,63 €/L","img":"https://fd13-photos.leclercdrive.fr/image.ashx?id=2338841&use=l&cat=p&typeid=i","cat":284355},{"id":160725,"n":"Asperges blanches Géant Vert grosses - 205g","p":3.61,"u":"17,61 €/KG","img":"https://fd13-photos.leclercdrive.fr/image.ashx?id=2840551&use=l&cat=p&typeid=i","cat":312611},{"id":160821,"n":"Onion rings Pickers by McCain 350g","p":3.17,"u":"9,06 €/KG","img":"https://fd13-photos.leclercdrive.fr/image.ashx?id=2920024&use=l&cat=p&typeid=i","cat":319822},{"id":161044,"n":"Mini poivrons mélange HVE Panier du Primeur - 200g","p":2.99,"u":"14,95 €/KG","img":"https://fd13-photos.leclercdrive.fr/image.ashx?id=2184371&use=l&cat=p&typeid=i","cat":284352},{"id":161082,"n":"Café capsules DOLCE GUSTO Starbucks vanilla macchiato 2x6","p":4.39,"u":"33,26 €/KG","img":"https://fd13-photos.leclercdrive.fr/image.ashx?id=2986912&use=l&cat=p&typeid=i","cat":293239},{"id":161093,"n":"Nettoyant ménager La Croix  spray cuisine sans javel- 500ml","p":2.25,"u":"4,50 €/L","img":"https://fd13-photos.leclercdrive.fr/image.ashx?id=2676918&use=l&cat=p&typeid=i","cat":325357},{"id":161098,"n":"Shampooing solide Bionaîa Cheveux normaux bio - 85g","p":2.99,"u":"35,18 €/KG","img":"https://fd13-photos.leclercdrive.fr/image.ashx?id=2835214&use=l&cat=p&typeid=i","cat":284606},{"id":161123,"n":"Boisson aux fruits Jafun Fraise Framboise - 2L","p":2.12,"u":"1,06 €/L","img":"https://fd13-photos.leclercdrive.fr/image.ashx?id=2865287&use=l&cat=p&typeid=i","cat":295018},{"id":161126,"n":"Boisson aux fruits Jafun Multifruits - 2L","p":1.99,"u":"1,00 €/L","img":"https://fd13-photos.leclercdrive.fr/image.ashx?id=2897832&use=l&cat=p&typeid=i","cat":295018},{"id":161130,"n":"Boissons à base de fruit Jafun Pêche Abricot - 2L","p":1.99,"u":"1,00 €/L","img":"https://fd13-photos.leclercdrive.fr/image.ashx?id=2865293&use=l&cat=p&typeid=i","cat":295018},{"id":161144,"n":"Boisson à base de fruits Jafun Pomme poire - 2L","p":2.23,"u":"1,12 €/L","img":"https://fd13-photos.leclercdrive.fr/image.ashx?id=2865302&use=l&cat=p&typeid=i","cat":295018},{"id":161413,"n":"Confiture fraises Léonce Blanc 70% de fruits - 320g","p":2.98,"u":"9,31 €/KG","img":"https://fd13-photos.leclercdrive.fr/image.ashx?id=2181164&use=l&cat=p&typeid=i","cat":284480},{"id":161415,"n":"Confiture aux abricots Léonce Blanc 70% de fruits-320g","p":3.15,"u":"9,84 €/KG","img":"https://fd13-photos.leclercdrive.fr/image.ashx?id=2181161&use=l&cat=p&typeid=i","cat":284480},{"id":161444,"n":"Déodorant Anti-Traces Grenade - Monsavon - x1","p":1.98,"img":"https://fd13-photos.leclercdrive.fr/image.ashx?id=2630847&use=l&cat=p&typeid=i","cat":284595},{"id":161619,"n":"IGP pâtes Grand-Mère Coquillettes - 500g","p":2.05,"u":"4,10 €/KG","img":"https://fd13-photos.leclercdrive.fr/image.ashx?id=2191993&use=l&cat=p&typeid=i","cat":284427},{"id":161846,"n":"Sucre roux Tablier blanc En morceaux - 1kg","p":1.81,"u":"1,81 €/KG","img":"https://fd13-photos.leclercdrive.fr/image.ashx?id=3010437&use=l&cat=p&typeid=i","cat":284502},{"id":162161,"n":"Compotes Pom'Potes Gourdes  5 Fruits Rouges&Jaunes -12x90g","p":5.86,"u":"5,43 €/KG","img":"https://fd13-photos.leclercdrive.fr/image.ashx?id=3010945&use=l&cat=p&typeid=i","cat":284508},{"id":162163,"n":"Compotes Pom'Potes Gourdes  Pomme, Pomme Fraise - 12x90g","p":6.13,"u":"5,68 €/KG","img":"https://fd13-photos.leclercdrive.fr/image.ashx?id=3007927&use=l&cat=p&typeid=i","cat":284508},{"id":162164,"n":"Compotes Pom'Potes Gourdes 5 Fruits Exotiques&Vert -12x90g","p":5.94,"u":"5,50 €/KG","img":"https://fd13-photos.leclercdrive.fr/image.ashx?id=3010948&use=l&cat=p&typeid=i","cat":284508},{"id":162271,"n":"Tablette de chocolat noir Lindt Intense 70% - 2x200g","p":6.46,"pp":4.26,"u":"10,65 €/KG","img":"https://fd13-photos.leclercdrive.fr/image.ashx?id=2208936&use=l&cat=p&typeid=i","cat":285562},{"id":162274,"n":"Sauce Crudités Benedicta  Nature légère - 295g","p":1.92,"u":"6,51 €/KG","img":"https://fd13-photos.leclercdrive.fr/image.ashx?id=2755206&use=l&cat=p&typeid=i","cat":284456},{"id":162358,"n":"Saucisson Mini Justin Bridou Bâton de Berger Noisette - 80g","p":3.3,"u":"41,25 €/KG","img":"https://fd13-photos.leclercdrive.fr/image.ashx?id=2165251&use=l&cat=p&typeid=i","cat":316006},{"id":162571,"n":"Sauce apéritif Doritos Goût fromage -280g","p":2.39,"u":"8,54 €/KG","img":"https://fd13-photos.leclercdrive.fr/image.ashx?id=2170208&use=l&cat=p&typeid=i","cat":284451},{"id":162572,"n":"Sauce apéritif Doritos Goût sour cream -280g","p":2.27,"u":"8,11 €/KG","img":"https://fd13-photos.leclercdrive.fr/image.ashx?id=2167528&use=l&cat=p&typeid=i","cat":284451},{"id":162583,"n":"Thon entier MSC Saupiquet Nature - 93g","p":2.07,"u":"22,26 €/KG","img":"https://fd13-photos.leclercdrive.fr/image.ashx?id=2731546&use=l&cat=p&typeid=i","cat":303867},{"id":162596,"n":"Boisson aux fruits Jafun Orange - 2L","p":1.49,"u":"0,75 €/L","img":"https://fd13-photos.leclercdrive.fr/image.ashx?id=2897829&use=l&cat=p&typeid=i","cat":295018},{"id":162613,"n":"Paëlla royale L'Atelier Traiteur - 900g","p":6.98,"u":"7,76 €/KG","img":"https://fd13-photos.leclercdrive.fr/image.ashx?id=3012451&use=l&cat=p&typeid=i","cat":333666},{"id":162614,"n":"Couscous L'Atelier Traiteur 900g","p":8.99,"u":"9,99 €/KG","img":"https://fd13-photos.leclercdrive.fr/image.ashx?id=2812614&use=l&cat=p&typeid=i","cat":333666},{"id":162718,"n":"Dentifrice Sensodyne Multi-protection - 2x75ml","p":6.23,"u":"41,53 €/L","img":"https://fd13-photos.leclercdrive.fr/image.ashx?id=2805183&use=l&cat=p&typeid=i","cat":284612},{"id":162720,"n":"Dentifrice Sensodyne Extra fresh - 2x 75ml","p":5.73,"u":"38,20 €/L","img":"https://fd13-photos.leclercdrive.fr/image.ashx?id=2829913&use=l&cat=p&typeid=i","cat":284612},{"id":162738,"n":"Shampooing Le Petit Marseillais Calendula & Coco - 2x 250ml","p":4.42,"u":"8,84 €/L","img":"https://fd13-photos.leclercdrive.fr/image.ashx?id=2668530&use=l&cat=p&typeid=i","cat":284606},{"id":162784,"n":"Filet de thon Pêche Océan Huile d'olive MSC - 185g","p":5.5,"u":"29,73 €/KG","img":"https://fd13-photos.leclercdrive.fr/image.ashx?id=2523374&use=l&cat=p&typeid=i","cat":303867},{"id":162823,"n":"Bière blonde La Bête 8° - 6x25cl","p":8.08,"u":"5,39 €/L","img":"https://fd13-photos.leclercdrive.fr/image.ashx?id=3011245&use=l&cat=p&typeid=i","cat":334872},{"id":163080,"n":"Mini Lion Nestlé Le lot de 6 paquets de 40g","p":3.2,"u":"13,33 €/KG","img":"https://fd13-photos.leclercdrive.fr/image.ashx?id=2763957&use=l&cat=p&typeid=i","cat":309513},{"id":163127,"n":"Thon entier nature MSC Saupiquet - 2x140g","p":4.48,"u":"16,00 €/KG","img":"https://fd13-photos.leclercdrive.fr/image.ashx?id=2860871&use=l&cat=p&typeid=i","cat":303867},{"id":163143,"n":"Dragibus Soft Haribo Sachet bonbons - 300g","p":1.35,"u":"4,50 €/KG","img":"https://fd13-photos.leclercdrive.fr/image.ashx?id=2806123&use=l&cat=p&typeid=i","cat":304250},{"id":163145,"n":"Dragibus Original Haribo Multipack bonbons - 250g","p":1.74,"u":"6,96 €/KG","img":"https://fd13-photos.leclercdrive.fr/image.ashx?id=2984943&use=l&cat=p&typeid=i","cat":304250},{"id":163147,"n":"Bonbons Haribo Dragolo - 750g","p":4.32,"u":"5,76 €/KG","img":"https://fd13-photos.leclercdrive.fr/image.ashx?id=2803586&use=l&cat=p&typeid=i","cat":304250},{"id":163162,"n":"Amandine aux poires La Laitière 4x85g","p":2.95,"u":"8,68 €/KG","img":"https://fd13-photos.leclercdrive.fr/image.ashx?id=2683640&use=l&cat=p&typeid=i","cat":284419},{"id":163179,"n":"Piles alcalines Duracell Plus C/LR14 1.5V MN1400 - x4","p":8.34,"u":"2,09 €/P","img":"https://fd13-photos.leclercdrive.fr/image.ashx?id=2929104&use=l&cat=p&typeid=i","cat":300572},{"id":163180,"n":"Piles alcalines Duracell Plus D/LR20 1.5V MN1300 - x4","p":8.34,"u":"2,09 €/P","img":"https://fd13-photos.leclercdrive.fr/image.ashx?id=2929110&use=l&cat=p&typeid=i","cat":300572},{"id":163192,"n":"Hachés moelleux Eco+ x4 - 400g","p":4.75,"u":"11,88 €/KG","img":"https://fd13-photos.leclercdrive.fr/image.ashx?id=2710906&use=l&cat=p&typeid=i","cat":284332},{"id":163336,"n":"Olives vertes dénoyautées Croc'Frais basilic - 150g","p":2.5,"u":"16,67 €/KG","img":"https://fd13-photos.leclercdrive.fr/image.ashx?id=2176347&use=l&cat=p&typeid=i","cat":316002},{"id":163355,"n":"Gobelets 10cl Homeside Décor café - x20","p":1.1,"u":"0,06 €/P","img":"https://fd13-photos.leclercdrive.fr/image.ashx?id=2177361&use=l&cat=p&typeid=i","cat":334134},{"id":163370,"n":"Thon entier Petit Navire MSC Nature - 3x112g","p":8.38,"u":"24,94 €/KG","img":"https://fd13-photos.leclercdrive.fr/image.ashx?id=2521921&use=l&cat=p&typeid=i","cat":303867},{"id":163418,"n":"Raclette gratte givre Manche mousse - 1 pièce","p":1.95,"img":"https://fd13-photos.leclercdrive.fr/image.ashx?id=2198098&use=l&cat=p&typeid=i","cat":298252},{"id":163420,"n":"Smarties Mini Bonbons Chocolats 21 boites - 315g","p":3.86,"u":"12,25 €/KG","img":"https://fd13-photos.leclercdrive.fr/image.ashx?id=2740862&use=l&cat=p&typeid=i","cat":304238},{"id":163434,"n":"Ampoule H1 + 50% de luminosité - x1","p":2.5,"img":"https://fd13-photos.leclercdrive.fr/image.ashx?id=2283570&use=l&cat=p&typeid=i","cat":300573},{"id":163435,"n":"Ampoules H7 + 50% de luminosité - x2","p":11.99,"u":"6,00 €/P","img":"https://fd13-photos.leclercdrive.fr/image.ashx?id=2283573&use=l&cat=p&typeid=i","cat":300573},{"id":163436,"n":"Ampoule H4 +50% de luminosité - x1","p":4.3,"img":"https://fd13-photos.leclercdrive.fr/image.ashx?id=2665883&use=l&cat=p&typeid=i","cat":300573},{"id":163437,"n":"Ampoule H7 + 50% de luminosité - x1","p":6.49,"img":"https://fd13-photos.leclercdrive.fr/image.ashx?id=2283610&use=l&cat=p&typeid=i","cat":300573},{"id":163438,"n":"Ampoules H4 + 50% de luminosité - x2","p":5.99,"u":"3,00 €/P","img":"https://fd13-photos.leclercdrive.fr/image.ashx?id=2283613&use=l&cat=p&typeid=i","cat":300573},{"id":163526,"n":"Petit pot bébé bledina 6 mois  Purée légumes agneau - 2x200g","p":2.19,"u":"5,48 €/KG","img":"https://fd13-photos.leclercdrive.fr/image.ashx?id=2976770&use=l&cat=p&typeid=i","cat":312236},{"id":163612,"n":"Rasoirs Bic Hybrid 5 Flex Rechargeables - x2","p":5.2,"u":"2,60 €/P","img":"https://fd13-photos.leclercdrive.fr/image.ashx?id=2771744&use=l&cat=p&typeid=i","cat":284616},{"id":163613,"n":"Mozzarella fromage râpé  Les Croisés - 150g","p":1.39,"u":"9,27 €/KG","img":"https://fd13-photos.leclercdrive.fr/image.ashx?id=2178848&use=l&cat=p&typeid=i","cat":314035},{"id":163706,"n":"Poisson Pané Cabillaud MSC Façon Fish & Chips x4 - 400g","p":6.74,"u":"16,85 €/KG","img":"https://fd13-photos.leclercdrive.fr/image.ashx?id=2985351&use=l&cat=p&typeid=i","cat":319788},{"id":163749,"n":"Mousseline Purina Gourmet Boeuf nappé de sauce - 4x57g","p":2.96,"u":"12,98 €/KG","img":"https://fd13-photos.leclercdrive.fr/image.ashx?id=2861773&use=l&cat=p&typeid=i","cat":285286},{"id":163750,"n":"Mousseline Purina Gourmet Poulet nappé de sauce - 4x57g","p":3.07,"u":"13,46 €/KG","img":"https://fd13-photos.leclercdrive.fr/image.ashx?id=2864197&use=l&cat=p&typeid=i","cat":285286},{"id":163930,"n":"Chorizo doux tranché L'Atelier Charcuterie - 100g","p":2.46,"u":"24,60 €/KG","img":"https://fd13-photos.leclercdrive.fr/image.ashx?id=2846574&use=l&cat=p&typeid=i","cat":316007},{"id":163931,"n":"Chiffonnade de chorizo L'Atelier Charcuterie - 80g","p":2.09,"u":"26,13 €/KG","img":"https://fd13-photos.leclercdrive.fr/image.ashx?id=2846577&use=l&cat=p&typeid=i","cat":316007},{"id":164235,"n":"Bière Triple Lefort 75cl","p":5.65,"u":"7,53 €/L","img":"https://fd13-photos.leclercdrive.fr/image.ashx?id=2398682&use=l&cat=p&typeid=i","cat":334872},{"id":164271,"n":"Café grains Méo  Excellence - 1kg","p":18.95,"u":"18,95 €/KG","img":"https://fd13-photos.leclercdrive.fr/image.ashx?id=2601521&use=l&cat=p&typeid=i","cat":293237},{"id":164448,"n":"Yaourt à la Grecque Yaos Coco - 4x125g + 2 offert","p":2.08,"u":"4,16 €/KG","img":"https://fd13-photos.leclercdrive.fr/image.ashx?id=2817314&use=l&cat=p&typeid=i","cat":314999},{"id":164449,"n":"Yaourt à la Grecque Yaos Citron - 4x125g + 2 offerts","p":2.19,"u":"2,92 €/KG","img":"https://fd13-photos.leclercdrive.fr/image.ashx?id=2561631&use=l&cat=p&typeid=i","cat":314999},{"id":164537,"n":"Duo poivre sel Sainte Lucie 63g","p":1.16,"u":"18,41 €/KG","img":"https://fd13-photos.leclercdrive.fr/image.ashx?id=2775065&use=l&cat=p&typeid=i","cat":284457},{"id":164542,"n":"Cumin entier Sainte Lucie 38g","p":1.95,"u":"51,32 €/KG","img":"https://fd13-photos.leclercdrive.fr/image.ashx?id=2774412&use=l&cat=p&typeid=i","cat":298297},{"id":164544,"n":"Colorants alimentaires Sainte L 30g","p":2.53,"u":"84,33 €/KG","img":"https://fd13-photos.leclercdrive.fr/image.ashx?id=2774319&use=l&cat=p&typeid=i","cat":284504},{"id":164546,"n":"Arôme naturel Sainte Lucie Citron - 20ml","p":2.29,"u":"114,50 €/L","img":"https://fd13-photos.leclercdrive.fr/image.ashx?id=2187745&use=l&cat=p&typeid=i","cat":284504},{"id":164547,"n":"Mélange pour paella Sainte Luci 55g","p":1.92,"u":"34,91 €/KG","img":"https://fd13-photos.leclercdrive.fr/image.ashx?id=2187763&use=l&cat=p&typeid=i","cat":298297},{"id":164550,"n":"Nappage caramel Sainte Lucie 200g","p":2.43,"u":"12,15 €/KG","img":"https://fd13-photos.leclercdrive.fr/image.ashx?id=2775709&use=l&cat=p&typeid=i","cat":284504},{"id":164552,"n":"Coriandre Sainte Lucie 25g","p":2.33,"u":"93,20 €/KG","img":"https://fd13-photos.leclercdrive.fr/image.ashx?id=2974333&use=l&cat=p&typeid=i","cat":298297},{"id":164602,"n":"Lessive liquide fraîcheur ECO+ 40 lavages - 2L","p":2.16,"u":"1,08 €/L","img":"https://fd13-photos.leclercdrive.fr/image.ashx?id=2597988&use=l&cat=p&typeid=i","cat":284640},{"id":164603,"n":"Lessive liquide fleurie Epsil 25 lavages - 1,25L","p":3.91,"u":"3,13 €/L","img":"https://fd13-photos.leclercdrive.fr/image.ashx?id=2603000&use=l&cat=p&typeid=i","cat":284640},{"id":164604,"n":"Lessive liquide fraîcheur Epsil 25 lavages - 1,25L","p":3.33,"u":"2,66 €/L","img":"https://fd13-photos.leclercdrive.fr/image.ashx?id=2602994&use=l&cat=p&typeid=i","cat":284640},{"id":164637,"n":"Sachets parfumés Pyrel Fraîcheur Lavande - 2x24","p":7.03,"u":"0,15 €/P","img":"https://fd13-photos.leclercdrive.fr/image.ashx?id=2372883&use=l&cat=p&typeid=i","cat":298368},{"id":164656,"n":"Jus de Citron Jardin Bio Etic bio -1L","p":6.09,"u":"6,09 €/L","img":"https://fd13-photos.leclercdrive.fr/image.ashx?id=3002102&use=l&cat=p&typeid=i","cat":288383},{"id":164869,"n":"Raclette nature pasteurisée L'Atelier Fromagerie - 250g","p":3.39,"u":"13,56 €/KG","img":"https://fd13-photos.leclercdrive.fr/image.ashx?id=2992678&use=l&cat=p&typeid=i","cat":314036},{"id":164870,"n":"Raclette au poivre pasteurisée L'Atelier Fromagerie - 250g","p":3.75,"u":"15,00 €/KG","img":"https://fd13-photos.leclercdrive.fr/image.ashx?id=2992681&use=l&cat=p&typeid=i","cat":314036},{"id":164871,"n":"Raclette fumée pasteurisée L'Atelier Fromagerie - 250g","p":3.75,"u":"15,00 €/KG","img":"https://fd13-photos.leclercdrive.fr/image.ashx?id=2992684&use=l&cat=p&typeid=i","cat":314036},{"id":164873,"n":"Raclette à l'oignon pasteurisée L'Atelier Fromagerie - 250g","p":3.75,"u":"15,00 €/KG","img":"https://fd13-photos.leclercdrive.fr/image.ashx?id=2992687&use=l&cat=p&typeid=i","cat":314036},{"id":165040,"n":"Diffuseur Glade avec bâtonnets Orange & Néroli - 80ml","p":7.34,"u":"91,75 €/L","img":"https://fd13-photos.leclercdrive.fr/image.ashx?id=2867710&use=l&cat=p&typeid=i","cat":311627},{"id":165049,"n":"Ail blanc Panier du Primeur x3","p":2.99,"u":"1,00 €/P","img":"https://fd13-photos.leclercdrive.fr/image.ashx?id=2959635&use=l&cat=p&typeid=i","cat":284352},{"id":165062,"n":"Gel Lubrifiant Intime Cherry Arome Cerise Durex 100ml","p":8.99,"u":"89,90 €/L","img":"https://fd13-photos.leclercdrive.fr/image.ashx?id=2960696&use=l&cat=p&typeid=i","cat":285160},{"id":165063,"n":"Gel Lubrifiant Intime Hot Durex Effet Chauffant Base Eau 100ml","p":8.99,"u":"89,90 €/L","img":"https://fd13-photos.leclercdrive.fr/image.ashx?id=2785487&use=l&cat=p&typeid=i","cat":285160},{"id":165064,"n":"Lessive poudre Eco + 60 lavages - 3kg","p":4.81,"u":"1,60 €/KG","img":"https://fd13-photos.leclercdrive.fr/image.ashx?id=2638524&use=l&cat=p&typeid=i","cat":284642},{"id":165131,"n":"Crème de cassis d'Anjou  Giffard 16% - 50cl","p":5.5,"pp":4.95,"u":"9,90 €/L","img":"https://fd13-photos.leclercdrive.fr/image.ashx?id=2219150&use=l&cat=p&typeid=i","cat":286032},{"id":165193,"n":"Croquette chat Perfect Fit  Natural Vitality poisson - 1kg","p":6.18,"u":"6,18 €/KG","img":"https://fd13-photos.leclercdrive.fr/image.ashx?id=2195068&use=l&cat=p&typeid=i","cat":284680},{"id":165194,"n":"Croquettes Pour Chat Perfect Fit - 1kg","p":6.84,"u":"6,84 €/KG","img":"https://fd13-photos.leclercdrive.fr/image.ashx?id=2195071&use=l&cat=p&typeid=i","cat":284680},{"id":165199,"n":"Pate à tartiner Bonne Maman Noisette et cacao - 360g","p":3.79,"u":"10,53 €/KG","img":"https://fd13-photos.leclercdrive.fr/image.ashx?id=2891106&use=l&cat=p&typeid=i","cat":284481},{"id":165605,"n":"Tenders de poulet Coté Croc  - 600g","p":6.23,"u":"10,38 €/KG","img":"https://fd13-photos.leclercdrive.fr/image.ashx?id=2974819&use=l&cat=p&typeid=i","cat":319780},{"id":165661,"n":"Brosse à dent Dentamyl Tête rechargeable souple - x1","p":1.17,"img":"https://fd13-photos.leclercdrive.fr/image.ashx?id=2791006&use=l&cat=p&typeid=i","cat":284614},{"id":165666,"n":"Confitures Léonce Blanc 70% 4 agrumes - 320g","p":2.88,"u":"9,00 €/KG","img":"https://fd13-photos.leclercdrive.fr/image.ashx?id=2362591&use=l&cat=p&typeid=i","cat":284480},{"id":165669,"n":"Tête de recharge Dentamyl Brosse à dent souple - x3","p":1.0,"u":"0,33 €/P","img":"https://fd13-photos.leclercdrive.fr/image.ashx?id=2791015&use=l&cat=p&typeid=i","cat":284614},{"id":165670,"n":"Tête de recharge Dentamyl Brosse à dent médium - x3","p":1.0,"u":"0,33 €/P","img":"https://fd13-photos.leclercdrive.fr/image.ashx?id=2791018&use=l&cat=p&typeid=i","cat":284614},{"id":165678,"n":"Crème Whisky Baileys Caramel salé 17% vol - 70cl","p":13.64,"u":"19,49 €/L","img":"https://fd13-photos.leclercdrive.fr/image.ashx?id=2351475&use=l&cat=p&typeid=i","cat":286032},{"id":165699,"n":"Chocolats à la liqueur Abtey Extra fins x17 - 240g","p":6.08,"u":"25,33 €/KG","img":"https://fd13-photos.leclercdrive.fr/image.ashx?id=2870263&use=l&cat=p&typeid=i","cat":327601},{"id":165700,"n":"Chocolats à la liqueur Abtey Poire Williams x11 - 240g","p":5.95,"u":"24,79 €/KG","img":"https://fd13-photos.leclercdrive.fr/image.ashx?id=2870266&use=l&cat=p&typeid=i","cat":327601},{"id":165769,"n":"After Eight Chocolat Noël Saveur fraise - 400g","p":8.18,"u":"20,45 €/KG","img":"https://fd13-photos.leclercdrive.fr/image.ashx?id=2451489&use=l&cat=p&typeid=i","cat":327595},{"id":165801,"n":"Sauce bolognaise Eco+ 420g","p":1.13,"u":"2,69 €/KG","img":"https://fd13-photos.leclercdrive.fr/image.ashx?id=2634845&use=l&cat=p&typeid=i","cat":287599},{"id":166304,"n":"Croquettes poisson pané Findus MSC Ail Fines Herbes x6 - 300g","p":2.9,"u":"9,67 €/KG","img":"https://fd13-photos.leclercdrive.fr/image.ashx?id=3008752&use=l&cat=p&typeid=i","cat":319788},{"id":166361,"n":"Poisson Colin Alaska Findus  Croustillant Bordelaise - 380g","p":4.25,"u":"11,18 €/KG","img":"https://fd13-photos.leclercdrive.fr/image.ashx?id=2278034&use=l&cat=p&typeid=i","cat":319788},{"id":166399,"n":"AOC Jurançon blanc Matayac Petit et Gros Manseng - 75cl","p":7.9,"pp":5.53,"u":"7,37 €/L","img":"https://fd13-photos.leclercdrive.fr/image.ashx?id=2792324&use=l&cat=p&typeid=i","cat":289557},{"id":166419,"n":"Signature Patato Pops McCain Pommes de terre - 650g","p":2.63,"u":"4,05 €/KG","img":"https://fd13-photos.leclercdrive.fr/image.ashx?id=2752233&use=l&cat=p&typeid=i","cat":319792},{"id":166460,"n":"Shampoing solide Ultra Doux Cheveux fragiles à secs - 60g","p":2.92,"u":"48,67 €/KG","img":"https://fd13-photos.leclercdrive.fr/image.ashx?id=2647095&use=l&cat=p&typeid=i","cat":284606},{"id":166485,"n":"Muesli aux fruits bio Happy Bio 375g","p":2.59,"u":"6,91 €/KG","img":"https://fd13-photos.leclercdrive.fr/image.ashx?id=2945520&use=l&cat=p&typeid=i","cat":309512},{"id":166486,"n":"Nectar Fruits du Verger Jafaden Sans sucre ajouté - 1L","p":1.59,"u":"1,59 €/L","img":"https://fd13-photos.leclercdrive.fr/image.ashx?id=2919658&use=l&cat=p&typeid=i","cat":284521},{"id":166488,"n":"Huile de coco désodorisée Bio Jardin Bio - 430ml","p":5.17,"u":"12,02 €/L","img":"https://fd13-photos.leclercdrive.fr/image.ashx?id=2811152&use=l&cat=p&typeid=i","cat":284453},{"id":166598,"n":"Sauce spaghetti bio Jardin Bio 510g","p":3.67,"u":"7,20 €/KG","img":"https://fd13-photos.leclercdrive.fr/image.ashx?id=2811164&use=l&cat=p&typeid=i","cat":288384},{"id":166601,"n":"Compote bio Jardin Bio Pomme banane - 680g","p":3.75,"u":"5,51 €/KG","img":"https://fd13-photos.leclercdrive.fr/image.ashx?id=2918307&use=l&cat=p&typeid=i","cat":284508},{"id":166674,"n":"Confiture Douceur du Verger Fraise - 750g","p":2.15,"u":"2,87 €/KG","img":"https://fd13-photos.leclercdrive.fr/image.ashx?id=2965545&use=l&cat=p&typeid=i","cat":284480},{"id":166675,"n":"Confiture Douceur du Verger Abricot - 370g","p":1.27,"u":"3,43 €/KG","img":"https://fd13-photos.leclercdrive.fr/image.ashx?id=2965572&use=l&cat=p&typeid=i","cat":284480},{"id":166740,"n":"Boisson énergisante Rockstar Original - 50cl","p":1.23,"u":"2,46 €/L","img":"https://fd13-photos.leclercdrive.fr/image.ashx?id=2689109&use=l&cat=p&typeid=i","cat":284533},{"id":166753,"n":"Apéritif Apérol Spritz 12.5% vol - 1L","p":15.08,"u":"15,08 €/L","img":"https://fd13-photos.leclercdrive.fr/image.ashx?id=2957287&use=l&cat=p&typeid=i","cat":286032},{"id":166756,"n":"Blanc de poulet Fleury Michon Sans nitrite x4 - 130g","p":1.91,"u":"14,69 €/KG","img":"https://fd13-photos.leclercdrive.fr/image.ashx?id=2954833&use=l&cat=p&typeid=i","cat":316010},{"id":166757,"n":"Filet de poulet rôti Fleury Michon sans nitrite x6 - 160g","p":2.86,"u":"17,88 €/KG","img":"https://fd13-photos.leclercdrive.fr/image.ashx?id=2954830&use=l&cat=p&typeid=i","cat":316010},{"id":166831,"n":"Mini batonnet surimi Pêche MSC Océan Avec mayonnaise - 210g","p":1.9,"u":"9,05 €/KG","img":"https://fd13-photos.leclercdrive.fr/image.ashx?id=2212039&use=l&cat=p&typeid=i","cat":285189},{"id":166893,"n":"Bonbons Trolli Pop eye 75g","p":1.88,"u":"25,07 €/KG","img":"https://fd13-photos.leclercdrive.fr/image.ashx?id=2854015&use=l&cat=p&typeid=i","cat":304250},{"id":167011,"n":"Pur jus de clémentine Jafaden 90cl","p":2.15,"u":"2,39 €/L","img":"https://fd13-photos.leclercdrive.fr/image.ashx?id=2723162&use=l&cat=p&typeid=i","cat":285435},{"id":167096,"n":"Vodka Cîroc Ultra Premium 40% vol - 70cl","p":30.36,"u":"43,37 €/L","img":"https://fd13-photos.leclercdrive.fr/image.ashx?id=2948411&use=l&cat=p&typeid=i","cat":284550},{"id":167099,"n":"Vodka Cîroc Ultra Premium Red Berry - 37.5% vol - 70cl","p":35.9,"u":"51,29 €/L","img":"https://fd13-photos.leclercdrive.fr/image.ashx?id=2215215&use=l&cat=p&typeid=i","cat":284550},{"id":167100,"n":"Vodka Cîroc Ultra Premium Coconut - 37.5% vol - 70cl","p":37.9,"u":"54,14 €/L","img":"https://fd13-photos.leclercdrive.fr/image.ashx?id=2215212&use=l&cat=p&typeid=i","cat":284550},{"id":167101,"n":"Vodka Cîroc Ultra Premium Mango - 37.5% vol - 70cl","p":38.06,"u":"54,37 €/L","img":"https://fd13-photos.leclercdrive.fr/image.ashx?id=2215209&use=l&cat=p&typeid=i","cat":284550},{"id":167104,"n":"Vodka Cîroc Ultra Premium Apple - 37.5% vol - 70cl","p":35.1,"u":"50,14 €/L","img":"https://fd13-photos.leclercdrive.fr/image.ashx?id=2215206&use=l&cat=p&typeid=i","cat":284550},{"id":167106,"n":"Vodka Cîroc Ultra Premium Pineapple - 37.5% vol - 70cl","p":37.9,"u":"54,14 €/L","img":"https://fd13-photos.leclercdrive.fr/image.ashx?id=2215203&use=l&cat=p&typeid=i","cat":284550},{"id":167107,"n":"Vodka Cîroc Ultra Premium Peach - 37.5% vol - 70cl","p":32.84,"u":"46,91 €/L","img":"https://fd13-photos.leclercdrive.fr/image.ashx?id=2215200&use=l&cat=p&typeid=i","cat":284550},{"id":167219,"n":"Calendrier de l'Avent After Eight Chocolat Noël 199g","p":10.17,"u":"51,11 €/KG","img":"https://fd13-photos.leclercdrive.fr/image.ashx?id=2764613&use=l&cat=p&typeid=i","cat":336112},{"id":167220,"n":"Calendrier de l'Avent Smarties chocolat Noël - 223g","p":13.49,"img":"https://fd13-photos.leclercdrive.fr/image.ashx?id=2960081&use=l&cat=p&typeid=i","cat":336112},{"id":167222,"n":"Calendrier de l'Avent Galak Chocolat Noël - 196,8g","p":11.0,"u":"55,84 €/KG","img":"https://fd13-photos.leclercdrive.fr/image.ashx?id=2902382&use=l&cat=p&typeid=i","cat":336112},{"id":167306,"n":"Soupe Déshydratée Oignon KNORR 4 portions - 94g","p":1.42,"u":"15,11 €/KG","img":"https://fd13-photos.leclercdrive.fr/image.ashx?id=2780088&use=l&cat=p&typeid=i","cat":284463},{"id":167338,"n":"Croustilles Star Belin Salé - 90g","p":1.54,"u":"17,11 €/KG","img":"https://fd13-photos.leclercdrive.fr/image.ashx?id=3002222&use=l&cat=p&typeid=i","cat":284449},{"id":167362,"n":"Chips Tuiles Pringles Sel et Vinaigre - 165g","p":1.96,"u":"11,88 €/KG","img":"https://fd13-photos.leclercdrive.fr/image.ashx?id=2661742&use=l&cat=p&typeid=i","cat":287899},{"id":167389,"n":"Pur jus d'orange Jafaden Sans pulpe - 90cl","p":2.15,"u":"2,39 €/L","img":"https://fd13-photos.leclercdrive.fr/image.ashx?id=2723159&use=l&cat=p&typeid=i","cat":285435},{"id":167390,"n":"Pur jus de pamplemousse Jafaden Avec pulpe - 90cl","p":1.88,"u":"2,09 €/L","img":"https://fd13-photos.leclercdrive.fr/image.ashx?id=2819639&use=l&cat=p&typeid=i","cat":285435},{"id":167391,"n":"Jus de pomme Jafaden 90cl","p":1.91,"u":"2,12 €/L","img":"https://fd13-photos.leclercdrive.fr/image.ashx?id=2723171&use=l&cat=p&typeid=i","cat":285435},{"id":167392,"n":"Jus d'ananas Jafaden 90cl","p":2.21,"u":"2,46 €/L","img":"https://fd13-photos.leclercdrive.fr/image.ashx?id=2819642&use=l&cat=p&typeid=i","cat":285435},{"id":167393,"n":"Boisson au jus de citron Jafaden - 90cl","p":1.87,"u":"2,08 €/L","img":"https://fd13-photos.leclercdrive.fr/image.ashx?id=2723177&use=l&cat=p&typeid=i","cat":285435},{"id":167394,"n":"Pur jus multifruits Jafaden Pomme pêche abricot - 90cl","p":2.09,"u":"2,32 €/L","img":"https://fd13-photos.leclercdrive.fr/image.ashx?id=2723180&use=l&cat=p&typeid=i","cat":285435},{"id":167395,"n":"Pur jus d'orange frais Jafaden Avec pulpe - 1,5L","p":3.66,"u":"2,44 €/L","img":"https://fd13-photos.leclercdrive.fr/image.ashx?id=2916719&use=l&cat=p&typeid=i","cat":285435},{"id":167397,"n":"Pur jus d'orange Jafaden Avec pulpe - 90cl","p":2.21,"u":"2,46 €/L","img":"https://fd13-photos.leclercdrive.fr/image.ashx?id=2723156&use=l&cat=p&typeid=i","cat":285435},{"id":167416,"n":"Gel douche Le Petit Marseillais Noix de coco - 250ml","p":1.49,"u":"5,96 €/L","img":"https://fd13-photos.leclercdrive.fr/image.ashx?id=2681856&use=l&cat=p&typeid=i","cat":284594},{"id":167454,"n":"Crok fondant noisette moins 30%  sucres Terres et Céréales-375g","p":4.73,"u":"12,61 €/KG","img":"https://fd13-photos.leclercdrive.fr/image.ashx?id=2672296&use=l&cat=p&typeid=i","cat":309513},{"id":167529,"n":"Lait bébé en poudre Gallia Calisma 1er âge 0-6 mois 830g","p":16.09,"u":"19,39 €/KG","img":"https://fd13-photos.leclercdrive.fr/image.ashx?id=2456201&use=l&cat=p&typeid=i","cat":284726},{"id":167530,"n":"Lait bébé en poudre Gallia Calisma 2e âge 6-12 mois 830g","p":15.8,"u":"19,04 €/KG","img":"https://fd13-photos.leclercdrive.fr/image.ashx?id=2479730&use=l&cat=p&typeid=i","cat":284727},{"id":167531,"n":"Lait bébé poudre Gallia Relais Calisma  1er âge 0-6 mois 830g","p":19.54,"u":"23,54 €/KG","img":"https://fd13-photos.leclercdrive.fr/image.ashx?id=2462460&use=l&cat=p&typeid=i","cat":284726},{"id":167532,"n":"Lait bébé poudre Gallia Relais Calisma 2e âge 6-12 mois 830g","p":18.38,"u":"22,14 €/KG","img":"https://fd13-photos.leclercdrive.fr/image.ashx?id=2911217&use=l&cat=p&typeid=i","cat":284727},{"id":167533,"n":"Tagliatelle Lustucru Selection  360g","p":1.44,"u":"4,00 €/KG","img":"https://fd13-photos.leclercdrive.fr/image.ashx?id=2885351&use=l&cat=p&typeid=i","cat":333682},{"id":167534,"n":"Tagliatelle Lustucru Selection  Maxi 600g","p":2.36,"u":"3,93 €/KG","img":"https://fd13-photos.leclercdrive.fr/image.ashx?id=2792399&use=l&cat=p&typeid=i","cat":333682},{"id":167588,"n":"Cuisse de lapin à l'échalote Les Cuisines d'Armor - 1.8kg","p":20.29,"u":"11,27 €/KG","img":"https://fd13-photos.leclercdrive.fr/image.ashx?id=2217654&use=l&cat=p&typeid=i","cat":333666},{"id":167612,"n":"Lessive Epsil Perfect Tri Doses Pure fraîcheur x20 - 490ml","p":4.99,"u":"10,18 €/L","img":"https://fd13-photos.leclercdrive.fr/image.ashx?id=2450122&use=l&cat=p&typeid=i","cat":284641},{"id":167646,"n":"Rhum Havana Club Cuban Spiced 35% vol - 70cl","p":19.9,"u":"28,43 €/L","img":"https://fd13-photos.leclercdrive.fr/image.ashx?id=2839415&use=l&cat=p&typeid=i","cat":284550},{"id":167868,"n":"Couscous parfumé Tipiak Aux épices du monde - 4x65g","p":1.92,"u":"7,38 €/KG","img":"https://fd13-photos.leclercdrive.fr/image.ashx?id=2846694&use=l&cat=p&typeid=i","cat":284429},{"id":167918,"n":"Multipack pikabouuuh 240g","p":2.39,"u":"9,96 €/KG","img":"https://fd13-photos.leclercdrive.fr/image.ashx?id=2913202&use=l&cat=p&typeid=i","cat":304250},{"id":167921,"n":"Bottle Mix Lutti 300g","p":2.49,"u":"8,30 €/KG","img":"https://fd13-photos.leclercdrive.fr/image.ashx?id=2524068&use=l&cat=p&typeid=i","cat":304250},{"id":167922,"n":"Sodiafizz Lutti 300g","p":1.69,"u":"5,63 €/KG","img":"https://fd13-photos.leclercdrive.fr/image.ashx?id=2857033&use=l&cat=p&typeid=i","cat":304250},{"id":167923,"n":"Mini bottle Mix Lutti 300g","p":2.49,"u":"8,30 €/KG","img":"https://fd13-photos.leclercdrive.fr/image.ashx?id=2524071&use=l&cat=p&typeid=i","cat":304250},{"id":168043,"n":"Liqueur de menthe Get Essentiel 17,9° - 70cl","p":13.23,"u":"18,90 €/L","img":"https://fd13-photos.leclercdrive.fr/image.ashx?id=2858267&use=l&cat=p&typeid=i","cat":286032},{"id":168168,"n":"Huile d'olive Cauvin Vierge Extra - 75cl","p":9.48,"u":"12,64 €/L","img":"https://fd13-photos.leclercdrive.fr/image.ashx?id=2498353&use=l&cat=p&typeid=i","cat":284453},{"id":168169,"n":"Ferments Lactiques Tablier Blanc - 8g","p":2.42,"u":"302,50 €/KG","img":"https://fd13-photos.leclercdrive.fr/image.ashx?id=2900355&use=l&cat=p&typeid=i","cat":284504},{"id":168301,"n":"Skyr Yoplait  Nature 0%Mg - 850g","p":3.21,"u":"3,78 €/KG","img":"https://fd13-photos.leclercdrive.fr/image.ashx?id=2884444&use=l&cat=p&typeid=i","cat":315000},{"id":168307,"n":"Poulet émincé Isla Délice Spécial Kebab's - 400g","p":5.97,"u":"14,93 €/KG","img":"https://fd13-photos.leclercdrive.fr/image.ashx?id=2226457&use=l&cat=p&typeid=i","cat":319780},{"id":168308,"n":"Crème dessert végétal Sojasun Noisette Amande - 4x100g","p":1.71,"u":"17,10 €/KG","img":"https://fd13-photos.leclercdrive.fr/image.ashx?id=2355689&use=l&cat=p&typeid=i","cat":316071},{"id":168569,"n":"Boulettes au bœuf Charal x30 - 900g","p":8.49,"u":"9,43 €/KG","img":"https://fd13-photos.leclercdrive.fr/image.ashx?id=2901845&use=l&cat=p&typeid=i","cat":319779},{"id":168656,"n":"Schoko-bons white Kinder Chocolat - 300g","p":6.58,"u":"21,93 €/KG","img":"https://fd13-photos.leclercdrive.fr/image.ashx?id=2918071&use=l&cat=p&typeid=i","cat":327592},{"id":168990,"n":"Burgers Eco+ x10 - 1kg","p":6.53,"u":"6,53 €/KG","img":"https://fd13-photos.leclercdrive.fr/image.ashx?id=2966523&use=l&cat=p&typeid=i","cat":319778},{"id":168992,"n":"Nuggets de volaille Eco+ 500g","p":2.18,"u":"4,36 €/KG","img":"https://fd13-photos.leclercdrive.fr/image.ashx?id=2842997&use=l&cat=p&typeid=i","cat":319780},{"id":168994,"n":"Yaourt Enfant Petits Filous Tubs Aromatisés - x15","p":3.15,"u":"5,68 €/KG","img":"https://fd13-photos.leclercdrive.fr/image.ashx?id=2811038&use=l&cat=p&typeid=i","cat":284415},{"id":168995,"n":"Yaourt brassé Perle de Lait Vanille - 4x125g","p":1.98,"u":"3,96 €/KG","img":"https://fd13-photos.leclercdrive.fr/image.ashx?id=2939715&use=l&cat=p&typeid=i","cat":314999},{"id":168996,"n":"Yaourt brassé Perle de Lait Nature - 6x125g","p":2.46,"u":"3,28 €/KG","img":"https://fd13-photos.leclercdrive.fr/image.ashx?id=2994199&use=l&cat=p&typeid=i","cat":314999},{"id":169003,"n":"Yaourt brassé Perle de Lait Nature - 4x125g","p":1.88,"u":"3,76 €/KG","img":"https://fd13-photos.leclercdrive.fr/image.ashx?id=2939706&use=l&cat=p&typeid=i","cat":314999},{"id":169006,"n":"Cocktail de fruits de mer Eco+ Précuit - 500g","p":3.77,"u":"7,54 €/KG","img":"https://fd13-photos.leclercdrive.fr/image.ashx?id=2800219&use=l&cat=p&typeid=i","cat":319787},{"id":169026,"n":"Pané de colin d'Alaska Eco+ x5 - 800g","p":4.49,"u":"5,61 €/KG","img":"https://fd13-photos.leclercdrive.fr/image.ashx?id=2804323&use=l&cat=p&typeid=i","cat":319788},{"id":169057,"n":"Pizza Margherita Eco+ x3 - 900g","p":2.62,"u":"2,91 €/KG","img":"https://fd13-photos.leclercdrive.fr/image.ashx?id=2781176&use=l&cat=p&typeid=i","cat":284256},{"id":169072,"n":"Yaourt brassé Perle de Lait Citron  - 4x125g","p":2.01,"u":"4,19 €/P","img":"https://fd13-photos.leclercdrive.fr/image.ashx?id=2939712&use=l&cat=p&typeid=i","cat":314999},{"id":169077,"n":"Café en Grains Carte Noire Bio Pérou Bio - 500g","p":14.75,"u":"29,50 €/KG","img":"https://fd13-photos.leclercdrive.fr/image.ashx?id=2918056&use=l&cat=p&typeid=i","cat":293237},{"id":169085,"n":"Seau boule de graines Pictou x50 - 4.5kg","p":9.5,"u":"2,11 €/KG","img":"https://fd13-photos.leclercdrive.fr/image.ashx?id=2879700&use=l&cat=p&typeid=i","cat":284678},{"id":169190,"n":"Dessert Materne Gourdes  Végétal Chocolat - 4x85g","p":2.17,"u":"6,38 €/KG","img":"https://fd13-photos.leclercdrive.fr/image.ashx?id=2563232&use=l&cat=p&typeid=i","cat":284506},{"id":169216,"n":"Yaourt brassé Perle de Lait Coco - 4x125g","p":2.02,"u":"4,04 €/KG","img":"https://fd13-photos.leclercdrive.fr/image.ashx?id=2939709&use=l&cat=p&typeid=i","cat":286006},{"id":169218,"n":"Yaourt brassé Perle de Lait Nature - 8x125g","p":3.31,"u":"3,31 €/KG","img":"https://fd13-photos.leclercdrive.fr/image.ashx?id=2989225&use=l&cat=p&typeid=i","cat":284409},{"id":169297,"n":"Soupe Velouté de Poireaux Knorr - 1L","p":2.32,"u":"2,32 €/L","img":"https://fd13-photos.leclercdrive.fr/image.ashx?id=2395814&use=l&cat=p&typeid=i","cat":284462},{"id":169298,"n":"Velouté Carottes Française Knorr - 1L","p":3.01,"u":"3,01 €/L","img":"https://fd13-photos.leclercdrive.fr/image.ashx?id=2395811&use=l&cat=p&typeid=i","cat":284463},{"id":169342,"n":"Lardons fumés Herta 200g","p":2.16,"u":"10,80 €/KG","img":"https://fd13-photos.leclercdrive.fr/image.ashx?id=2939307&use=l&cat=p&typeid=i","cat":316011},{"id":169344,"n":"Lardons fumés Herta Sans nitrite - 2x75g","p":1.8,"u":"12,00 €/KG","img":"https://fd13-photos.leclercdrive.fr/image.ashx?id=2731369&use=l&cat=p&typeid=i","cat":316011},{"id":169345,"n":"Lardons nature Herta 200g","p":2.16,"u":"10,80 €/KG","img":"https://fd13-photos.leclercdrive.fr/image.ashx?id=2731357&use=l&cat=p&typeid=i","cat":316011},{"id":169346,"n":"Allumettes fumées Herta Sans nitrite - 2x75g","p":1.88,"u":"12,53 €/KG","img":"https://fd13-photos.leclercdrive.fr/image.ashx?id=2868903&use=l&cat=p&typeid=i","cat":316011},{"id":169347,"n":"Allumettes nature Herta Sans nitrite - 2x75g","p":1.96,"u":"13,07 €/KG","img":"https://fd13-photos.leclercdrive.fr/image.ashx?id=2868906&use=l&cat=p&typeid=i","cat":316011},{"id":169353,"n":"Pâte feuilletée Herta Tarte en Or - 230g","p":0.94,"u":"4,09 €/KG","img":"https://fd13-photos.leclercdrive.fr/image.ashx?id=2918658&use=l&cat=p&typeid=i","cat":333681},{"id":169354,"n":"Pâte brisée Herta Tarte en Or - 230g","p":1.04,"u":"4,52 €/KG","img":"https://fd13-photos.leclercdrive.fr/image.ashx?id=2739189&use=l&cat=p&typeid=i","cat":333681},{"id":169430,"n":"Tendres Effilés en Gelée Felix Selection campagne 12x85g","p":4.97,"u":"4,87 €/KG","img":"https://fd13-photos.leclercdrive.fr/image.ashx?id=2957668&use=l&cat=p&typeid=i","cat":285286},{"id":169432,"n":"Tendres Effilés en Gelée Felix Selection mixte - 24x85g","p":8.87,"u":"4,35 €/KG","img":"https://fd13-photos.leclercdrive.fr/image.ashx?id=2869651&use=l&cat=p&typeid=i","cat":285286},{"id":169443,"n":"Tendres Effilés Gelée 44x85g","p":17.28,"u":"4,62 €/KG","img":"https://fd13-photos.leclercdrive.fr/image.ashx?id=2957674&use=l&cat=p&typeid=i","cat":285286},{"id":169445,"n":"Duos en gelée Felix Selection campagne - 44x85g","p":16.93,"u":"4,53 €/KG","img":"https://fd13-photos.leclercdrive.fr/image.ashx?id=2976857&use=l&cat=p&typeid=i","cat":285286},{"id":169447,"n":"Emincés En Gelée Felix Selection mixte - 12x85g","p":4.19,"u":"4,11 €/KG","img":"https://fd13-photos.leclercdrive.fr/image.ashx?id=2869657&use=l&cat=p&typeid=i","cat":285286},{"id":169448,"n":"Emincés En Gelée  Felix Volaille légumes - 12x85g","p":4.19,"u":"4,11 €/KG","img":"https://fd13-photos.leclercdrive.fr/image.ashx?id=2909212&use=l&cat=p&typeid=i","cat":285286},{"id":169511,"n":"Margarine Oméga 3 Fruit d'Or Sans huile de palme - 450g","p":2.88,"u":"6,40 €/KG","img":"https://fd13-photos.leclercdrive.fr/image.ashx?id=2887329&use=l&cat=p&typeid=i","cat":315229},{"id":170434,"n":"Matelote de thon D'Aucy Petits légumes 300g","p":2.97,"u":"9,90 €/KG","img":"https://fd13-photos.leclercdrive.fr/image.ashx?id=2247538&use=l&cat=p&typeid=i","cat":284953},{"id":170561,"n":"Friandises chien Tous mes Amis Sticks au Boeuf - 3x11g","p":0.5,"u":"15,15 €/KG","img":"https://fd13-photos.leclercdrive.fr/image.ashx?id=2302265&use=l&cat=p&typeid=i","cat":294527},{"id":170569,"n":"Whisky Single Malt The Deveron 40° - 70cl","p":26.0,"u":"37,14 €/L","img":"https://fd13-photos.leclercdrive.fr/image.ashx?id=2246159&use=l&cat=p&typeid=i","cat":284547},{"id":170894,"n":"Coquille St Jacques Label Rouge Celtigel - x 4","p":11.45,"u":"31,81 €/KG","img":"https://fd13-photos.leclercdrive.fr/image.ashx?id=2265924&use=l&cat=p&typeid=i","cat":319787},{"id":170935,"n":"Rhum Havana Club 3 ans 37,5% vol - 1L","p":23.42,"u":"23,42 €/L","img":"https://fd13-photos.leclercdrive.fr/image.ashx?id=2953992&use=l&cat=p&typeid=i","cat":284550},{"id":171068,"n":"Gel douche So Bio Etic Fleur d'oranger bio - 450ml","p":5.77,"u":"12,82 €/L","img":"https://fd13-photos.leclercdrive.fr/image.ashx?id=2794487&use=l&cat=p&typeid=i","cat":284594},{"id":171070,"n":"Gel douche So Bio Etic Abricot bio - 450ml","p":4.29,"u":"9,53 €/L","img":"https://fd13-photos.leclercdrive.fr/image.ashx?id=2793629&use=l&cat=p&typeid=i","cat":284594},{"id":171131,"n":"Pétillant D'artigny Sans Alcool - 75cl","p":5.94,"u":"7,92 €/L","img":"https://fd13-photos.leclercdrive.fr/image.ashx?id=2854312&use=l&cat=p&typeid=i","cat":289460},{"id":171187,"n":"Barres glacées Snickers  Caramel & Cacahuètes x12 - 547g","p":5.05,"u":"9,23 €/KG","img":"https://fd13-photos.leclercdrive.fr/image.ashx?id=2295505&use=l&cat=p&typeid=i","cat":284264},{"id":171188,"n":"Glace Barre Glacée Snickers  Caramel & Cacahuètes x6 - 274g","p":2.84,"u":"10,36 €/KG","img":"https://fd13-photos.leclercdrive.fr/image.ashx?id=2295508&use=l&cat=p&typeid=i","cat":284264},{"id":171191,"n":"Barre glacée Mars  Caramel x6 - 240g","p":3.16,"img":"https://fd13-photos.leclercdrive.fr/image.ashx?id=2295924&use=l&cat=p&typeid=i","cat":284264},{"id":171409,"n":"Sac poubelle Elembal 50L - x40","p":5.99,"u":"0,15 €/P","img":"https://fd13-photos.leclercdrive.fr/image.ashx?id=2793311&use=l&cat=p&typeid=i","cat":285168},{"id":171836,"n":"Céréales Trésor Kellogg's Chocolat au lait - 620g","p":4.39,"u":"7,08 €/KG","img":"https://fd13-photos.leclercdrive.fr/image.ashx?id=2598334&use=l&cat=p&typeid=i","cat":309513},{"id":172592,"n":"Fromage blanc 0%MG Light & Free Vanille - 4x120g","p":2.19,"u":"4,56 €/KG","img":"https://fd13-photos.leclercdrive.fr/image.ashx?id=3008005&use=l&cat=p&typeid=i","cat":315000},{"id":172600,"n":"Yaourt 0%MG Light & Free Aux fruits panachés - 16x125g","p":5.44,"u":"2,72 €/KG","img":"https://fd13-photos.leclercdrive.fr/image.ashx?id=2741685&use=l&cat=p&typeid=i","cat":315000},{"id":172731,"n":"Tablette chocolat Milka Chocolat au lait - 3x100g","p":4.23,"u":"14,10 €/KG","img":"https://fd13-photos.leclercdrive.fr/image.ashx?id=3009137&use=l&cat=p&typeid=i","cat":284497},{"id":173147,"n":"Lingettes Swiffer pour balai Attrape poussière - x14","p":6.72,"u":"0,48 €/P","img":"https://fd13-photos.leclercdrive.fr/image.ashx?id=2964084&use=l&cat=p&typeid=i","cat":325364},{"id":173243,"n":"Paté épicé Hénaff 3x76g","p":3.78,"u":"16,58 €/KG","img":"https://fd13-photos.leclercdrive.fr/image.ashx?id=2407631&use=l&cat=p&typeid=i","cat":305149},{"id":173442,"n":"Beurre doux Tendrissime Président - 225g","p":2.93,"u":"13,02 €/KG","img":"https://fd13-photos.leclercdrive.fr/image.ashx?id=2657415&use=l&cat=p&typeid=i","cat":284379},{"id":173448,"n":"Cacahuètes Curly Sweety Caramélisées - 150g","p":1.65,"u":"11,00 €/KG","img":"https://fd13-photos.leclercdrive.fr/image.ashx?id=2599233&use=l&cat=p&typeid=i","cat":284449},{"id":173991,"n":"Poulet Korma Paul et Louise Et son riz - 300g","p":2.8,"u":"9,33 €/KG","img":"https://fd13-photos.leclercdrive.fr/image.ashx?id=3008467&use=l&cat=p&typeid=i","cat":284953},{"id":174145,"n":"Confiture Douceur du Verger Cerises - 370 g","p":1.27,"u":"3,43 €/KG","img":"https://fd13-photos.leclercdrive.fr/image.ashx?id=2965599&use=l&cat=p&typeid=i","cat":284480},{"id":174148,"n":"Confiture Douceur du Verger Pêches - 370 g","p":1.6,"u":"4,32 €/KG","img":"https://fd13-photos.leclercdrive.fr/image.ashx?id=2965602&use=l&cat=p&typeid=i","cat":284480},{"id":174149,"n":"Confiture Douceur du Verger Fraises - 370 g","p":1.12,"u":"3,03 €/KG","img":"https://fd13-photos.leclercdrive.fr/image.ashx?id=2965539&use=l&cat=p&typeid=i","cat":284480},{"id":174150,"n":"Confiture Douceur du Verger Framboises - 370 g","p":1.99,"u":"5,38 €/KG","img":"https://fd13-photos.leclercdrive.fr/image.ashx?id=2965575&use=l&cat=p&typeid=i","cat":284480},{"id":174151,"n":"Confiture Douceur du Verger 4 fruits rouges - 370 g","p":1.18,"u":"3,19 €/KG","img":"https://fd13-photos.leclercdrive.fr/image.ashx?id=2965551&use=l&cat=p&typeid=i","cat":284480},{"id":174156,"n":"Sauce tomates cuisinées Panzani 425g","p":1.68,"u":"3,95 €/KG","img":"https://fd13-photos.leclercdrive.fr/image.ashx?id=2977276&use=l&cat=p&typeid=i","cat":288384},{"id":174157,"n":"Sauce Tomate Basilic Panzani - 400G","p":2.02,"u":"5,05 €/KG","img":"https://fd13-photos.leclercdrive.fr/image.ashx?id=2968088&use=l&cat=p&typeid=i","cat":288384},{"id":174158,"n":"Sauce Tomate Provençale Panzani - 650G","p":2.09,"u":"3,22 €/KG","img":"https://fd13-photos.leclercdrive.fr/image.ashx?id=2977942&use=l&cat=p&typeid=i","cat":299047},{"id":174159,"n":"Sauce Tomate Basilic Panzani - 650G","p":2.45,"u":"3,77 €/KG","img":"https://fd13-photos.leclercdrive.fr/image.ashx?id=2977945&use=l&cat=p&typeid=i","cat":288384},{"id":174189,"n":"Beignets de calamar Eco+ 500g","p":2.46,"u":"4,92 €/KG","img":"https://fd13-photos.leclercdrive.fr/image.ashx?id=2690955&use=l&cat=p&typeid=i","cat":319788},{"id":174192,"n":"Filet de saumon de Norvège ASC  L'Atelier Poissonnerie - 600g","p":12.94,"u":"21,57 €/KG","img":"https://fd13-photos.leclercdrive.fr/image.ashx?id=3004402&use=l&cat=p&typeid=i","cat":284342},{"id":174196,"n":"Viande hachée 15% MG Férial 1kg","p":14.49,"u":"14,49 €/KG","img":"https://fd13-photos.leclercdrive.fr/image.ashx?id=2630094&use=l&cat=p&typeid=i","cat":284332},{"id":174204,"n":"Margarine Oméga 3 Fruit d'Or Sans huile de palme - 225g","p":1.99,"u":"8,84 €/KG","img":"https://fd13-photos.leclercdrive.fr/image.ashx?id=2887332&use=l&cat=p&typeid=i","cat":315229},{"id":174398,"n":"Eponges grattantes Eco + x6","p":0.96,"u":"0,16 €/P","img":"https://fd13-photos.leclercdrive.fr/image.ashx?id=2761295&use=l&cat=p&typeid=i","cat":284667},{"id":174515,"n":"Mothais sur feuille NRT Fromage de chèvre - 150g","p":4.59,"u":"30,60 €/KG","img":"https://fd13-photos.leclercdrive.fr/image.ashx?id=2302491&use=l&cat=p&typeid=i","cat":314031},{"id":174593,"n":"Feutre de coloriage Pointe fine Bic Intensity x12","p":3.55,"u":"0,30 €/P","img":"https://fd13-photos.leclercdrive.fr/image.ashx?id=2272259&use=l&cat=p&typeid=i","cat":284696},{"id":174712,"n":"Confiture Douceur du Verger Figues - 370g","p":1.58,"u":"4,27 €/KG","img":"https://fd13-photos.leclercdrive.fr/image.ashx?id=2965587&use=l&cat=p&typeid=i","cat":284480},{"id":174815,"n":"Confiture Douceur du Verger Myrtilles - 370g","p":1.72,"u":"4,65 €/KG","img":"https://fd13-photos.leclercdrive.fr/image.ashx?id=2965590&use=l&cat=p&typeid=i","cat":284480},{"id":174816,"n":"Confiture Douceur du Verger Rhubarbe - 370g","p":1.69,"u":"4,57 €/KG","img":"https://fd13-photos.leclercdrive.fr/image.ashx?id=2965584&use=l&cat=p&typeid=i","cat":284480},{"id":174834,"n":"Chair à saucisse Soutenons Nos Agriculteurs 500g","p":5.11,"u":"10,22 €/KG","img":"https://fd13-photos.leclercdrive.fr/image.ashx?id=2831305&use=l&cat=p&typeid=i","cat":284332},{"id":174844,"n":"Amandes en poudre d'Espagne Sainte Lucie - 100g","p":2.75,"u":"27,50 €/KG","img":"https://fd13-photos.leclercdrive.fr/image.ashx?id=2774331&use=l&cat=p&typeid=i","cat":284504},{"id":174875,"n":"Gelée douceur du Verger Groseilles - 370g","p":1.29,"u":"3,49 €/KG","img":"https://fd13-photos.leclercdrive.fr/image.ashx?id=2965563&use=l&cat=p&typeid=i","cat":284480},{"id":174881,"n":"Carottes râpées Bonduelle Au Citron de Sicile - 320g","p":1.41,"u":"4,41 €/KG","img":"https://fd13-photos.leclercdrive.fr/image.ashx?id=2894194&use=l&cat=p&typeid=i","cat":333657},{"id":174886,"n":"Aubergine Eco+ 500g","p":0.99,"u":"1,98 €/KG","img":"https://fd13-photos.leclercdrive.fr/image.ashx?id=2907153&use=l&cat=p&typeid=i","cat":284352},{"id":174888,"n":"Betteraves Bonduelle Moutarde à l'ancienne - 320g","p":1.97,"u":"6,16 €/KG","img":"https://fd13-photos.leclercdrive.fr/image.ashx?id=2894200&use=l&cat=p&typeid=i","cat":333657},{"id":174931,"n":"Steak haché façon bouchère x4 Soutenons Nos Agriculteurs 400g","p":6.39,"u":"15,98 €/KG","img":"https://fd13-photos.leclercdrive.fr/image.ashx?id=2968070&use=l&cat=p&typeid=i","cat":319778},{"id":175058,"n":"Pois chiches Bonduelle Cuits Dans Très Peu De Jus 265g","p":1.28,"u":"4,83 €/KG","img":"https://fd13-photos.leclercdrive.fr/image.ashx?id=2926272&use=l&cat=p&typeid=i","cat":312609},{"id":175067,"n":"Secret de Mousse La Laitière Vanille coulis chocolat - 4x59g","p":1.69,"u":"7,16 €/KG","img":"https://fd13-photos.leclercdrive.fr/image.ashx?id=2847982&use=l&cat=p&typeid=i","cat":284417},{"id":175222,"n":"Préparation gâteau Alsa Gâteau aux amandes - 300g","p":3.29,"u":"10,97 €/KG","img":"https://fd13-photos.leclercdrive.fr/image.ashx?id=3007993&use=l&cat=p&typeid=i","cat":284504},{"id":175283,"n":"Pommes de terre Eco+ 1.5kg","p":0.99,"u":"0,66 €/KG","img":"https://fd13-photos.leclercdrive.fr/image.ashx?id=2282349&use=l&cat=p&typeid=i","cat":284352},{"id":175303,"n":"Skyr Siggi's  Citron - 2x140g","p":2.27,"u":"8,11 €/KG","img":"https://fd13-photos.leclercdrive.fr/image.ashx?id=2673082&use=l&cat=p&typeid=i","cat":315000},{"id":175409,"n":"Rasoirs jetables BIC  3 Sensitive - Lot de 24 rasoirs","p":9.93,"u":"0,41 €/P","img":"https://fd13-photos.leclercdrive.fr/image.ashx?id=2283699&use=l&cat=p&typeid=i","cat":284616},{"id":175556,"n":"Gel Douche Le Petit Marseillais  Haute tolerance amandier-400ml","p":2.54,"u":"6,35 €/L","img":"https://fd13-photos.leclercdrive.fr/image.ashx?id=2685174&use=l&cat=p&typeid=i","cat":284594},{"id":175557,"n":"Crème Visage Jour Nivea Matifiante Peaux Mixtes - 50ml","p":3.79,"u":"75,80 €/L","img":"https://fd13-photos.leclercdrive.fr/image.ashx?id=2659139&use=l&cat=p&typeid=i","cat":325345},{"id":175560,"n":"Sérum nutrition Vitanove 100ml","p":3.99,"u":"39,90 €/L","img":"https://fd13-photos.leclercdrive.fr/image.ashx?id=2691441&use=l&cat=p&typeid=i","cat":284608},{"id":175564,"n":"Gel Douche Le Petit Marseillais  Haute tolerance aloevera 400ml","p":2.54,"u":"6,35 €/L","img":"https://fd13-photos.leclercdrive.fr/image.ashx?id=2677429&use=l&cat=p&typeid=i","cat":284594},{"id":175574,"n":"Sauce bolognaise Panzani Extra riche - 400g","p":2.74,"u":"6,85 €/KG","img":"https://fd13-photos.leclercdrive.fr/image.ashx?id=2887527&use=l&cat=p&typeid=i","cat":299047},{"id":175576,"n":"Sachet fraicheur chat Sheba Filets au poulet et thon - 60g","p":1.09,"u":"18,17 €/KG","img":"https://fd13-photos.leclercdrive.fr/image.ashx?id=2292464&use=l&cat=p&typeid=i","cat":285286},{"id":175578,"n":"Sachet fraicheur chat Sheba Filets aux crevettes - 60g","p":1.1,"u":"18,33 €/KG","img":"https://fd13-photos.leclercdrive.fr/image.ashx?id=2292467&use=l&cat=p&typeid=i","cat":285286},{"id":175582,"n":"Sachet fraicheur chat Sheba Soupe filets de poulet - 4x40g","p":2.94,"u":"18,38 €/KG","img":"https://fd13-photos.leclercdrive.fr/image.ashx?id=2292590&use=l&cat=p&typeid=i","cat":285286},{"id":175585,"n":"Sachet fraicheur chat Sheba Soupe filets de thon - 4x40g","p":2.91,"u":"18,19 €/KG","img":"https://fd13-photos.leclercdrive.fr/image.ashx?id=2292593&use=l&cat=p&typeid=i","cat":285286},{"id":175586,"n":"Lentilles vertes Vivien Paille 1kg","p":3.6,"pp":2.38,"u":"2,38 €/KG","img":"https://fd13-photos.leclercdrive.fr/image.ashx?id=2285093&use=l&cat=p&typeid=i","cat":284430},{"id":175588,"n":"Cannelle entière Sainte Lucie 15g","p":1.3,"u":"86,67 €/KG","img":"https://fd13-photos.leclercdrive.fr/image.ashx?id=2984380&use=l&cat=p&typeid=i","cat":298297},{"id":175603,"n":"Thé vert bio Bio Village Menthe x20 - 36g","p":1.65,"u":"45,83 €/KG","img":"https://fd13-photos.leclercdrive.fr/image.ashx?id=2897907&use=l&cat=p&typeid=i","cat":293233},{"id":175685,"n":"Madeleine longue P'tit Déli Fourrés à la fraise - 240g","p":3.01,"u":"12,54 €/KG","img":"https://fd13-photos.leclercdrive.fr/image.ashx?id=2558386&use=l&cat=p&typeid=i","cat":284492},{"id":175713,"n":"Bière \"La Goudale\" Rubis - 6x25cl","p":4.6,"u":"3,07 €/L","img":"https://fd13-photos.leclercdrive.fr/image.ashx?id=2778245&use=l&cat=p&typeid=i","cat":334878},{"id":175765,"n":"Chocolat au lait Lindt Création Praliné Feuillantine - 110g","p":3.62,"u":"32,91 €/KG","img":"https://fd13-photos.leclercdrive.fr/image.ashx?id=2287394&use=l&cat=p&typeid=i","cat":284497},{"id":175790,"n":"Sachet fraicheur chat Sheba Filets au poulet - 60g","p":1.1,"u":"18,33 €/KG","img":"https://fd13-photos.leclercdrive.fr/image.ashx?id=2287523&use=l&cat=p&typeid=i","cat":285286},{"id":175932,"n":"Miel de montagne L'Apiculteur Crémeux - 1kg","p":13.51,"u":"13,51 €/KG","img":"https://fd13-photos.leclercdrive.fr/image.ashx?id=2310920&use=l&cat=p&typeid=i","cat":287643},{"id":175982,"n":"Huile de Bronzage SPF30 Garnier Protectrice - 150ml","p":10.55,"u":"70,33 €/L","img":"https://fd13-photos.leclercdrive.fr/image.ashx?id=2601121&use=l&cat=p&typeid=i","cat":325355},{"id":176029,"n":"Frites Classiques McCain Just Au Four - 1,69kg","p":5.14,"u":"3,04 €/KG","img":"https://fd13-photos.leclercdrive.fr/image.ashx?id=2771319&use=l&cat=p&typeid=i","cat":319791},{"id":176034,"n":"Frites Express McCain Just Au Four - 600g","p":3.08,"u":"5,13 €/KG","img":"https://fd13-photos.leclercdrive.fr/image.ashx?id=2997337&use=l&cat=p&typeid=i","cat":319791},{"id":176239,"n":"Gnocchi Lustucru Selection  390g","p":1.72,"u":"4,41 €/KG","img":"https://fd13-photos.leclercdrive.fr/image.ashx?id=2965999&use=l&cat=p&typeid=i","cat":333682},{"id":176387,"n":"Masque Hydra-Régénérant Elsève Hyaluron Repulp - 310ml","p":5.54,"u":"17,87 €/L","img":"https://fd13-photos.leclercdrive.fr/image.ashx?id=2865878&use=l&cat=p&typeid=i","cat":284608},{"id":176391,"n":"Sérum Hydra-Texturisant Elsève Cheveux Déshydratés - 150ml","p":11.57,"u":"77,13 €/L","img":"https://fd13-photos.leclercdrive.fr/image.ashx?id=2870677&use=l&cat=p&typeid=i","cat":284608},{"id":176400,"n":"Gnocchi à poeler Lustucru  Lot de 2 + 1 offert - 900g","p":3.19,"u":"3,54 €/KG","img":"https://fd13-photos.leclercdrive.fr/image.ashx?id=2446671&use=l&cat=p&typeid=i","cat":333682},{"id":176436,"n":"Mini BN Cœur de Lait 175g","p":1.86,"u":"10,63 €/KG","img":"https://fd13-photos.leclercdrive.fr/image.ashx?id=2730484&use=l&cat=p&typeid=i","cat":284489},{"id":176449,"n":"Filets de saumon rose Findus Pacifique - MSC - x4 - 400g","p":11.49,"u":"28,73 €/KG","img":"https://fd13-photos.leclercdrive.fr/image.ashx?id=2806324&use=l&cat=p&typeid=i","cat":319786},{"id":176614,"n":"Compotes Pom'Potes Gourdes  Explorateurs Les Incas - 12x90g","p":5.92,"u":"5,48 €/KG","img":"https://fd13-photos.leclercdrive.fr/image.ashx?id=2900740&use=l&cat=p&typeid=i","cat":284508},{"id":176616,"n":"Compotes Pom'Potes Gourdes  Multivariétés Régions - 12x90g","p":5.87,"u":"5,44 €/KG","img":"https://fd13-photos.leclercdrive.fr/image.ashx?id=2883426&use=l&cat=p&typeid=i","cat":284508},{"id":176620,"n":"AOC Bordeaux Rosé 3L La petite chapelle de Bordeaux","p":15.49,"pp":10.22,"u":"3,41 €/L","img":"https://fd13-photos.leclercdrive.fr/image.ashx?id=2300836&use=l&cat=p&typeid=i","cat":289558},{"id":176712,"n":"AOC Bordeaux Blanc 3L La petite chapelle de Bordeaux","p":15.49,"pp":10.22,"u":"3,41 €/L","img":"https://fd13-photos.leclercdrive.fr/image.ashx?id=2300839&use=l&cat=p&typeid=i","cat":289557},{"id":176846,"n":"Knacki Original Herta x6 - 210g","p":1.61,"u":"7,67 €/KG","img":"https://fd13-photos.leclercdrive.fr/image.ashx?id=2299070&use=l&cat=p&typeid=i","cat":316012},{"id":176847,"n":"Knacki Original Herta x10 - 350g","p":1.64,"u":"4,69 €/KG","img":"https://fd13-photos.leclercdrive.fr/image.ashx?id=2304111&use=l&cat=p&typeid=i","cat":316012},{"id":176848,"n":"Knacki Original Herta Sans nitrite x6 - 210g","p":2.39,"u":"11,38 €/KG","img":"https://fd13-photos.leclercdrive.fr/image.ashx?id=2299073&use=l&cat=p&typeid=i","cat":316012},{"id":176929,"n":"Burger Moelleux Férial x2 - 220g","p":3.09,"u":"14,05 €/KG","img":"https://fd13-photos.leclercdrive.fr/image.ashx?id=2888407&use=l&cat=p&typeid=i","cat":284332},{"id":176930,"n":"Burger Moelleux Férial x4 - 440g","p":5.79,"u":"13,16 €/KG","img":"https://fd13-photos.leclercdrive.fr/image.ashx?id=2888410&use=l&cat=p&typeid=i","cat":284332},{"id":176931,"n":"Boulettes de Boeuf et Porc Férial x28 - 700g","p":7.99,"u":"11,41 €/KG","img":"https://fd13-photos.leclercdrive.fr/image.ashx?id=2458130&use=l&cat=p&typeid=i","cat":284332},{"id":176974,"n":"Tablette de chocolat noir Lindt Corsé 70% - 100g","p":2.48,"u":"24,80 €/KG","img":"https://fd13-photos.leclercdrive.fr/image.ashx?id=2299696&use=l&cat=p&typeid=i","cat":284956},{"id":176988,"n":"Bonbon à sucer Ricola Menthol Stévia - 50g","p":1.55,"u":"31,00 €/KG","img":"https://fd13-photos.leclercdrive.fr/image.ashx?id=2382201&use=l&cat=p&typeid=i","cat":304252},{"id":176990,"n":"Bonbon à sucer Ricola Citron melisse stévia - 50g","p":1.51,"u":"30,20 €/KG","img":"https://fd13-photos.leclercdrive.fr/image.ashx?id=2382207&use=l&cat=p&typeid=i","cat":304252},{"id":177211,"n":"Crème glacée L'Angélys Stracciatella - 500g","p":5.69,"u":"11,38 €/KG","img":"https://fd13-photos.leclercdrive.fr/image.ashx?id=2963580&use=l&cat=p&typeid=i","cat":284263},{"id":177214,"n":"Sorbet Plein Fruit L'Angélys Banane - 500g","p":5.78,"u":"11,56 €/KG","img":"https://fd13-photos.leclercdrive.fr/image.ashx?id=2963601&use=l&cat=p&typeid=i","cat":284263},{"id":177219,"n":"Sorbet Plein Fruit L'Angélys Fraise - 500g","p":5.22,"u":"10,44 €/KG","img":"https://fd13-photos.leclercdrive.fr/image.ashx?id=2963610&use=l&cat=p&typeid=i","cat":284263},{"id":177233,"n":"Sorbet Plein Fruit L'Angélys Fruit de la passion - 500g","p":5.78,"u":"11,56 €/KG","img":"https://fd13-photos.leclercdrive.fr/image.ashx?id=2963613&use=l&cat=p&typeid=i","cat":284263},{"id":177234,"n":"Sorbet Plein Fruit L'Angélys Mangue - 500g","p":5.45,"u":"10,90 €/KG","img":"https://fd13-photos.leclercdrive.fr/image.ashx?id=2963616&use=l&cat=p&typeid=i","cat":284263},{"id":177237,"n":"Sorbet Plein Fruit L'Angélys Poire - 500g","p":5.1,"u":"10,20 €/KG","img":"https://fd13-photos.leclercdrive.fr/image.ashx?id=2963637&use=l&cat=p&typeid=i","cat":284263},{"id":177238,"n":"Sorbet Plein Fruit L'Angélys Noix de coco - 500g","p":5.78,"u":"11,56 €/KG","img":"https://fd13-photos.leclercdrive.fr/image.ashx?id=2963640&use=l&cat=p&typeid=i","cat":284263},{"id":177260,"n":"Bâtonnets Manger Main Bio Yooji Haricots Pois Semoule 225g","p":3.79,"u":"16,84 €/KG","img":"https://fd13-photos.leclercdrive.fr/image.ashx?id=2529039&use=l&cat=p&typeid=i","cat":290631},{"id":177262,"n":"Bâtonnets Manger Main Bio Yooji Butternut Quinoa blanc - 225g","p":4.19,"u":"18,62 €/KG","img":"https://fd13-photos.leclercdrive.fr/image.ashx?id=2529036&use=l&cat=p&typeid=i","cat":290631},{"id":177366,"n":"Feuille de chêne verte  Bonduelle - 175g","p":1.9,"u":"10,86 €/KG","img":"https://fd13-photos.leclercdrive.fr/image.ashx?id=2894203&use=l&cat=p&typeid=i","cat":284353},{"id":177369,"n":"Feuille de chêne rouge Bonduelle - 125g","p":1.6,"u":"12,80 €/KG","img":"https://fd13-photos.leclercdrive.fr/image.ashx?id=2939268&use=l&cat=p&typeid=i","cat":284353},{"id":177401,"n":"Vin Blanc Mousseux Soirée Blanche - 75cl","p":4.28,"u":"5,71 €/L","img":"https://fd13-photos.leclercdrive.fr/image.ashx?id=2305409&use=l&cat=p&typeid=i","cat":284544},{"id":177407,"n":"AOP Corse blanc Terres Ocrees  Corse  - 75cl","p":4.99,"u":"6,65 €/L","img":"https://fd13-photos.leclercdrive.fr/image.ashx?id=2302946&use=l&cat=p&typeid=i","cat":289557},{"id":177431,"n":"Sirop Carambar Caramel - 75cl","p":3.5,"u":"4,67 €/L","img":"https://fd13-photos.leclercdrive.fr/image.ashx?id=2388550&use=l&cat=p&typeid=i","cat":295020},{"id":177432,"n":"Sirop Carambar Cola - 75cl","p":3.33,"u":"4,44 €/L","img":"https://fd13-photos.leclercdrive.fr/image.ashx?id=2445139&use=l&cat=p&typeid=i","cat":295020},{"id":177433,"n":"Sirop Carambar Grenadine -  75cl","p":3.25,"u":"4,33 €/L","img":"https://fd13-photos.leclercdrive.fr/image.ashx?id=2398910&use=l&cat=p&typeid=i","cat":295020},{"id":177434,"n":"Sirop Carambar Fraise - 75cl","p":3.5,"u":"4,67 €/L","img":"https://fd13-photos.leclercdrive.fr/image.ashx?id=2398913&use=l&cat=p&typeid=i","cat":295020},{"id":177650,"n":"Jambon Le Fumé Fleury Michon Sans nitrite x4 - 140g","p":3.05,"u":"21,79 €/KG","img":"https://fd13-photos.leclercdrive.fr/image.ashx?id=2923948&use=l&cat=p&typeid=i","cat":316009},{"id":177652,"n":"Jambon Label Rouge Fleury Michon sans nitrite x4- 160g","p":3.99,"u":"24,94 €/KG","img":"https://fd13-photos.leclercdrive.fr/image.ashx?id=2923957&use=l&cat=p&typeid=i","cat":316009},{"id":177655,"n":"Blanc de poulet Fleury Michon Doré au Four x6 - 190g","p":1.86,"u":"9,79 €/KG","img":"https://fd13-photos.leclercdrive.fr/image.ashx?id=3004972&use=l&cat=p&typeid=i","cat":316010},{"id":177657,"n":"Blanc de dinde Fleury Michon Doré au Four x4 - 160g","p":2.2,"u":"13,75 €/KG","img":"https://fd13-photos.leclercdrive.fr/image.ashx?id=2816868&use=l&cat=p&typeid=i","cat":316010},{"id":177670,"n":"Crème fraîche entière Yoplait 30%MG - 450g","p":2.01,"u":"4,47 €/KG","img":"https://fd13-photos.leclercdrive.fr/image.ashx?id=2811044&use=l&cat=p&typeid=i","cat":284381},{"id":177676,"n":"Skyr Yoplait  Nature 0%MG - 8x100G","p":3.43,"u":"4,29 €/KG","img":"https://fd13-photos.leclercdrive.fr/image.ashx?id=2884450&use=l&cat=p&typeid=i","cat":315000},{"id":177677,"n":"Skyr Yoplait  Lit Fruits Rouges 0%MG - 8x100G","p":3.49,"u":"4,36 €/KG","img":"https://fd13-photos.leclercdrive.fr/image.ashx?id=2884453&use=l&cat=p&typeid=i","cat":315000},{"id":177698,"n":"Knacki Original Herta Sans nitrite x4 - 140g","p":2.01,"u":"14,36 €/KG","img":"https://fd13-photos.leclercdrive.fr/image.ashx?id=2309423&use=l&cat=p&typeid=i","cat":316012},{"id":177704,"n":"Knacki Original Herta 100% Porc - 210g","p":2.24,"u":"10,67 €/KG","img":"https://fd13-photos.leclercdrive.fr/image.ashx?id=2309417&use=l&cat=p&typeid=i","cat":316012},{"id":177721,"n":"Crème Visage Nuit Nivea Anti-taches Luminous - 50ml","p":19.47,"u":"389,40 €/L","img":"https://fd13-photos.leclercdrive.fr/image.ashx?id=3000345&use=l&cat=p&typeid=i","cat":325345},{"id":177941,"n":"Courgettes Bio Bio Village Filet - 750g","p":2.99,"u":"3,99 €/KG","img":"https://fd13-photos.leclercdrive.fr/image.ashx?id=2625698&use=l&cat=p&typeid=i","cat":284352},{"id":178074,"n":"Aubergine Bio Bio Village x2","p":2.29,"u":"1,15 €/P","img":"https://fd13-photos.leclercdrive.fr/image.ashx?id=2928333&use=l&cat=p&typeid=i","cat":284352},{"id":178108,"n":"Burrata de vache Casa Azzurra 125g","p":3.43,"u":"27,44 €/KG","img":"https://fd13-photos.leclercdrive.fr/image.ashx?id=2927549&use=l&cat=p&typeid=i","cat":314026},{"id":178110,"n":"Pizza Dr.Oetker Ristorante Thon - 355g","p":2.66,"u":"7,49 €/KG","img":"https://fd13-photos.leclercdrive.fr/image.ashx?id=2993056&use=l&cat=p&typeid=i","cat":284256},{"id":178111,"n":"Pizza Dr.Oetker Ristorante 4 fromages - 340g","p":2.47,"u":"7,26 €/KG","img":"https://fd13-photos.leclercdrive.fr/image.ashx?id=2993050&use=l&cat=p&typeid=i","cat":284256},{"id":178112,"n":"Pizza Dr.Oetker Ristorante Mozzarella - 335g","p":2.66,"u":"7,94 €/KG","img":"https://fd13-photos.leclercdrive.fr/image.ashx?id=2993062&use=l&cat=p&typeid=i","cat":284256},{"id":178113,"n":"Pizza Dr.Oetker Ristorante  Vegetale aux légumes - 385g","p":2.82,"u":"7,32 €/KG","img":"https://fd13-photos.leclercdrive.fr/image.ashx?id=2993068&use=l&cat=p&typeid=i","cat":284256},{"id":178114,"n":"Pizza Ristorante Dr Oetker Royale - 350g","p":2.86,"u":"8,17 €/KG","img":"https://fd13-photos.leclercdrive.fr/image.ashx?id=2993044&use=l&cat=p&typeid=i","cat":284256},{"id":178120,"n":"Verrines de Courgettes  Pesto Chèvre Poivrons x4 - 160g","p":3.5,"u":"21,88 €/KG","img":"https://fd13-photos.leclercdrive.fr/image.ashx?id=2560963&use=l&cat=p&typeid=i","cat":316003},{"id":178144,"n":"Thé glacé MayTea Saveur Pêche - 1,2L","p":1.96,"u":"1,63 €/L","img":"https://fd13-photos.leclercdrive.fr/image.ashx?id=2648661&use=l&cat=p&typeid=i","cat":295019},{"id":178147,"n":"Céréales Trésor Kellogg's Chocolat noisettes - 620g","p":4.39,"u":"7,08 €/KG","img":"https://fd13-photos.leclercdrive.fr/image.ashx?id=2598331&use=l&cat=p&typeid=i","cat":309513},{"id":178163,"n":"Thé glacé MayTea Saveur Menthe - 1,2L","p":1.78,"u":"1,48 €/L","img":"https://fd13-photos.leclercdrive.fr/image.ashx?id=2648664&use=l&cat=p&typeid=i","cat":295019},{"id":178251,"n":"Brocoli Eco+ 400g","p":0.99,"u":"2,48 €/KG","img":"https://fd13-photos.leclercdrive.fr/image.ashx?id=2953398&use=l&cat=p&typeid=i","cat":284352},{"id":178260,"n":"Truite fumée Eco+ 100g","p":2.33,"u":"23,30 €/KG","img":"https://fd13-photos.leclercdrive.fr/image.ashx?id=2973505&use=l&cat=p&typeid=i","cat":285188},{"id":178266,"n":"Gel Douche Lait Cottage Le Caramel - 250 ml","p":2.21,"u":"8,84 €/L","img":"https://fd13-photos.leclercdrive.fr/image.ashx?id=2314936&use=l&cat=p&typeid=i","cat":284594},{"id":178354,"n":"Gâche tranchée Bio Pur Beurre - 400g","p":5.74,"u":"14,35 €/KG","img":"https://fd13-photos.leclercdrive.fr/image.ashx?id=2886076&use=l&cat=p&typeid=i","cat":284984},{"id":178359,"n":"Skyr 0%mg  Les 2 Vaches Vanille Bio - 480g","p":4.02,"u":"8,38 €/KG","img":"https://fd13-photos.leclercdrive.fr/image.ashx?id=2787296&use=l&cat=p&typeid=i","cat":315000},{"id":178539,"n":"Gel Lavant Bébé Mots d'Enfants 2en1 Bio 750ml","p":3.95,"u":"5,27 €/L","img":"https://fd13-photos.leclercdrive.fr/image.ashx?id=3014305&use=l&cat=p&typeid=i","cat":284740},{"id":178571,"n":"Désodorisant Eco + Marine 300ml","p":0.68,"u":"2,27 €/L","img":"https://fd13-photos.leclercdrive.fr/image.ashx?id=2843568&use=l&cat=p&typeid=i","cat":311626},{"id":178608,"n":"L'Onctueux Café Rians 2x94g","p":2.28,"u":"12,13 €/KG","img":"https://fd13-photos.leclercdrive.fr/image.ashx?id=2467207&use=l&cat=p&typeid=i","cat":285041},{"id":178632,"n":"Brosses à dents Sensodyne extra souple x3","p":7.99,"u":"2,66 €/P","img":"https://fd13-photos.leclercdrive.fr/image.ashx?id=2318859&use=l&cat=p&typeid=i","cat":284614},{"id":178641,"n":"Culotte Feel Natural Menstruelles noires T36/38 x3","p":41.57,"u":"13,86 €/P","img":"https://fd13-photos.leclercdrive.fr/image.ashx?id=2795231&use=l&cat=p&typeid=i","cat":291524},{"id":178642,"n":"Culotte Feel Natural menstruelles noires T38/40","p":41.57,"u":"13,86 €/P","img":"https://fd13-photos.leclercdrive.fr/image.ashx?id=2795234&use=l&cat=p&typeid=i","cat":291524},{"id":178645,"n":"Culotte Feel Natural Menstruelles noires T40/42","p":41.57,"u":"13,86 €/P","img":"https://fd13-photos.leclercdrive.fr/image.ashx?id=2795237&use=l&cat=p&typeid=i","cat":291524},{"id":178682,"n":"Bière blonde Grimbergen Cuvé 8.5 6X25cl","p":6.06,"u":"4,04 €/L","img":"https://fd13-photos.leclercdrive.fr/image.ashx?id=2319541&use=l&cat=p&typeid=i","cat":334852},{"id":178789,"n":"Dentifrice Sanogyl  soin gencives - 2x75ml","p":5.61,"u":"37,40 €/L","img":"https://fd13-photos.leclercdrive.fr/image.ashx?id=2320066&use=l&cat=p&typeid=i","cat":284612},{"id":178797,"n":"Carottes râpées aux agrumes L'Atelier Traiteur - 300g","p":1.71,"u":"5,70 €/KG","img":"https://fd13-photos.leclercdrive.fr/image.ashx?id=2345634&use=l&cat=p&typeid=i","cat":333657},{"id":178811,"n":"Compote Andros Pomme Poire - 8x100g","p":2.51,"u":"3,14 €/KG","img":"https://fd13-photos.leclercdrive.fr/image.ashx?id=2320654&use=l&cat=p&typeid=i","cat":284416},{"id":178812,"n":"Compote Andros Pomme Abricot - 8x100g","p":2.51,"u":"3,14 €/KG","img":"https://fd13-photos.leclercdrive.fr/image.ashx?id=2320657&use=l&cat=p&typeid=i","cat":284416},{"id":178813,"n":"Compote Andros Pomme Fraise - 8x100g","p":2.51,"u":"3,14 €/KG","img":"https://fd13-photos.leclercdrive.fr/image.ashx?id=2320660&use=l&cat=p&typeid=i","cat":284416},{"id":178844,"n":"Tampon Tampax Compak Avec applicateur - Super - x24","p":3.04,"u":"0,13 €/P","img":"https://fd13-photos.leclercdrive.fr/image.ashx?id=2850246&use=l&cat=p&typeid=i","cat":284626},{"id":178845,"n":"Tampons Tampax Compak  Avec applicateur - Super+ - x22","p":3.04,"u":"0,14 €/P","img":"https://fd13-photos.leclercdrive.fr/image.ashx?id=2850405&use=l&cat=p&typeid=i","cat":284626},{"id":178862,"n":"Déodorant l'Arbre vert  Peaux sensibles - 50ml","p":3.37,"u":"67,40 €/L","img":"https://fd13-photos.leclercdrive.fr/image.ashx?id=2320737&use=l&cat=p&typeid=i","cat":284595},{"id":178872,"n":"Spray hydratant FPS 50+ Lovea Monoï de Tahiti - 150ml","p":10.04,"u":"66,93 €/L","img":"https://fd13-photos.leclercdrive.fr/image.ashx?id=2666980&use=l&cat=p&typeid=i","cat":325355},{"id":178948,"n":"Gâteau Savane Brossard Tout chocolat pocket x7 210g","p":2.41,"u":"11,48 €/KG","img":"https://fd13-photos.leclercdrive.fr/image.ashx?id=2870728&use=l&cat=p&typeid=i","cat":294776},{"id":178949,"n":"Gâteau Savane Brossard Max Barr' Pocket x7 - 210g","p":2.32,"u":"11,05 €/KG","img":"https://fd13-photos.leclercdrive.fr/image.ashx?id=2870731&use=l&cat=p&typeid=i","cat":294776},{"id":178950,"n":"Eponge Spontex  Flash - x2","p":2.01,"u":"67,00 €/KG","img":"https://fd13-photos.leclercdrive.fr/image.ashx?id=2657781&use=l&cat=p&typeid=i","cat":284667},{"id":178951,"n":"Sacs poubelle Handy Bag   Ultra résistant 50L - x10","p":2.93,"u":"0,29 €/P","img":"https://fd13-photos.leclercdrive.fr/image.ashx?id=2918970&use=l&cat=p&typeid=i","cat":285168},{"id":178954,"n":"Mouchoirs Family Kleenex® Boîte x128","p":1.8,"u":"0,01 €/P","img":"https://fd13-photos.leclercdrive.fr/image.ashx?id=3009017&use=l&cat=p&typeid=i","cat":284638},{"id":178967,"n":"Mochi glacé Vanille Mei Asia - 180g","p":5.15,"u":"28,61 €/KG","img":"https://fd13-photos.leclercdrive.fr/image.ashx?id=2322986&use=l&cat=p&typeid=i","cat":284266},{"id":178974,"n":"Mouchoirs Balsam Kleenex® Boîte x64","p":1.81,"u":"0,03 €/P","img":"https://fd13-photos.leclercdrive.fr/image.ashx?id=2853353&use=l&cat=p&typeid=i","cat":284638},{"id":178981,"n":"Crème adhésive Fixodent Plus Barrière anti-particules - 40g","p":3.82,"u":"95,50 €/KG","img":"https://fd13-photos.leclercdrive.fr/image.ashx?id=2737513&use=l&cat=p&typeid=i","cat":285158},{"id":179025,"n":"Sacs poubelle 30L Handy Bag Ultra résistant - x20","p":2.83,"u":"0,14 €/P","img":"https://fd13-photos.leclercdrive.fr/image.ashx?id=2603800&use=l&cat=p&typeid=i","cat":285168},{"id":179027,"n":"Sacs poubelle 30L Handy Bag Ultra résistant - x15","p":2.88,"u":"0,19 €/P","img":"https://fd13-photos.leclercdrive.fr/image.ashx?id=2992278&use=l&cat=p&typeid=i","cat":285168},{"id":179030,"n":"Sacs poubelle 30L Handy Bag Ultra résistant - x15","p":3.24,"u":"0,22 €/P","img":"https://fd13-photos.leclercdrive.fr/image.ashx?id=2633145&use=l&cat=p&typeid=i","cat":285168},{"id":179031,"n":"Gel douche Sanex zéro 0% Peaux normales - 475ml","p":3.17,"u":"6,67 €/L","img":"https://fd13-photos.leclercdrive.fr/image.ashx?id=2648851&use=l&cat=p&typeid=i","cat":284594},{"id":179032,"n":"Sac poubelle 50L Handy Bag Fixation élastique x10","p":3.78,"u":"0,08 €/L","img":"https://fd13-photos.leclercdrive.fr/image.ashx?id=2906721&use=l&cat=p&typeid=i","cat":285168},{"id":179039,"n":"Film fraîcheur Albal 30m","p":2.4,"img":"https://fd13-photos.leclercdrive.fr/image.ashx?id=2929056&use=l&cat=p&typeid=i","cat":334134},{"id":179049,"n":"Complément alimentaire Zohi Sommeil 30 jours - 180g","p":14.0,"u":"77,78 €/KG","img":"https://fd13-photos.leclercdrive.fr/image.ashx?id=2985366&use=l&cat=p&typeid=i","cat":313217},{"id":179056,"n":"Dentifrice Signal Integral 8  Fraîcheur et détox -75ml","p":1.77,"u":"23,60 €/L","img":"https://fd13-photos.leclercdrive.fr/image.ashx?id=2960228&use=l&cat=p&typeid=i","cat":284612},{"id":179058,"n":"Complément alimentaire Zohi Cheveux 30 jours - 180g","p":13.0,"u":"72,22 €/KG","img":"https://fd13-photos.leclercdrive.fr/image.ashx?id=2657541&use=l&cat=p&typeid=i","cat":313217},{"id":179075,"n":"Smoothie Yellow True Fruits 75cl","p":4.95,"u":"6,60 €/L","img":"https://fd13-photos.leclercdrive.fr/image.ashx?id=2871082&use=l&cat=p&typeid=i","cat":285435},{"id":179087,"n":"Liquide Vaisselle Paic Citron - 750ml","p":1.7,"u":"2,27 €/L","img":"https://fd13-photos.leclercdrive.fr/image.ashx?id=2322835&use=l&cat=p&typeid=i","cat":284655},{"id":179121,"n":"Yaourt brassé Savoie Yaourt Nature - 6x125g","p":2.19,"u":"2,92 €/KG","img":"https://fd13-photos.leclercdrive.fr/image.ashx?id=2504740&use=l&cat=p&typeid=i","cat":284409},{"id":179184,"n":"Bière Blonde Peroni  Nastro Azzuro - 6x33cl","p":5.99,"u":"3,03 €/L","img":"https://fd13-photos.leclercdrive.fr/image.ashx?id=2339174&use=l&cat=p&typeid=i","cat":334877},{"id":179263,"n":"Sérum de nuit L'Oréal Paris Age Perfect anti-âge - 30ml","p":11.97,"pp":7.9,"u":"263,33 €/L","img":"https://fd13-photos.leclercdrive.fr/image.ashx?id=2867536&use=l&cat=p&typeid=i","cat":325345},{"id":179264,"n":"Sérum repulpant L'Oréal Paris Revitalift anti-rides - 20ml","p":14.96,"u":"748,00 €/L","img":"https://fd13-photos.leclercdrive.fr/image.ashx?id=2867539&use=l&cat=p&typeid=i","cat":325345},{"id":179326,"n":"Gel douche Sanex Zéro 0% Peaux sèches - 475ml","p":3.17,"u":"6,67 €/L","img":"https://fd13-photos.leclercdrive.fr/image.ashx?id=2692857&use=l&cat=p&typeid=i","cat":284594},{"id":179352,"n":"Eco recharge gel douche Sanex 0% Peaux sèches - 500ml","p":3.05,"u":"6,10 €/L","img":"https://fd13-photos.leclercdrive.fr/image.ashx?id=2866199&use=l&cat=p&typeid=i","cat":284594},{"id":179374,"n":"Champagne Germain Président Rosé - 75cl","p":28.8,"u":"38,40 €/L","img":"https://fd13-photos.leclercdrive.fr/image.ashx?id=2999255&use=l&cat=p&typeid=i","cat":284542},{"id":179380,"n":"Crème hydratante SO'BiO étic men Guarana - 50ml","p":7.95,"u":"159,00 €/L","img":"https://fd13-photos.leclercdrive.fr/image.ashx?id=2505564&use=l&cat=p&typeid=i","cat":284622},{"id":179382,"n":"Crème nutritive SO'BiO étic bio Argan Peaux matures - 50ml","p":13.6,"u":"272,00 €/L","img":"https://fd13-photos.leclercdrive.fr/image.ashx?id=2775628&use=l&cat=p&typeid=i","cat":325345},{"id":179383,"n":"Sérum SO'BiO étic rose éclat Argan Peaux matures bio - 30ml","p":13.6,"u":"453,33 €/L","img":"https://fd13-photos.leclercdrive.fr/image.ashx?id=2493526&use=l&cat=p&typeid=i","cat":325345},{"id":179384,"n":"Pâte à tartiner Eco+ 750g - aux noissettes","p":2.47,"u":"3,29 €/KG","img":"https://fd13-photos.leclercdrive.fr/image.ashx?id=2841148&use=l&cat=p&typeid=i","cat":284481},{"id":179390,"n":"Huile barbe SO'BiO étic Men nourrissante - 50ml","p":8.42,"u":"168,40 €/L","img":"https://fd13-photos.leclercdrive.fr/image.ashx?id=2694842&use=l&cat=p&typeid=i","cat":284622},{"id":179431,"n":"Brioche Pitch Chocolat x8 - 300g","p":1.81,"u":"6,03 €/KG","img":"https://fd13-photos.leclercdrive.fr/image.ashx?id=2452119&use=l&cat=p&typeid=i","cat":293505},{"id":179432,"n":"Brioches Pitch Fraise x8 - 300g","p":1.91,"u":"6,37 €/KG","img":"https://fd13-photos.leclercdrive.fr/image.ashx?id=2452116&use=l&cat=p&typeid=i","cat":293505},{"id":179433,"n":"Brioche Pitch Chocolat au lait x8 - 300g","p":2.15,"u":"7,17 €/KG","img":"https://fd13-photos.leclercdrive.fr/image.ashx?id=2452113&use=l&cat=p&typeid=i","cat":293505},{"id":179437,"n":"Brioches Pitch Pépites chocolat x8 - 300g","p":2.15,"u":"7,17 €/KG","img":"https://fd13-photos.leclercdrive.fr/image.ashx?id=2452107&use=l&cat=p&typeid=i","cat":293505},{"id":179438,"n":"Brioche Pitch Pépites de chocolat x12 - 450g","p":3.23,"u":"7,18 €/KG","img":"https://fd13-photos.leclercdrive.fr/image.ashx?id=2452104&use=l&cat=p&typeid=i","cat":293505},{"id":179440,"n":"Brioches Pitch  Choco barre lait x8 - 300g","p":2.32,"u":"7,73 €/KG","img":"https://fd13-photos.leclercdrive.fr/image.ashx?id=2454115&use=l&cat=p&typeid=i","cat":293505},{"id":179443,"n":"Brioches Pitch Crousti x8 - 300g","p":2.78,"u":"9,27 €/KG","img":"https://fd13-photos.leclercdrive.fr/image.ashx?id=2454109&use=l&cat=p&typeid=i","cat":293505},{"id":179487,"n":"Gel douche Sanex Zéro 0% Peaux sèches - 2x475ml","p":6.3,"u":"6,63 €/L","img":"https://fd13-photos.leclercdrive.fr/image.ashx?id=2676921&use=l&cat=p&typeid=i","cat":284594},{"id":179488,"n":"Gel douche Sanex Zéro 0% Peaux normales - 2x475ml","p":6.3,"u":"6,63 €/L","img":"https://fd13-photos.leclercdrive.fr/image.ashx?id=2676924&use=l&cat=p&typeid=i","cat":284594},{"id":179533,"n":"Soda Fanta citron  bouteille - 1.25L","p":1.68,"u":"1,34 €/L","img":"https://fd13-photos.leclercdrive.fr/image.ashx?id=2659394&use=l&cat=p&typeid=i","cat":284532},{"id":179658,"n":"Capsules Café Carte Noire  Arabica Classique n°7 x10 - 55g","p":3.46,"u":"62,91 €/KG","img":"https://fd13-photos.leclercdrive.fr/image.ashx?id=2878387&use=l&cat=p&typeid=i","cat":284749},{"id":179661,"n":"Capsules Café Carte Noire  Arabica Lungo n°6 x10 - 56g","p":3.48,"u":"62,14 €/KG","img":"https://fd13-photos.leclercdrive.fr/image.ashx?id=2872967&use=l&cat=p&typeid=i","cat":284749},{"id":179662,"n":"Capsules Café Carte Noire  Arabica Intense n°9 x30 - 165g","p":9.4,"u":"56,97 €/KG","img":"https://fd13-photos.leclercdrive.fr/image.ashx?id=2877148&use=l&cat=p&typeid=i","cat":284749},{"id":179663,"n":"Capsules Café Carte Noire  Arabica Classique n7 x30 - 165g","p":9.4,"u":"56,97 €/KG","img":"https://fd13-photos.leclercdrive.fr/image.ashx?id=2878390&use=l&cat=p&typeid=i","cat":284749},{"id":179664,"n":"Capsules Café Carte Noire  Arabica Lungo n°6 x30 - 168g","p":9.4,"u":"55,95 €/KG","img":"https://fd13-photos.leclercdrive.fr/image.ashx?id=2873441&use=l&cat=p&typeid=i","cat":284749},{"id":179700,"n":"Crème glacée La Belle Aude Caramel - 356g","p":9.65,"u":"27,11 €/KG","img":"https://fd13-photos.leclercdrive.fr/image.ashx?id=2336129&use=l&cat=p&typeid=i","cat":284263},{"id":179702,"n":"Crème glacée La Belle Aude Chocolat - 356g","p":6.87,"u":"12,49 €/L","img":"https://fd13-photos.leclercdrive.fr/image.ashx?id=2336132&use=l&cat=p&typeid=i","cat":284263},{"id":179757,"n":"Compote Charles & Alices Pommes Mirabelles - 4x97g","p":1.76,"u":"4,54 €/KG","img":"https://fd13-photos.leclercdrive.fr/image.ashx?id=2757353&use=l&cat=p&typeid=i","cat":284416},{"id":179789,"n":"Plaisir Caramel et Beurre salé Recette Lenôtre - 410g","p":7.64,"u":"18,63 €/KG","img":"https://fd13-photos.leclercdrive.fr/image.ashx?id=2807753&use=l&cat=p&typeid=i","cat":284267},{"id":179834,"n":"Couscous falafels de pois chiches bio Hari&Co - 280g","p":4.66,"u":"16,64 €/KG","img":"https://fd13-photos.leclercdrive.fr/image.ashx?id=2842825&use=l&cat=p&typeid=i","cat":333673},{"id":179858,"n":"Mini bâtonnets Trium  Rocher Coco x4 - 202g","p":3.22,"u":"15,94 €/KG","img":"https://fd13-photos.leclercdrive.fr/image.ashx?id=2376103&use=l&cat=p&typeid=i","cat":284265},{"id":179859,"n":"Mini bâtonnets Trium  Rocher Chocolat x4 - 204g","p":3.05,"u":"14,95 €/KG","img":"https://fd13-photos.leclercdrive.fr/image.ashx?id=2911711&use=l&cat=p&typeid=i","cat":284265},{"id":179867,"n":"Biscuits barquette Bio Chocolat Noisette Bjorg 120g","p":1.73,"u":"14,42 €/KG","img":"https://fd13-photos.leclercdrive.fr/image.ashx?id=2329040&use=l&cat=p&typeid=i","cat":284488},{"id":179881,"n":"Crème glacée Ben & Jerry's Cookie Vermont-Ster - 324g","p":5.62,"u":"17,35 €/KG","img":"https://fd13-photos.leclercdrive.fr/image.ashx?id=2793044&use=l&cat=p&typeid=i","cat":284725},{"id":179887,"n":"Crème glacée Ben & Jerry's Hazel-nutin but Chocolate -344g","p":5.61,"u":"16,31 €/KG","img":"https://fd13-photos.leclercdrive.fr/image.ashx?id=2805645&use=l&cat=p&typeid=i","cat":284725},{"id":179939,"n":"Bâtonnets Trium vanille choco blanc fruits rouges x4 - 274g","p":2.69,"u":"9,82 €/KG","img":"https://fd13-photos.leclercdrive.fr/image.ashx?id=2758312&use=l&cat=p&typeid=i","cat":284265},{"id":179961,"n":"Haricots verts Jardin Bio Etic Bio - sans sel ajouté - 185g","p":2.81,"u":"15,19 €/KG","img":"https://fd13-photos.leclercdrive.fr/image.ashx?id=2835421&use=l&cat=p&typeid=i","cat":312606},{"id":179970,"n":"Thé noir bio Jardin Bio Etic Fruits rouges x20 - 28g","p":3.07,"u":"109,64 €/KG","img":"https://fd13-photos.leclercdrive.fr/image.ashx?id=2419089&use=l&cat=p&typeid=i","cat":293233},{"id":179973,"n":"Rosso  14,4% - 1L","p":3.47,"u":"3,47 €/L","img":"https://fd13-photos.leclercdrive.fr/image.ashx?id=2675747&use=l&cat=p&typeid=i","cat":284913},{"id":179974,"n":"Bianco 14,4% - 1L","p":3.5,"u":"3,50 €/L","img":"https://fd13-photos.leclercdrive.fr/image.ashx?id=2329277&use=l&cat=p&typeid=i","cat":284913},{"id":179976,"n":"Chocolat noir Lindt Excellence 28 bouchées - 154g","p":5.01,"u":"32,53 €/KG","img":"https://fd13-photos.leclercdrive.fr/image.ashx?id=2425592&use=l&cat=p&typeid=i","cat":284499},{"id":180030,"n":"Sauce Crudités Bénédicta Nature - 735g","p":3.35,"u":"4,56 €/KG","img":"https://fd13-photos.leclercdrive.fr/image.ashx?id=2549777&use=l&cat=p&typeid=i","cat":284456},{"id":180041,"n":"Chips Tuiles Pringles Paprika - 175g","p":1.78,"u":"10,17 €/KG","img":"https://fd13-photos.leclercdrive.fr/image.ashx?id=2902301&use=l&cat=p&typeid=i","cat":287899},{"id":180044,"n":"Filtres à café brun Melitta FSC 1x4 - 80 filtres","p":1.43,"u":"9,73 €/KG","img":"https://fd13-photos.leclercdrive.fr/image.ashx?id=2908276&use=l&cat=p&typeid=i","cat":284751},{"id":180061,"n":"Thé vert bio Bio village  36g","p":1.33,"u":"36,94 €/KG","img":"https://fd13-photos.leclercdrive.fr/image.ashx?id=2897910&use=l&cat=p&typeid=i","cat":293233},{"id":180065,"n":"Rillettes de thon Petit Navire 125g","p":2.01,"u":"16,08 €/KG","img":"https://fd13-photos.leclercdrive.fr/image.ashx?id=2533388&use=l&cat=p&typeid=i","cat":303867},{"id":180079,"n":"Biscuits chocolats Kinder Duo Chocolat blanc et lait - 150g","p":2.07,"u":"13,80 €/KG","img":"https://fd13-photos.leclercdrive.fr/image.ashx?id=2959127&use=l&cat=p&typeid=i","cat":284488},{"id":180083,"n":"Pastis Eco+ 40% - 1L","p":15.08,"u":"15,08 €/L","img":"https://fd13-photos.leclercdrive.fr/image.ashx?id=2637823&use=l&cat=p&typeid=i","cat":284548},{"id":180088,"n":"Cerfeuil Sainte Lucie feuilles de France - 8g","p":2.23,"u":"278,75 €/KG","img":"https://fd13-photos.leclercdrive.fr/image.ashx?id=2973586&use=l&cat=p&typeid=i","cat":298297},{"id":180090,"n":"Baies de Genièvre Sainte Lucie - 30g","p":1.85,"u":"61,67 €/KG","img":"https://fd13-photos.leclercdrive.fr/image.ashx?id=2776130&use=l&cat=p&typeid=i","cat":298297},{"id":180110,"n":"Chocolat noir Lindt Excellence Fleur de sel et Lait x28 - 154g","p":5.12,"u":"33,25 €/KG","img":"https://fd13-photos.leclercdrive.fr/image.ashx?id=2329765&use=l&cat=p&typeid=i","cat":284499},{"id":180121,"n":"Riz curry et poulet individuel William Saurin - 300g","p":2.99,"u":"9,97 €/KG","img":"https://fd13-photos.leclercdrive.fr/image.ashx?id=2335184&use=l&cat=p&typeid=i","cat":284953},{"id":180128,"n":"Infusion à froid Tisea  Fruits rouges - 33g","p":1.89,"u":"57,27 €/KG","img":"https://fd13-photos.leclercdrive.fr/image.ashx?id=2897838&use=l&cat=p&typeid=i","cat":293234},{"id":180134,"n":"Armagnac saint Vivant 40° - 20cl","p":5.18,"u":"25,90 €/L","img":"https://fd13-photos.leclercdrive.fr/image.ashx?id=2555316&use=l&cat=p&typeid=i","cat":286032},{"id":180155,"n":"Chewing-gum Freedent White Fraise 5x10 dragées - 70g","p":3.17,"u":"45,29 €/KG","img":"https://fd13-photos.leclercdrive.fr/image.ashx?id=2330359&use=l&cat=p&typeid=i","cat":304251},{"id":180179,"n":"Sauce tomate aux champignons  Panzani Bolets et cèpes - 210g","p":1.14,"u":"5,43 €/KG","img":"https://fd13-photos.leclercdrive.fr/image.ashx?id=2880676&use=l&cat=p&typeid=i","cat":299047},{"id":180181,"n":"Sardines à l'huile d'olive Connétable - 135g","p":2.54,"u":"18,81 €/KG","img":"https://fd13-photos.leclercdrive.fr/image.ashx?id=2762115&use=l&cat=p&typeid=i","cat":305146},{"id":180187,"n":"Sauce Pesto Tomates Basilic Panzani - 200G","p":1.79,"u":"8,95 €/KG","img":"https://fd13-photos.leclercdrive.fr/image.ashx?id=2977930&use=l&cat=p&typeid=i","cat":287599},{"id":180191,"n":"Sucre gélifiant Béghin Say spécial gelée - 1kg","p":2.34,"u":"2,34 €/KG","img":"https://fd13-photos.leclercdrive.fr/image.ashx?id=2653441&use=l&cat=p&typeid=i","cat":284502},{"id":180201,"n":"Thé Earl Grey Twinings 50 sachets - 100g","p":4.02,"u":"40,20 €/KG","img":"https://fd13-photos.leclercdrive.fr/image.ashx?id=2893018&use=l&cat=p&typeid=i","cat":293233},{"id":180206,"n":"Haricots verts et beurre bio Extra fins Jardin Bio-400g","p":4.66,"u":"11,65 €/KG","img":"https://fd13-photos.leclercdrive.fr/image.ashx?id=2534848&use=l&cat=p&typeid=i","cat":312606},{"id":180207,"n":"Les Arrangés Divins - Eden Bio Bio 28,7% 70cl","p":23.28,"u":"33,26 €/L","img":"https://fd13-photos.leclercdrive.fr/image.ashx?id=2330688&use=l&cat=p&typeid=i","cat":286032},{"id":180217,"n":"Assaisonnement déshydraté Knorr Origan basilic romarin - 145g","p":3.08,"u":"21,24 €/KG","img":"https://fd13-photos.leclercdrive.fr/image.ashx?id=3014653&use=l&cat=p&typeid=i","cat":298297},{"id":180227,"n":"Les Arrangés Divins Adrénaline Ananas Citron poivre - 70cl","p":25.11,"u":"35,87 €/L","img":"https://fd13-photos.leclercdrive.fr/image.ashx?id=2330691&use=l&cat=p&typeid=i","cat":284550},{"id":180229,"n":"Miettes de crabe Eco+ - 121g","p":1.63,"u":"13,47 €/KG","img":"https://fd13-photos.leclercdrive.fr/image.ashx?id=2671792&use=l&cat=p&typeid=i","cat":305147},{"id":180233,"n":"Crème de marrons vanille  Douceur du Verger - 500g","p":2.12,"u":"4,24 €/KG","img":"https://fd13-photos.leclercdrive.fr/image.ashx?id=2691471&use=l&cat=p&typeid=i","cat":284506},{"id":180241,"n":"Sucre glace Saint Louis - 1kg","p":3.03,"u":"3,03 €/KG","img":"https://fd13-photos.leclercdrive.fr/image.ashx?id=2939382&use=l&cat=p&typeid=i","cat":284502},{"id":180247,"n":"Double concentré de tomates  Eco+ - 440g","p":1.31,"u":"2,98 €/KG","img":"https://fd13-photos.leclercdrive.fr/image.ashx?id=2669648&use=l&cat=p&typeid=i","cat":288384},{"id":180274,"n":"Chips Vico Poulet rôti - 125g","p":1.09,"u":"8,72 €/KG","img":"https://fd13-photos.leclercdrive.fr/image.ashx?id=2921295&use=l&cat=p&typeid=i","cat":284447},{"id":180291,"n":"Complément alimentaire Juvamine Lutéine myrtille pour yeux -x40","p":5.94,"u":"0,15 €/P","img":"https://fd13-photos.leclercdrive.fr/image.ashx?id=2455918&use=l&cat=p&typeid=i","cat":284632},{"id":180301,"n":"Complément alimentaire Juvamine Thé vert Guarana - x30","p":3.33,"u":"0,11 €/P","img":"https://fd13-photos.leclercdrive.fr/image.ashx?id=2578079&use=l&cat=p&typeid=i","cat":284632},{"id":180302,"n":"Biscuits Palmier St Michel  au beurre - 87g","p":1.2,"u":"13,79 €/KG","img":"https://fd13-photos.leclercdrive.fr/image.ashx?id=2555379&use=l&cat=p&typeid=i","cat":284487},{"id":180305,"n":"Pâté de foie Eco+ x3 - 234g","p":1.33,"u":"5,68 €/KG","img":"https://fd13-photos.leclercdrive.fr/image.ashx?id=2852940&use=l&cat=p&typeid=i","cat":305149},{"id":180313,"n":"Bouchées pour chat Eco+ Truite saumon et légumes - 410g","p":0.65,"u":"1,59 €/KG","img":"https://fd13-photos.leclercdrive.fr/image.ashx?id=2330897&use=l&cat=p&typeid=i","cat":285601},{"id":180317,"n":"Pistaches non salées Tokapi 125g","p":2.33,"u":"18,64 €/KG","img":"https://fd13-photos.leclercdrive.fr/image.ashx?id=2793302&use=l&cat=p&typeid=i","cat":284448},{"id":180327,"n":"Pâtée pour chats Eco+ poisson et à la carotte - 410g","p":0.7,"u":"1,71 €/KG","img":"https://fd13-photos.leclercdrive.fr/image.ashx?id=2794175&use=l&cat=p&typeid=i","cat":285601},{"id":180328,"n":"Aérosol Pyrel Répulsif Moustiques 300ml","p":3.95,"u":"13,17 €/L","img":"https://fd13-photos.leclercdrive.fr/image.ashx?id=2336416&use=l&cat=p&typeid=i","cat":298368},{"id":180335,"n":"Chocolat noir Poulain extra-fin à cuisiner - 2x180g","p":3.91,"u":"10,86 €/KG","img":"https://fd13-photos.leclercdrive.fr/image.ashx?id=2986672&use=l&cat=p&typeid=i","cat":284956},{"id":180344,"n":"Fromage enfant Mini Babybel 6 portions goûter - 132g","p":2.31,"u":"17,50 €/KG","img":"https://fd13-photos.leclercdrive.fr/image.ashx?id=2970822&use=l&cat=p&typeid=i","cat":314030},{"id":180345,"n":"Fromage enfant Mini Babybel 12 portions goûter - 264g","p":4.32,"u":"16,36 €/KG","img":"https://fd13-photos.leclercdrive.fr/image.ashx?id=2970825&use=l&cat=p&typeid=i","cat":314030},{"id":180356,"n":"Muesli croustillant chocolat  bio Terres et Céréales-1kg","p":6.86,"u":"6,86 €/KG","img":"https://fd13-photos.leclercdrive.fr/image.ashx?id=2802458&use=l&cat=p&typeid=i","cat":309512},{"id":180366,"n":"Pâte à tartiner NRT Noisettes - 400g","p":4.67,"u":"11,68 €/KG","img":"https://fd13-photos.leclercdrive.fr/image.ashx?id=2791123&use=l&cat=p&typeid=i","cat":284481},{"id":180401,"n":"Mayonnaise Bénédicta Nature - 255g","p":1.82,"u":"7,14 €/KG","img":"https://fd13-photos.leclercdrive.fr/image.ashx?id=2658734&use=l&cat=p&typeid=i","cat":298295},{"id":180414,"n":"Chips Tuiles Pringles Pizza - 175g","p":1.8,"u":"10,29 €/KG","img":"https://fd13-photos.leclercdrive.fr/image.ashx?id=2661748&use=l&cat=p&typeid=i","cat":287899},{"id":180418,"n":"Pois chiches Sultanines 530g","p":1.53,"u":"2,89 €/KG","img":"https://fd13-photos.leclercdrive.fr/image.ashx?id=2331363&use=l&cat=p&typeid=i","cat":312609},{"id":180421,"n":"Bûchettes de sucre Saint Louis 4g x 125 - coffret de 500g","p":2.83,"u":"5,66 €/KG","img":"https://fd13-photos.leclercdrive.fr/image.ashx?id=2331387&use=l&cat=p&typeid=i","cat":284502},{"id":180425,"n":"Capsules Café Carte Noire  Arabica Lungo n°6 x60 - 336g","p":16.28,"u":"48,45 €/KG","img":"https://fd13-photos.leclercdrive.fr/image.ashx?id=2750654&use=l&cat=p&typeid=i","cat":284749},{"id":180432,"n":"Thé noir Twinings vanille x20 - 32g","p":2.67,"u":"83,44 €/KG","img":"https://fd13-photos.leclercdrive.fr/image.ashx?id=2893057&use=l&cat=p&typeid=i","cat":293233},{"id":180458,"n":"Amandes en poudre Vahiné 125g","p":2.52,"u":"20,16 €/KG","img":"https://fd13-photos.leclercdrive.fr/image.ashx?id=2785934&use=l&cat=p&typeid=i","cat":284504},{"id":180498,"n":"Chips ancienne nature Lay's Sel - 155g","p":1.3,"u":"8,39 €/KG","img":"https://fd13-photos.leclercdrive.fr/image.ashx?id=2996596&use=l&cat=p&typeid=i","cat":284447},{"id":180519,"n":"Bière aromatisée Corona Sunset 5,9% - 6x33cl","p":10.13,"u":"5,12 €/L","img":"https://fd13-photos.leclercdrive.fr/image.ashx?id=2564749&use=l&cat=p&typeid=i","cat":334878},{"id":180554,"n":"Sirop de cassis Bio Village Bio - 50cl","p":2.98,"u":"5,96 €/L","img":"https://fd13-photos.leclercdrive.fr/image.ashx?id=2873201&use=l&cat=p&typeid=i","cat":295020},{"id":180556,"n":"Sirop de Citron Bio Village Bio - 50cl","p":2.29,"u":"4,58 €/L","img":"https://fd13-photos.leclercdrive.fr/image.ashx?id=2873192&use=l&cat=p&typeid=i","cat":295020},{"id":180562,"n":"Noisette Macchiato Starbucks 220ml","p":2.01,"u":"9,14 €/L","img":"https://fd13-photos.leclercdrive.fr/image.ashx?id=2659160&use=l&cat=p&typeid=i","cat":295246},{"id":180797,"n":"Mouchoirs UltraSoft Kleenex® Boîte x64","p":1.62,"img":"https://fd13-photos.leclercdrive.fr/image.ashx?id=2853350&use=l&cat=p&typeid=i","cat":284638},{"id":181278,"n":"Chemise carte 3 rabats chemise fantaisie rose","p":0.7,"img":"https://fd13-photos.leclercdrive.fr/image.ashx?id=2378936&use=l&cat=p&typeid=i","cat":284745},{"id":181409,"n":"Cahier 21x29,7cm 96p GC PP Esq Polypropylène-Grands carr-rouge","p":1.0,"img":"https://fd13-photos.leclercdrive.fr/image.ashx?id=2544735&use=l&cat=p&typeid=i","cat":284697},{"id":181411,"n":"Cahier 21x29,7cm 96p GC PP Esq Polypropylène-Grands carr-jaune","p":1.0,"img":"https://fd13-photos.leclercdrive.fr/image.ashx?id=2544741&use=l&cat=p&typeid=i","cat":284697},{"id":181422,"n":"Cahier de textes Esquisse Quad - 148 pages - 17x22cm","p":1.69,"img":"https://fd13-photos.leclercdrive.fr/image.ashx?id=2378817&use=l&cat=p&typeid=i","cat":334133},{"id":181423,"n":"Cahier de textes Esquisse Pelican - 148 pages - 17x22cm","p":1.69,"img":"https://fd13-photos.leclercdrive.fr/image.ashx?id=2553962&use=l&cat=p&typeid=i","cat":334133},{"id":181424,"n":"Cahier de textes Esquisse Nature - 148 pages - 17x22cm","p":1.69,"img":"https://fd13-photos.leclercdrive.fr/image.ashx?id=2378823&use=l&cat=p&typeid=i","cat":334133},{"id":181425,"n":"Cahier de textes Esquisse Hero - 148 pages - 17x22cm","p":1.69,"img":"https://fd13-photos.leclercdrive.fr/image.ashx?id=2553965&use=l&cat=p&typeid=i","cat":334133},{"id":181752,"n":"Complément alimentaire Draineur Queues de Cerise - Gelules 17g","p":4.99,"u":"293,53 €/KG","img":"https://fd13-photos.leclercdrive.fr/image.ashx?id=2342343&use=l&cat=p&typeid=i","cat":284632},{"id":181755,"n":"Complément alimentaire  Confort Urinaire  Pépins courge","p":6.37,"u":"167,63 €/KG","img":"https://fd13-photos.leclercdrive.fr/image.ashx?id=2341489&use=l&cat=p&typeid=i","cat":313217},{"id":181756,"n":"Complément alimentaire  Jambes Légères - Vigne Cassis","p":5.04,"u":"0,17 €/P","img":"https://fd13-photos.leclercdrive.fr/image.ashx?id=2341501&use=l&cat=p&typeid=i","cat":284632},{"id":181761,"n":"Shampoing Le Petit Marseillais  Bio pomme & aloe vera - 250ml","p":4.17,"u":"17,38 €/L","img":"https://fd13-photos.leclercdrive.fr/image.ashx?id=2684194&use=l&cat=p&typeid=i","cat":284606},{"id":181962,"n":"Lave glace été Eco+ 5 L","p":1.97,"u":"0,39 €/L","img":"https://fd13-photos.leclercdrive.fr/image.ashx?id=2499519&use=l&cat=p&typeid=i","cat":298252},{"id":182003,"n":"Saint Félicien Sainte Colombe 160g","p":2.45,"u":"15,31 €/KG","img":"https://fd13-photos.leclercdrive.fr/image.ashx?id=2342403&use=l&cat=p&typeid=i","cat":329558},{"id":182004,"n":"Saint Marcellin Sainte Colombe rouleaux 3x80g - 240g","p":3.36,"u":"14,00 €/KG","img":"https://fd13-photos.leclercdrive.fr/image.ashx?id=2342400&use=l&cat=p&typeid=i","cat":329558},{"id":182013,"n":"Café Moulu  Espresso - Méo - 1kg","p":15.25,"u":"15,25 €/KG","img":"https://fd13-photos.leclercdrive.fr/image.ashx?id=2571293&use=l&cat=p&typeid=i","cat":284750},{"id":182047,"n":"Jambon de Bayonne Saint Azay 6 tranches - 150g","p":3.72,"u":"24,80 €/KG","img":"https://fd13-photos.leclercdrive.fr/image.ashx?id=2342190&use=l&cat=p&typeid=i","cat":316007},{"id":182071,"n":"Croquettes chien Ultima Mini Adulte poulet - 1.35kg","p":5.56,"u":"4,12 €/KG","img":"https://fd13-photos.leclercdrive.fr/image.ashx?id=2926645&use=l&cat=p&typeid=i","cat":294526},{"id":182160,"n":"Maïs croquant d'Aucy 4x285g","p":3.99,"u":"3,50 €/KG","img":"https://fd13-photos.leclercdrive.fr/image.ashx?id=2478526&use=l&cat=p&typeid=i","cat":312611},{"id":182179,"n":"Boisson aux fruits Oasis Tropical - 1,5L","p":2.04,"u":"1,36 €/L","img":"https://fd13-photos.leclercdrive.fr/image.ashx?id=2666698&use=l&cat=p&typeid=i","cat":295018},{"id":182180,"n":"Sirop de Grenadine Bio Village Bio - 50cl","p":2.45,"u":"4,90 €/L","img":"https://fd13-photos.leclercdrive.fr/image.ashx?id=2931947&use=l&cat=p&typeid=i","cat":295020},{"id":182181,"n":"Sirop de Menthe Bio Village Bio - 50cl","p":2.45,"u":"4,90 €/L","img":"https://fd13-photos.leclercdrive.fr/image.ashx?id=2873189&use=l&cat=p&typeid=i","cat":295020},{"id":182212,"n":"Semoule moyenne panzani 500g","p":1.48,"u":"2,96 €/KG","img":"https://fd13-photos.leclercdrive.fr/image.ashx?id=2745562&use=l&cat=p&typeid=i","cat":284429},{"id":182214,"n":"Pâtes collerettes lustucru 500g","p":1.09,"u":"2,18 €/KG","img":"https://fd13-photos.leclercdrive.fr/image.ashx?id=2740730&use=l&cat=p&typeid=i","cat":284427},{"id":182218,"n":"Chips paysanne nature Lay's Sel - 155g","p":1.23,"u":"7,94 €/KG","img":"https://fd13-photos.leclercdrive.fr/image.ashx?id=2818602&use=l&cat=p&typeid=i","cat":284447},{"id":182259,"n":"Chips ancienne nature Lay's Sel format familial - 295g","p":2.47,"u":"8,37 €/KG","img":"https://fd13-photos.leclercdrive.fr/image.ashx?id=2999243&use=l&cat=p&typeid=i","cat":284447},{"id":182260,"n":"Chips paysanne nature Lay's Sel format familial - 295g","p":2.26,"u":"7,66 €/KG","img":"https://fd13-photos.leclercdrive.fr/image.ashx?id=2848716&use=l&cat=p&typeid=i","cat":284447},{"id":182364,"n":"Jambon sec Saint Azay Label Rouge - 6 tranches - 100g","p":3.69,"u":"36,90 €/KG","img":"https://fd13-photos.leclercdrive.fr/image.ashx?id=2345845&use=l&cat=p&typeid=i","cat":316007},{"id":182373,"n":"Skyr Siggi's  Mangue Passion - 2x140g","p":2.19,"u":"7,82 €/KG","img":"https://fd13-photos.leclercdrive.fr/image.ashx?id=2792027&use=l&cat=p&typeid=i","cat":315000},{"id":182479,"n":"Huile d'Olive Tramier Vierge  Extra Sans Pesticides 75cl","p":8.79,"u":"11,72 €/L","img":"https://fd13-photos.leclercdrive.fr/image.ashx?id=2647188&use=l&cat=p&typeid=i","cat":284453},{"id":182480,"n":"Lait bébé en poudre Guigoz Gest 1er âge - 0-6 mois - 830g","p":18.43,"u":"22,20 €/KG","img":"https://fd13-photos.leclercdrive.fr/image.ashx?id=2895047&use=l&cat=p&typeid=i","cat":284726},{"id":182500,"n":"Complément alimentaire Brûle Graisse x46 Gélules","p":5.38,"u":"0,12 €/P","img":"https://fd13-photos.leclercdrive.fr/image.ashx?id=2860241&use=l&cat=p&typeid=i","cat":284632},{"id":182791,"n":"Croquettes chiens adultes Poulet - 7kg","p":24.57,"u":"3,51 €/KG","img":"https://fd13-photos.leclercdrive.fr/image.ashx?id=2894968&use=l&cat=p&typeid=i","cat":294526},{"id":182792,"n":"Croquettes Ultima Junior Petit chien - 1.35kg","p":5.25,"u":"3,89 €/KG","img":"https://fd13-photos.leclercdrive.fr/image.ashx?id=2928903&use=l&cat=p&typeid=i","cat":294526},{"id":182799,"n":"Cumin Moulu Ducros 40g","p":2.52,"u":"63,00 €/KG","img":"https://fd13-photos.leclercdrive.fr/image.ashx?id=2983222&use=l&cat=p&typeid=i","cat":298297},{"id":182808,"n":"Croquettes chiens Ultima Mini Senior Agevital - 1.35kg","p":5.55,"u":"4,11 €/KG","img":"https://fd13-photos.leclercdrive.fr/image.ashx?id=2921918&use=l&cat=p&typeid=i","cat":294526},{"id":182820,"n":"Céréales Weetabix original  430g","p":3.0,"u":"6,98 €/KG","img":"https://fd13-photos.leclercdrive.fr/image.ashx?id=2853347&use=l&cat=p&typeid=i","cat":309512},{"id":182887,"n":"Fromage à tartiner Boursin Ail & fines herbes - 150g","p":2.2,"u":"14,67 €/KG","img":"https://fd13-photos.leclercdrive.fr/image.ashx?id=2964449&use=l&cat=p&typeid=i","cat":314029},{"id":182895,"n":"Badiane Sainte Lucie 15g","p":2.36,"u":"157,33 €/KG","img":"https://fd13-photos.leclercdrive.fr/image.ashx?id=2349782&use=l&cat=p&typeid=i","cat":298297},{"id":182896,"n":"Citronnelle lyophilisée 7g","p":3.59,"u":"512,86 €/KG","img":"https://fd13-photos.leclercdrive.fr/image.ashx?id=2349770&use=l&cat=p&typeid=i","cat":298297},{"id":182899,"n":"Mélange Tajine Sainte Lucie 30g","p":2.49,"u":"83,00 €/KG","img":"https://fd13-photos.leclercdrive.fr/image.ashx?id=2349785&use=l&cat=p&typeid=i","cat":298297},{"id":182905,"n":"Piment oiseaux Sainte Lucie 15g","p":2.34,"u":"156,00 €/KG","img":"https://fd13-photos.leclercdrive.fr/image.ashx?id=2974321&use=l&cat=p&typeid=i","cat":298297},{"id":182910,"n":"Curry thai bio Céréal Bio  Lentilles repas express - 240g","p":2.49,"u":"10,38 €/KG","img":"https://fd13-photos.leclercdrive.fr/image.ashx?id=2664079&use=l&cat=p&typeid=i","cat":287600},{"id":182912,"n":"Yakisoba Céréal Bio   Bio légumes repas express 240g","p":2.91,"u":"12,13 €/KG","img":"https://fd13-photos.leclercdrive.fr/image.ashx?id=2665628&use=l&cat=p&typeid=i","cat":287600},{"id":182920,"n":"Pâtes Al Bronzo Barilla Spaghettoni - 400g","p":1.96,"u":"4,90 €/KG","img":"https://fd13-photos.leclercdrive.fr/image.ashx?id=2414466&use=l&cat=p&typeid=i","cat":284427},{"id":182925,"n":"Pâtes Collezione Barilla Bucatini Grandi -  500g","p":2.13,"u":"4,26 €/KG","img":"https://fd13-photos.leclercdrive.fr/image.ashx?id=2726521&use=l&cat=p&typeid=i","cat":284427},{"id":182938,"n":"Sauce crudités Caesar Amora 380ml","p":2.9,"u":"7,63 €/L","img":"https://fd13-photos.leclercdrive.fr/image.ashx?id=2655223&use=l&cat=p&typeid=i","cat":284456},{"id":182939,"n":"Chips Tuiles Pringles Barbecue - 175g","p":2.17,"u":"12,40 €/KG","img":"https://fd13-photos.leclercdrive.fr/image.ashx?id=2662502&use=l&cat=p&typeid=i","cat":287899},{"id":182963,"n":"Glace Trium Vanille - x4 - 294g","p":3.27,"u":"11,12 €/KG","img":"https://fd13-photos.leclercdrive.fr/image.ashx?id=2911714&use=l&cat=p&typeid=i","cat":284265},{"id":183050,"n":"IGP Pays d'Oc grenache rouge Max Lion - 75cl","p":6.46,"u":"8,61 €/L","img":"https://fd13-photos.leclercdrive.fr/image.ashx?id=2652676&use=l&cat=p&typeid=i","cat":289556},{"id":183104,"n":"Nutella Biscuit pâte à tartiner Cacao Noisettes - 207g","p":1.54,"u":"7,44 €/KG","img":"https://fd13-photos.leclercdrive.fr/image.ashx?id=2834035&use=l&cat=p&typeid=i","cat":284488},{"id":183105,"n":"Eau gazeuse San Pellegrino Essenza citron - 6x33cL","p":3.76,"u":"1,90 €/L","img":"https://fd13-photos.leclercdrive.fr/image.ashx?id=2864203&use=l&cat=p&typeid=i","cat":284536},{"id":183106,"n":"Eau gazeuse San Pellegrino Essenza sanguine - 6x33cl","p":3.35,"u":"1,69 €/L","img":"https://fd13-photos.leclercdrive.fr/image.ashx?id=2852010&use=l&cat=p&typeid=i","cat":284536},{"id":183107,"n":"Eau gazeuse San Pellegrino Essenza Pêche melon - 6x33cl","p":3.39,"u":"1,71 €/L","img":"https://fd13-photos.leclercdrive.fr/image.ashx?id=2997292&use=l&cat=p&typeid=i","cat":284536},{"id":183128,"n":"Epinards hachés à la crème  Findus légume - 500g","p":2.33,"u":"4,66 €/KG","img":"https://fd13-photos.leclercdrive.fr/image.ashx?id=3008767&use=l&cat=p&typeid=i","cat":319805},{"id":183129,"n":"Epinards Légumes Findus branches à la crème - 480g","p":2.79,"u":"5,81 €/KG","img":"https://fd13-photos.leclercdrive.fr/image.ashx?id=2937349&use=l&cat=p&typeid=i","cat":319805},{"id":183172,"n":"Emietté de thon Petit Navire Vinaigre balsamique - 110g","p":2.25,"u":"20,45 €/KG","img":"https://fd13-photos.leclercdrive.fr/image.ashx?id=2682860&use=l&cat=p&typeid=i","cat":303867},{"id":183190,"n":"Pile alcaline Varta Longlife Power C - x2","p":4.3,"u":"2,15 €/P","img":"https://fd13-photos.leclercdrive.fr/image.ashx?id=2354950&use=l&cat=p&typeid=i","cat":300572},{"id":183211,"n":"Madeleines longues Le Ster Marbrées choco - 4x250g","p":4.49,"u":"4,49 €/KG","img":"https://fd13-photos.leclercdrive.fr/image.ashx?id=2827224&use=l&cat=p&typeid=i","cat":284492},{"id":183212,"n":"Madeleines longues Le Ster Sucre - 4x250g","p":4.49,"u":"4,49 €/KG","img":"https://fd13-photos.leclercdrive.fr/image.ashx?id=2827221&use=l&cat=p&typeid=i","cat":284492},{"id":183357,"n":"Cœurs de Palmiers Rochefontaine - 220g","p":3.47,"u":"15,77 €/KG","img":"https://fd13-photos.leclercdrive.fr/image.ashx?id=2650513&use=l&cat=p&typeid=i","cat":312611},{"id":183375,"n":"Minis brownies choc au lait Brossard - 240g","p":3.22,"u":"13,42 €/KG","img":"https://fd13-photos.leclercdrive.fr/image.ashx?id=2977498&use=l&cat=p&typeid=i","cat":294776},{"id":183395,"n":"Huile d'olive Puget 75cl","p":8.95,"u":"11,93 €/L","img":"https://fd13-photos.leclercdrive.fr/image.ashx?id=2460925&use=l&cat=p&typeid=i","cat":284453},{"id":183414,"n":"Croquettes Ultima Light Petit chien - 1,35kg","p":5.56,"u":"4,12 €/KG","img":"https://fd13-photos.leclercdrive.fr/image.ashx?id=2921912&use=l&cat=p&typeid=i","cat":294526},{"id":183496,"n":"Brocolis fleurette Notre Jardin 900g","p":1.99,"u":"2,21 €/KG","img":"https://fd13-photos.leclercdrive.fr/image.ashx?id=2873168&use=l&cat=p&typeid=i","cat":319805},{"id":183610,"n":"San Marco Intenso Grain N°9 500G","p":11.46,"u":"22,92 €/KG","img":"https://fd13-photos.leclercdrive.fr/image.ashx?id=2463501&use=l&cat=p&typeid=i","cat":293237},{"id":183839,"n":"Mélange à l'espagnole Ducros 48g","p":3.06,"u":"63,75 €/KG","img":"https://fd13-photos.leclercdrive.fr/image.ashx?id=2559508&use=l&cat=p&typeid=i","cat":298297},{"id":183840,"n":"Curcuma moulu Ducros 45g","p":2.25,"u":"50,00 €/KG","img":"https://fd13-photos.leclercdrive.fr/image.ashx?id=2486644&use=l&cat=p&typeid=i","cat":298297},{"id":183846,"n":"Gel WC Canard Vague Océane - 750ml","p":2.39,"u":"3,19 €/L","img":"https://fd13-photos.leclercdrive.fr/image.ashx?id=2746310&use=l&cat=p&typeid=i","cat":284662},{"id":183849,"n":"Déodorant L'Arbre Vert Argan   Hamamélis - 50ml","p":2.5,"u":"50,00 €/L","img":"https://fd13-photos.leclercdrive.fr/image.ashx?id=2862491&use=l&cat=p&typeid=i","cat":284595},{"id":183850,"n":"Lingettes désinfectantes St  Marc Anti-Bactériennes - x30","p":1.59,"u":"0,05 €/P","img":"https://fd13-photos.leclercdrive.fr/image.ashx?id=2358198&use=l&cat=p&typeid=i","cat":null},{"id":183854,"n":"Déodorant Rexona Men anti transpirant Cobalt Dry - 200ml","p":3.54,"u":"17,70 €/L","img":"https://fd13-photos.leclercdrive.fr/image.ashx?id=2858711&use=l&cat=p&typeid=i","cat":284618},{"id":183857,"n":"Gel Douche Le Petit Marseillais  Lait d'amande douce - 650ml","p":3.17,"u":"4,88 €/L","img":"https://fd13-photos.leclercdrive.fr/image.ashx?id=2684197&use=l&cat=p&typeid=i","cat":284594},{"id":183862,"n":"Bloc WC Bref Brilliant Gel Toilettes propres - 42g x1","p":1.92,"u":"45,71 €/KG","img":"https://fd13-photos.leclercdrive.fr/image.ashx?id=2976782&use=l&cat=p&typeid=i","cat":284662},{"id":183888,"n":"Bière blonde Corona Cero 0,0% - 6x33cl","p":7.53,"u":"3,80 €/L","img":"https://fd13-photos.leclercdrive.fr/image.ashx?id=2526496&use=l&cat=p&typeid=i","cat":334877},{"id":183907,"n":"Dentifrice blancheur Colgate Max white optic - 75ml","p":2.38,"u":"31,73 €/L","img":"https://fd13-photos.leclercdrive.fr/image.ashx?id=2738395&use=l&cat=p&typeid=i","cat":284612},{"id":183910,"n":"Perles de Cire Chaude Expert  Veet A la Cire d'abeille 250ml","p":5.49,"u":"23,87 €/KG","img":"https://fd13-photos.leclercdrive.fr/image.ashx?id=2960678&use=l&cat=p&typeid=i","cat":325351},{"id":183915,"n":"Shampooing Nat&Nove Bio Nutrition cheveux secs - 250 ml","p":4.61,"u":"18,44 €/L","img":"https://fd13-photos.leclercdrive.fr/image.ashx?id=2583153&use=l&cat=p&typeid=i","cat":284606},{"id":183916,"n":"Torsade Alpina Savoie Collection 1844 - 500g","p":2.1,"u":"4,20 €/KG","img":"https://fd13-photos.leclercdrive.fr/image.ashx?id=2358153&use=l&cat=p&typeid=i","cat":284427},{"id":183918,"n":"Linguine Alpina Savoie Collection 1844 - 500g","p":1.92,"u":"3,84 €/KG","img":"https://fd13-photos.leclercdrive.fr/image.ashx?id=2358159&use=l&cat=p&typeid=i","cat":284427},{"id":183925,"n":"Epinette Alpina Savoie Collection 1844 - 500g","p":1.96,"u":"3,92 €/KG","img":"https://fd13-photos.leclercdrive.fr/image.ashx?id=2359174&use=l&cat=p&typeid=i","cat":284427},{"id":183960,"n":"Veet Bandes de Cire Froide Pure épilation Visage x20","p":4.51,"u":"225,50 €/KG","img":"https://fd13-photos.leclercdrive.fr/image.ashx?id=2834362&use=l&cat=p&typeid=i","cat":325351},{"id":184005,"n":"Gel Douche Le Petit Marseillais  Fleur d'oranger - 650ml","p":3.38,"u":"5,20 €/L","img":"https://fd13-photos.leclercdrive.fr/image.ashx?id=2684533&use=l&cat=p&typeid=i","cat":284594},{"id":184009,"n":"Gel WC Canard Forêt Aquatique - 750ml","p":2.29,"u":"3,05 €/L","img":"https://fd13-photos.leclercdrive.fr/image.ashx?id=2746313&use=l&cat=p&typeid=i","cat":284662},{"id":184073,"n":"Boisson Epeautre Bjorg Sans sucres Bio - 1L","p":2.0,"u":"2,00 €/L","img":"https://fd13-photos.leclercdrive.fr/image.ashx?id=2939460&use=l&cat=p&typeid=i","cat":316067},{"id":184141,"n":"Desserts Lactés P'TIT BRASSE Mangue 6M+ - 4x90g","p":2.09,"u":"5,81 €/KG","img":"https://fd13-photos.leclercdrive.fr/image.ashx?id=2594226&use=l&cat=p&typeid=i","cat":312392},{"id":184143,"n":"Desserts Lactés P'TIT BRASSE Fraise banane 6M+ - 4x90g","p":2.11,"u":"5,86 €/KG","img":"https://fd13-photos.leclercdrive.fr/image.ashx?id=2594229&use=l&cat=p&typeid=i","cat":312392},{"id":184148,"n":"Biscuits croquants Délichoc Chocolat au lait - 150g","p":1.95,"u":"13,00 €/KG","img":"https://fd13-photos.leclercdrive.fr/image.ashx?id=2867365&use=l&cat=p&typeid=i","cat":284488},{"id":184228,"n":"AOC Bordeaux rouge  La Petite Chapelle - 75cl","p":4.9,"pp":3.23,"u":"4,31 €/L","img":"https://fd13-photos.leclercdrive.fr/image.ashx?id=2811314&use=l&cat=p&typeid=i","cat":289556},{"id":184305,"n":"Carré de porc sans os L'Atelier Boucherie x10 - 440g","p":4.94,"u":"11,23 €/KG","img":"https://fd13-photos.leclercdrive.fr/image.ashx?id=2932701&use=l&cat=p&typeid=i","cat":284331},{"id":184307,"n":"Côtes de porc première L'Atelier Boucherie x2 - 300g","p":2.7,"u":"9,00 €/KG","img":"https://fd13-photos.leclercdrive.fr/image.ashx?id=2930552&use=l&cat=p&typeid=i","cat":284331},{"id":184308,"n":"Côtes de porc échine L'Atelier Boucherie x4 - 680g","p":5.14,"u":"7,56 €/KG","img":"https://fd13-photos.leclercdrive.fr/image.ashx?id=2930555&use=l&cat=p&typeid=i","cat":284331},{"id":184310,"n":"Entrecôte de boeuf*** L'Atelier Boucherie x1 - 200g","p":6.09,"u":"30,45 €/KG","img":"https://fd13-photos.leclercdrive.fr/image.ashx?id=2913781&use=l&cat=p&typeid=i","cat":284328},{"id":184315,"n":"Steak de boeuf** L'Atelier Boucherie x2 - 260g","p":5.39,"u":"20,73 €/KG","img":"https://fd13-photos.leclercdrive.fr/image.ashx?id=2930582&use=l&cat=p&typeid=i","cat":284328},{"id":184316,"n":"Bavette d'Aloyau*** L'Atelier Boucherie x1 - 150g","p":4.95,"u":"33,00 €/KG","img":"https://fd13-photos.leclercdrive.fr/image.ashx?id=2930585&use=l&cat=p&typeid=i","cat":284328},{"id":184320,"n":"Rôti de porc L'Atelier Boucherie - 600g","p":6.59,"u":"10,98 €/KG","img":"https://fd13-photos.leclercdrive.fr/image.ashx?id=2953749&use=l&cat=p&typeid=i","cat":284331},{"id":184321,"n":"Filet mignon de porc L'Atelier Boucherie x2 - 990g","p":13.59,"u":"13,73 €/KG","img":"https://fd13-photos.leclercdrive.fr/image.ashx?id=2932704&use=l&cat=p&typeid=i","cat":284331},{"id":184323,"n":"Sauté de veau*** à mijoter L'Atelier Boucherie - 500g","p":9.99,"u":"19,98 €/KG","img":"https://fd13-photos.leclercdrive.fr/image.ashx?id=2930600&use=l&cat=p&typeid=i","cat":284329},{"id":184355,"n":"Boisson énergisante Red Bull  Goût Fruit du Dragon, 250ml","p":1.3,"u":"5,20 €/L","img":"https://fd13-photos.leclercdrive.fr/image.ashx?id=3011992&use=l&cat=p&typeid=i","cat":284533},{"id":184427,"n":"Thé glacé Oasis Ice Tea Saveur Pêche - 1,5L","p":1.72,"u":"1,15 €/L","img":"https://fd13-photos.leclercdrive.fr/image.ashx?id=2688836&use=l&cat=p&typeid=i","cat":295019},{"id":184509,"n":"AOP Effervescent Champagne rosé Champagne pommery brut rosé BRI","p":40.36,"u":"53,81 €/L","img":"https://fd13-photos.leclercdrive.fr/image.ashx?id=2364222&use=l&cat=p&typeid=i","cat":284542},{"id":184540,"n":"Fromage Fouetté Nature à tartiner Les Croisés - 150g","p":1.41,"u":"9,40 €/KG","img":"https://fd13-photos.leclercdrive.fr/image.ashx?id=2662634&use=l&cat=p&typeid=i","cat":314029},{"id":184553,"n":"Blocs WC Syphon fraîcheur marine x2 - 110g","p":2.0,"u":"18,18 €/KG","img":"https://fd13-photos.leclercdrive.fr/image.ashx?id=2670359&use=l&cat=p&typeid=i","cat":284662},{"id":184559,"n":"Liquide vaisselle Paic Eucalyptus - 750ml","p":2.24,"u":"2,99 €/L","img":"https://fd13-photos.leclercdrive.fr/image.ashx?id=2363243&use=l&cat=p&typeid=i","cat":284655},{"id":184568,"n":"Muesli croustillant Bio village Bio Chocolat quinoa - 500g","p":4.2,"u":"8,40 €/KG","img":"https://fd13-photos.leclercdrive.fr/image.ashx?id=2720196&use=l&cat=p&typeid=i","cat":309512},{"id":184569,"n":"Muesli croustillant Bio Village Bio Chocolat - 500g","p":3.72,"u":"7,44 €/KG","img":"https://fd13-photos.leclercdrive.fr/image.ashx?id=2559984&use=l&cat=p&typeid=i","cat":309512},{"id":184571,"n":"Sauce barbecue Amora 285g","p":1.74,"u":"6,11 €/KG","img":"https://fd13-photos.leclercdrive.fr/image.ashx?id=3004447&use=l&cat=p&typeid=i","cat":318431},{"id":184587,"n":"Bâtonnets glacés Oasis Fraise citron framboise x10 - 400g","p":2.79,"u":"6,98 €/KG","img":"https://fd13-photos.leclercdrive.fr/image.ashx?id=2877871&use=l&cat=p&typeid=i","cat":284265},{"id":184831,"n":"Ail semoule Ducros 140g","p":2.49,"u":"17,79 €/KG","img":"https://fd13-photos.leclercdrive.fr/image.ashx?id=2559511&use=l&cat=p&typeid=i","cat":298297},{"id":184837,"n":"Compotes Pom'Potes Gourdes  Pomme Banane - 4x90g","p":2.3,"u":"6,39 €/KG","img":"https://fd13-photos.leclercdrive.fr/image.ashx?id=2978637&use=l&cat=p&typeid=i","cat":284508},{"id":184876,"n":"Cahier  Esquisse 96 pages Jaune - 17x22cm","p":0.65,"img":"https://fd13-photos.leclercdrive.fr/image.ashx?id=2544750&use=l&cat=p&typeid=i","cat":284697},{"id":184877,"n":"Cahier  Esquisse 96 pages Vert - 17x22cm","p":0.65,"img":"https://fd13-photos.leclercdrive.fr/image.ashx?id=2544753&use=l&cat=p&typeid=i","cat":284697},{"id":184919,"n":"Vin rosé Bordeaux  Léo by Léo - BIB 3L","p":23.8,"u":"7,93 €/L","img":"https://fd13-photos.leclercdrive.fr/image.ashx?id=2367823&use=l&cat=p&typeid=i","cat":289560},{"id":184921,"n":"Vin rouge Bordeaux Léo by Léo - BIB 3L","p":14.9,"pp":9.83,"u":"3,28 €/L","img":"https://fd13-photos.leclercdrive.fr/image.ashx?id=2366959&use=l&cat=p&typeid=i","cat":289560},{"id":184926,"n":"Sugo alla bolognese 340g","p":2.75,"u":"8,09 €/KG","img":"https://fd13-photos.leclercdrive.fr/image.ashx?id=2840022&use=l&cat=p&typeid=i","cat":287599},{"id":184982,"n":"Eau de Javel La Croix Désinfectant Original 3x250ml","p":1.58,"u":"2,11 €/L","img":"https://fd13-photos.leclercdrive.fr/image.ashx?id=2738386&use=l&cat=p&typeid=i","cat":284661},{"id":184997,"n":"Infusion bio Elephant Detox - x20","p":1.91,"u":"56,18 €/KG","img":"https://fd13-photos.leclercdrive.fr/image.ashx?id=2507566&use=l&cat=p&typeid=i","cat":293234},{"id":184999,"n":"Infusion bio Elephant Relax - x20","p":2.26,"u":"86,92 €/KG","img":"https://fd13-photos.leclercdrive.fr/image.ashx?id=2507572&use=l&cat=p&typeid=i","cat":293234},{"id":185000,"n":"Infusion Bio Eléphant Menthe Thym - x20 sachets","p":2.32,"u":"89,23 €/KG","img":"https://fd13-photos.leclercdrive.fr/image.ashx?id=2507563&use=l&cat=p&typeid=i","cat":293234},{"id":185031,"n":"Dentifrice blancheur Colgate Max White Optic - 2x75ml","p":3.87,"u":"25,80 €/L","img":"https://fd13-photos.leclercdrive.fr/image.ashx?id=2369246&use=l&cat=p&typeid=i","cat":284612},{"id":185165,"n":"Skyr Yoplait  Coco 1%Mg - 4x100g","p":2.03,"u":"5,08 €/KG","img":"https://fd13-photos.leclercdrive.fr/image.ashx?id=2884459&use=l&cat=p&typeid=i","cat":315000},{"id":185166,"n":"Skyr Yoplait  Vanille 0%MG - 4x100G","p":2.27,"u":"5,68 €/KG","img":"https://fd13-photos.leclercdrive.fr/image.ashx?id=2884456&use=l&cat=p&typeid=i","cat":315000},{"id":185271,"n":"Vin d'Espagne Chardonnay blanc 5L","p":10.89,"u":"2,18 €/L","img":"https://fd13-photos.leclercdrive.fr/image.ashx?id=2549726&use=l&cat=p&typeid=i","cat":289557},{"id":185274,"n":"Chips Tuiles Pringles Bacon - 175g","p":2.23,"u":"12,74 €/KG","img":"https://fd13-photos.leclercdrive.fr/image.ashx?id=2661754&use=l&cat=p&typeid=i","cat":287899},{"id":185443,"n":"Thé vert citron Yate x25 - 37,5g","p":0.79,"u":"20,79 €/KG","img":"https://fd13-photos.leclercdrive.fr/image.ashx?id=2646008&use=l&cat=p&typeid=i","cat":293233},{"id":185461,"n":"Crème dessert La Laitière  Frais Fondant caramel - 4x115g","p":2.11,"u":"4,59 €/KG","img":"https://fd13-photos.leclercdrive.fr/image.ashx?id=2742794&use=l&cat=p&typeid=i","cat":285041},{"id":185567,"n":"Liniment oléo-calcaire Biolane  700 ml","p":7.34,"u":"10,49 €/L","img":"https://fd13-photos.leclercdrive.fr/image.ashx?id=2586864&use=l&cat=p&typeid=i","cat":284741},{"id":185568,"n":"Gel Lavant Biolane Corps et cheveux 750 ml","p":5.24,"u":"6,99 €/L","img":"https://fd13-photos.leclercdrive.fr/image.ashx?id=2586867&use=l&cat=p&typeid=i","cat":284740},{"id":185571,"n":"Eau pure H2O Biolane 750 ml","p":4.89,"u":"6,52 €/L","img":"https://fd13-photos.leclercdrive.fr/image.ashx?id=2733247&use=l&cat=p&typeid=i","cat":284741},{"id":185634,"n":"Pain Bruschetta Florelli à l'huile d'olive - 400g","p":2.77,"u":"6,93 €/KG","img":"https://fd13-photos.leclercdrive.fr/image.ashx?id=3012206&use=l&cat=p&typeid=i","cat":289010},{"id":185665,"n":"DOC Prosecco Rosé Mionetto - 75cl","p":6.67,"u":"8,89 €/L","img":"https://fd13-photos.leclercdrive.fr/image.ashx?id=3011914&use=l&cat=p&typeid=i","cat":289461},{"id":185744,"n":"AOP Mâcon-Villages Blason de Bourgogne - 75cl","p":7.9,"u":"10,53 €/L","img":"https://fd13-photos.leclercdrive.fr/image.ashx?id=2377544&use=l&cat=p&typeid=i","cat":289557},{"id":185789,"n":"Myrtilles Panier du Primeur 125g","p":1.89,"u":"15,12 €/KG","img":"https://fd13-photos.leclercdrive.fr/image.ashx?id=2375773&use=l&cat=p&typeid=i","cat":284356},{"id":185831,"n":"Préparation Gâteau alsa Moelleux Marbré - 435g","p":2.19,"u":"5,03 €/KG","img":"https://fd13-photos.leclercdrive.fr/image.ashx?id=2996428&use=l&cat=p&typeid=i","cat":284505},{"id":185840,"n":"RECH SPRAY AUTO BIEN AIR AGRUMES 250ML","p":2.39,"u":"9,56 €/L","img":"https://fd13-photos.leclercdrive.fr/image.ashx?id=2531104&use=l&cat=p&typeid=i","cat":311629},{"id":185854,"n":"Bière blonde Tripel Karmeliet 8,4% - 12x25cl","p":15.9,"u":"5,30 €/L","img":"https://fd13-photos.leclercdrive.fr/image.ashx?id=2457485&use=l&cat=p&typeid=i","cat":334872},{"id":185950,"n":"Cristaline fontaine 8L","p":2.14,"u":"0,27 €/L","img":"https://fd13-photos.leclercdrive.fr/image.ashx?id=2418891&use=l&cat=p&typeid=i","cat":284535},{"id":185999,"n":"Boisson végétale Bio Village Riz nature bio - 1l","p":1.65,"u":"1,65 €/L","img":"https://fd13-photos.leclercdrive.fr/image.ashx?id=2381581&use=l&cat=p&typeid=i","cat":316067},{"id":186002,"n":"Porto blanc Dorrao 18%vol - 75cl","p":6.07,"u":"8,09 €/L","img":"https://fd13-photos.leclercdrive.fr/image.ashx?id=2869880&use=l&cat=p&typeid=i","cat":284913},{"id":186034,"n":"Nepo Tropical Milkshake Neipa 75cl","p":5.9,"u":"7,87 €/L","img":"https://fd13-photos.leclercdrive.fr/image.ashx?id=2382583&use=l&cat=p&typeid=i","cat":334872},{"id":186043,"n":"Lardons Nature Herta  Sans nitrite - 2x75g","p":1.91,"u":"12,73 €/KG","img":"https://fd13-photos.leclercdrive.fr/image.ashx?id=2785802&use=l&cat=p&typeid=i","cat":316011},{"id":186048,"n":"Masque 2 en 1 Energie Fruit Sans silicone Monoi - 300ml","p":4.45,"u":"14,83 €/L","img":"https://fd13-photos.leclercdrive.fr/image.ashx?id=2795878&use=l&cat=p&typeid=i","cat":284608},{"id":186051,"n":"Gel WC Désinfectant Canard Action Intense Marine - 750ml","p":1.34,"u":"1,79 €/L","img":"https://fd13-photos.leclercdrive.fr/image.ashx?id=2929473&use=l&cat=p&typeid=i","cat":284662},{"id":186055,"n":"Boisson énergisante Red Bull Goût Pastèque, 250ml","p":1.3,"u":"5,20 €/L","img":"https://fd13-photos.leclercdrive.fr/image.ashx?id=2471655&use=l&cat=p&typeid=i","cat":284533},{"id":186056,"n":"Boisson énergisante Red Bull Goût Coco-Acaï, 250ml","p":1.3,"u":"5,20 €/L","img":"https://fd13-photos.leclercdrive.fr/image.ashx?id=2471658&use=l&cat=p&typeid=i","cat":284533},{"id":186078,"n":"Tartinade de thon Petit Navire Tomates séchées et Thym 2x125g","p":3.72,"u":"14,88 €/KG","img":"https://fd13-photos.leclercdrive.fr/image.ashx?id=2835845&use=l&cat=p&typeid=i","cat":303867},{"id":186108,"n":"Savon solide Bio Mots d'enfants 100g","p":1.29,"u":"12,90 €/KG","img":"https://fd13-photos.leclercdrive.fr/image.ashx?id=3015126&use=l&cat=p&typeid=i","cat":284740},{"id":186187,"n":"Bonbons Krema Tropical Party - 580g","p":3.94,"u":"6,79 €/KG","img":"https://fd13-photos.leclercdrive.fr/image.ashx?id=2383139&use=l&cat=p&typeid=i","cat":304250},{"id":186188,"n":"Bonbons Krema Soda Mania - 580g","p":2.77,"u":"4,78 €/KG","img":"https://fd13-photos.leclercdrive.fr/image.ashx?id=2484969&use=l&cat=p&typeid=i","cat":304250},{"id":186202,"n":"Mozzarella Les Croisés Tranchettes - 200g","p":1.99,"u":"9,95 €/KG","img":"https://fd13-photos.leclercdrive.fr/image.ashx?id=2383094&use=l&cat=p&typeid=i","cat":314026},{"id":186258,"n":"Lessive Capsules Tout-en-1 Skip Fraîcheur Intense x26 Capsules","p":10.33,"u":"18,75 €/KG","img":"https://fd13-photos.leclercdrive.fr/image.ashx?id=2978934&use=l&cat=p&typeid=i","cat":284641},{"id":186260,"n":"Lessive Capsules Skip Tout-en-1 Active Clean x26","p":9.27,"u":"16,82 €/KG","img":"https://fd13-photos.leclercdrive.fr/image.ashx?id=2940651&use=l&cat=p&typeid=i","cat":284641},{"id":186263,"n":"Lessive Capsules Tout-en-1 Skip Fraîcheur Intense 38 Lavages","p":13.34,"u":"16,55 €/KG","img":"https://fd13-photos.leclercdrive.fr/image.ashx?id=2929236&use=l&cat=p&typeid=i","cat":284641},{"id":186265,"n":"Lingettes bébé Harmonie Aqua Pampers - 48 lingettes","p":3.45,"u":"0,07 €/P","img":"https://fd13-photos.leclercdrive.fr/image.ashx?id=2805903&use=l&cat=p&typeid=i","cat":284738},{"id":186294,"n":"Capsules lave-vaisselle Finish  Quantum Citron - x35","p":9.95,"u":"27,34 €/KG","img":"https://fd13-photos.leclercdrive.fr/image.ashx?id=2393293&use=l&cat=p&typeid=i","cat":284656},{"id":186296,"n":"Lessive Capsules Skip Tout-en-1 Active Clean x38","p":9.69,"u":"12,02 €/KG","img":"https://fd13-photos.leclercdrive.fr/image.ashx?id=2757114&use=l&cat=p&typeid=i","cat":284641},{"id":186307,"n":"Shampooing nourissant Energie Fruit - 250ml","p":2.63,"u":"10,52 €/L","img":"https://fd13-photos.leclercdrive.fr/image.ashx?id=2795869&use=l&cat=p&typeid=i","cat":284606},{"id":186308,"n":"Masque 2 en 1 Energie Fruit Sans silicone - 300ml","p":3.71,"u":"12,37 €/L","img":"https://fd13-photos.leclercdrive.fr/image.ashx?id=2795875&use=l&cat=p&typeid=i","cat":284608},{"id":186322,"n":"Lingettes pour bébé Pampers Harmonie Aqua - 3x48","p":6.08,"u":"0,04 €/P","img":"https://fd13-photos.leclercdrive.fr/image.ashx?id=2903809&use=l&cat=p&typeid=i","cat":284738},{"id":186323,"n":"Sous-vêtements de nuit Ninjamas Fille 8-12 ans - x9","p":6.36,"u":"0,71 €/P","img":"https://fd13-photos.leclercdrive.fr/image.ashx?id=2479541&use=l&cat=p&typeid=i","cat":290633},{"id":186391,"n":"ULTIMA Chat Stérilisé Poisson - 4x85g","p":2.29,"u":"0,67 €/L","img":"https://fd13-photos.leclercdrive.fr/image.ashx?id=2985627&use=l&cat=p&typeid=i","cat":285286},{"id":186392,"n":"ULTIMA Chat Stérilisé Viandes 4x85g","p":2.6,"u":"7,65 €/KG","img":"https://fd13-photos.leclercdrive.fr/image.ashx?id=2985630&use=l&cat=p&typeid=i","cat":285286},{"id":186471,"n":"Gousses de vanille Madagascar Sainte Lucie - 5.4g","p":6.39,"img":"https://fd13-photos.leclercdrive.fr/image.ashx?id=2386569&use=l&cat=p&typeid=i","cat":284504},{"id":186496,"n":"Capsules café L'Or Espresso Saveur Vanille x10","p":2.38,"u":"45,77 €/KG","img":"https://fd13-photos.leclercdrive.fr/image.ashx?id=2387046&use=l&cat=p&typeid=i","cat":293241},{"id":186497,"n":"Capsules café L'Or Espresso Saveur Caramel x10","p":2.38,"u":"45,77 €/KG","img":"https://fd13-photos.leclercdrive.fr/image.ashx?id=2387049&use=l&cat=p&typeid=i","cat":293241},{"id":186531,"n":"Lot de 3 culottes menstruelles  Feel Natural - x1","p":58.32,"img":"https://fd13-photos.leclercdrive.fr/image.ashx?id=2608250&use=l&cat=p&typeid=i","cat":284624},{"id":186566,"n":"Smoothie Purple True Fruits - 75cl","p":4.61,"u":"6,15 €/L","img":"https://fd13-photos.leclercdrive.fr/image.ashx?id=3008996&use=l&cat=p&typeid=i","cat":285435},{"id":186569,"n":"Calamars Romana MSC Escal - 700g","p":12.3,"u":"17,57 €/KG","img":"https://fd13-photos.leclercdrive.fr/image.ashx?id=2833447&use=l&cat=p&typeid=i","cat":319788},{"id":186657,"n":"Crème dessert Delisse Chocolat - 6x125g","p":1.42,"u":"1,89 €/KG","img":"https://fd13-photos.leclercdrive.fr/image.ashx?id=2441492&use=l&cat=p&typeid=i","cat":285041},{"id":186659,"n":"Crème dessert Delisse Vanille - 6x125g","p":1.33,"u":"1,77 €/KG","img":"https://fd13-photos.leclercdrive.fr/image.ashx?id=2441498&use=l&cat=p&typeid=i","cat":285041},{"id":186660,"n":"Dessert végétal soja Alpro  Citron et Citron Vert - 500g","p":1.94,"u":"3,88 €/KG","img":"https://fd13-photos.leclercdrive.fr/image.ashx?id=2977678&use=l&cat=p&typeid=i","cat":316071},{"id":186661,"n":"Crème dessert Delisse Caramel - 6x125g","p":1.39,"u":"1,85 €/KG","img":"https://fd13-photos.leclercdrive.fr/image.ashx?id=2441504&use=l&cat=p&typeid=i","cat":285041},{"id":186665,"n":"Coloration permanente Olia 6.0 Châtain très clair - x2","p":15.89,"u":"7,95 €/P","img":"https://fd13-photos.leclercdrive.fr/image.ashx?id=2422902&use=l&cat=p&typeid=i","cat":288899},{"id":186723,"n":"Déodorant spray 72h Rexona Musc - Lot de 2","p":4.61,"u":"11,53 €/L","img":"https://fd13-photos.leclercdrive.fr/image.ashx?id=2944485&use=l&cat=p&typeid=i","cat":284595},{"id":186758,"n":"Tablette Chocolat Noir Lindt Noisettes Caramel Lot 2x100g","p":4.52,"u":"22,60 €/KG","img":"https://fd13-photos.leclercdrive.fr/image.ashx?id=2388487&use=l&cat=p&typeid=i","cat":284956},{"id":186853,"n":"Lessive Capsules Tout-en-1 Skip Touche de Cajoline 24 Lavages","p":11.28,"u":"22,16 €/KG","img":"https://fd13-photos.leclercdrive.fr/image.ashx?id=2956688&use=l&cat=p&typeid=i","cat":284641},{"id":186856,"n":"Lessive Capsules Skip Tout-en-1 Extra Détachant x24","p":10.33,"u":"20,29 €/KG","img":"https://fd13-photos.leclercdrive.fr/image.ashx?id=2956691&use=l&cat=p&typeid=i","cat":284641},{"id":186857,"n":"Lessive Capsules Skip Tout-en-1 Cajoline 36 Lavages","p":8.49,"u":"11,13 €/KG","img":"https://fd13-photos.leclercdrive.fr/image.ashx?id=2929239&use=l&cat=p&typeid=i","cat":284641},{"id":186874,"n":"AOP Corse rouge Domaine Petroni - 75cl","p":9.59,"u":"12,79 €/L","img":"https://fd13-photos.leclercdrive.fr/image.ashx?id=2555475&use=l&cat=p&typeid=i","cat":289556},{"id":186920,"n":"Tuiles Monster Munch Crazy Original - 150g","p":1.9,"u":"12,67 €/KG","img":"https://fd13-photos.leclercdrive.fr/image.ashx?id=2921735&use=l&cat=p&typeid=i","cat":287899},{"id":186921,"n":"Nettoyant spray Mr Propre Flash Citron - 500ml","p":2.49,"u":"4,98 €/L","img":"https://fd13-photos.leclercdrive.fr/image.ashx?id=2839388&use=l&cat=p&typeid=i","cat":325357},{"id":186923,"n":"Tuiles Monster Munch  Crazy crème oignon - 150g","p":1.9,"u":"12,67 €/KG","img":"https://fd13-photos.leclercdrive.fr/image.ashx?id=2916881&use=l&cat=p&typeid=i","cat":287899},{"id":186926,"n":"Tuiles Monster Munch Crazy paprika - 150g","p":1.9,"u":"12,67 €/KG","img":"https://fd13-photos.leclercdrive.fr/image.ashx?id=2955339&use=l&cat=p&typeid=i","cat":287899},{"id":186944,"n":"Désodorisant Febreze petit coin Rosée du matin - 1x7.5ml","p":4.09,"img":"https://fd13-photos.leclercdrive.fr/image.ashx?id=2481179&use=l&cat=p&typeid=i","cat":311628},{"id":186956,"n":"Capsules lave-vaisselle Fairy Platinium+ Citron - x24","p":9.1,"u":"24,46 €/KG","img":"https://fd13-photos.leclercdrive.fr/image.ashx?id=2661820&use=l&cat=p&typeid=i","cat":284656},{"id":187025,"n":"Lessive Feuilles Magiques Dr Beckmann l'Eclatante x25","p":4.85,"u":"0,19 €/P","img":"https://fd13-photos.leclercdrive.fr/image.ashx?id=3011800&use=l&cat=p&typeid=i","cat":284644},{"id":187028,"n":"Crème de change bébé bio Mots d'enfants - 75ml","p":2.5,"u":"33,33 €/L","img":"https://fd13-photos.leclercdrive.fr/image.ashx?id=3014308&use=l&cat=p&typeid=i","cat":284741},{"id":187029,"n":"Coton-tiges ouatés Inell Boîte - x300 bâtonnets","p":0.73,"img":"https://fd13-photos.leclercdrive.fr/image.ashx?id=2824301&use=l&cat=p&typeid=i","cat":284636},{"id":187173,"n":"Bouchées Chocolat Noël Nestlé L'Atelier Noir Feves Cacao 262g","p":10.02,"u":"38,24 €/KG","img":"https://fd13-photos.leclercdrive.fr/image.ashx?id=2938247&use=l&cat=p&typeid=i","cat":327595},{"id":187176,"n":"After Eight Chocolat Noël Saveur Cerise - 400g","p":8.18,"u":"20,45 €/KG","img":"https://fd13-photos.leclercdrive.fr/image.ashx?id=2394315&use=l&cat=p&typeid=i","cat":327595},{"id":187210,"n":"Porto Rose Dorrao 18%vol - 75cl","p":7.05,"u":"9,40 €/L","img":"https://fd13-photos.leclercdrive.fr/image.ashx?id=2869865&use=l&cat=p&typeid=i","cat":284913},{"id":187241,"n":"Savon Le Petit Marseillais  Solide amande douce - 2x100g","p":1.86,"u":"9,30 €/KG","img":"https://fd13-photos.leclercdrive.fr/image.ashx?id=2684203&use=l&cat=p&typeid=i","cat":284597},{"id":187268,"n":"Multipack Création assortiment sauce 6 x 85 g Poésie","p":4.05,"u":"7,94 €/KG","img":"https://fd13-photos.leclercdrive.fr/image.ashx?id=2396824&use=l&cat=p&typeid=i","cat":285286},{"id":187270,"n":"Multipack création assortiment gelée 6 x 85 g Poésie","p":4.01,"u":"7,86 €/KG","img":"https://fd13-photos.leclercdrive.fr/image.ashx?id=2396827&use=l&cat=p&typeid=i","cat":285286},{"id":187277,"n":"Biscuits familial Oreo x2 - 440g","p":5.75,"u":"6,53 €/KG","img":"https://fd13-photos.leclercdrive.fr/image.ashx?id=2601214&use=l&cat=p&typeid=i","cat":284488},{"id":187280,"n":"Biscuits Oréo pocket 3x246g","p":7.1,"u":"9,62 €/KG","img":"https://fd13-photos.leclercdrive.fr/image.ashx?id=2601217&use=l&cat=p&typeid=i","cat":284488},{"id":187282,"n":"Biscuits Oreo  3x246g","p":6.39,"u":"8,66 €/KG","img":"https://fd13-photos.leclercdrive.fr/image.ashx?id=2525735&use=l&cat=p&typeid=i","cat":284488},{"id":187287,"n":"Desserts Lactés P'TIT BRASSE Banane pêche 6M+ - 4x90g","p":1.92,"u":"5,33 €/KG","img":"https://fd13-photos.leclercdrive.fr/image.ashx?id=2616252&use=l&cat=p&typeid=i","cat":312392},{"id":187288,"n":"Desserts Lactés P'TIT BRASSE Poire SSA 6M+ - 4x90g","p":1.99,"u":"5,53 €/KG","img":"https://fd13-photos.leclercdrive.fr/image.ashx?id=2593050&use=l&cat=p&typeid=i","cat":312392},{"id":187294,"n":"Spaghettis courts Lustucru Français - sachet papier - 500g","p":1.09,"u":"2,18 €/KG","img":"https://fd13-photos.leclercdrive.fr/image.ashx?id=2989342&use=l&cat=p&typeid=i","cat":284427},{"id":187309,"n":"Biscuits chocolat lait Delichoc Lot de 12x150g","p":22.19,"u":"12,33 €/KG","img":"https://fd13-photos.leclercdrive.fr/image.ashx?id=2674077&use=l&cat=p&typeid=i","cat":284488},{"id":187330,"n":"Porto Tawny Dorrao 18°C - 75cl","p":6.42,"u":"8,56 €/L","img":"https://fd13-photos.leclercdrive.fr/image.ashx?id=2869877&use=l&cat=p&typeid=i","cat":284913},{"id":187347,"n":"Bûchettes Pilpa Les délices Pistache Chocolat Café x6 348g","p":3.25,"u":"9,34 €/KG","img":"https://fd13-photos.leclercdrive.fr/image.ashx?id=2395921&use=l&cat=p&typeid=i","cat":284266},{"id":187369,"n":"Escargots de Bourgogne Escal x60 - 336g","p":18.5,"u":"55,06 €/KG","img":"https://fd13-photos.leclercdrive.fr/image.ashx?id=2913241&use=l&cat=p&typeid=i","cat":319775},{"id":187373,"n":"Soda Fanta exotique 1.25L","p":1.8,"u":"1,44 €/L","img":"https://fd13-photos.leclercdrive.fr/image.ashx?id=2678170&use=l&cat=p&typeid=i","cat":284532},{"id":187374,"n":"Porto Rozès Reserve Ruby 75cl","p":12.32,"u":"16,43 €/L","img":"https://fd13-photos.leclercdrive.fr/image.ashx?id=2398070&use=l&cat=p&typeid=i","cat":284913},{"id":187375,"n":"Porto Rozès Reserve White 75cl","p":12.2,"u":"16,27 €/L","img":"https://fd13-photos.leclercdrive.fr/image.ashx?id=2398067&use=l&cat=p&typeid=i","cat":284913},{"id":187403,"n":"Feuilletés Jambon Fromage Eco+ x10 - 650g","p":2.63,"u":"4,05 €/KG","img":"https://fd13-photos.leclercdrive.fr/image.ashx?id=2814851&use=l&cat=p&typeid=i","cat":319776},{"id":187453,"n":"Thé noir Lipton Yellow x100 sachets - 200g","p":3.73,"u":"18,65 €/KG","img":"https://fd13-photos.leclercdrive.fr/image.ashx?id=2517655&use=l&cat=p&typeid=i","cat":293233},{"id":187460,"n":"Sous-vêtements de nuit Ninjamas Fille - T7 - x10","p":6.36,"u":"0,64 €/P","img":"https://fd13-photos.leclercdrive.fr/image.ashx?id=2507212&use=l&cat=p&typeid=i","cat":290633},{"id":187461,"n":"Préparation Tablier Blanc Fondant au chocolat - 320g","p":2.19,"u":"6,84 €/KG","img":"https://fd13-photos.leclercdrive.fr/image.ashx?id=2487500&use=l&cat=p&typeid=i","cat":284505},{"id":187462,"n":"Préparation Tablier Blanc Moelleux au chocolat - 435g","p":1.97,"u":"4,53 €/KG","img":"https://fd13-photos.leclercdrive.fr/image.ashx?id=2487503&use=l&cat=p&typeid=i","cat":284505},{"id":187478,"n":"Cordon bleu de poulet Eco+ 200g","p":1.45,"u":"7,25 €/KG","img":"https://fd13-photos.leclercdrive.fr/image.ashx?id=2758294&use=l&cat=p&typeid=i","cat":333683},{"id":187499,"n":"Yaourt fruits bifidus Activia  Pruneau - 6x125g","p":2.63,"u":"3,51 €/KG","img":"https://fd13-photos.leclercdrive.fr/image.ashx?id=2741817&use=l&cat=p&typeid=i","cat":315000},{"id":187547,"n":"Moutarde Fine & Forte AMORA Flacon Souple - 460g","p":2.38,"u":"5,17 €/KG","img":"https://fd13-photos.leclercdrive.fr/image.ashx?id=2877271&use=l&cat=p&typeid=i","cat":288850},{"id":187631,"n":"Estragon de France Sainte Lucie 50g","p":4.57,"u":"91,40 €/KG","img":"https://fd13-photos.leclercdrive.fr/image.ashx?id=2774310&use=l&cat=p&typeid=i","cat":298297},{"id":187672,"n":"Gel douche lait Cottage Framboise Bio - 550ml","p":3.73,"u":"6,78 €/L","img":"https://fd13-photos.leclercdrive.fr/image.ashx?id=2398880&use=l&cat=p&typeid=i","cat":284594},{"id":187673,"n":"Gel douche lait Cottage Vanille Pecan Bio -  550ml","p":4.36,"u":"7,93 €/L","img":"https://fd13-photos.leclercdrive.fr/image.ashx?id=2398883&use=l&cat=p&typeid=i","cat":284594},{"id":187706,"n":"Madeleine Bonne Maman Citron - 300g","p":3.28,"u":"10,93 €/KG","img":"https://fd13-photos.leclercdrive.fr/image.ashx?id=2936227&use=l&cat=p&typeid=i","cat":284492},{"id":187768,"n":"Brosse à dents électrique Oral-B Pro 3 Cross Action Noir","p":58.29,"img":"https://fd13-photos.leclercdrive.fr/image.ashx?id=2544940&use=l&cat=p&typeid=i","cat":297133},{"id":187807,"n":"Petits pois carottes d'aucy  Bio - 58cl","p":3.17,"u":"9,32 €/KG","img":"https://fd13-photos.leclercdrive.fr/image.ashx?id=2529789&use=l&cat=p&typeid=i","cat":312607},{"id":187808,"n":"Haricots rouges D'aucy  2x125g","p":1.8,"u":"7,20 €/KG","img":"https://fd13-photos.leclercdrive.fr/image.ashx?id=2861933&use=l&cat=p&typeid=i","cat":312606},{"id":187924,"n":"Ciboulette Sainte Lucie Tibulaire - 10g","p":1.99,"u":"199,00 €/KG","img":"https://fd13-photos.leclercdrive.fr/image.ashx?id=2774448&use=l&cat=p&typeid=i","cat":298297},{"id":187931,"n":"Nouilles Sautées Yakisoba Curry - 93g","p":1.89,"u":"20,32 €/KG","img":"https://fd13-photos.leclercdrive.fr/image.ashx?id=2536146&use=l&cat=p&typeid=i","cat":288992},{"id":187999,"n":"Lait Corps réparateur Mixa Peaux desséchées - 300ml","p":3.83,"u":"12,77 €/L","img":"https://fd13-photos.leclercdrive.fr/image.ashx?id=2402394&use=l&cat=p&typeid=i","cat":325349},{"id":188001,"n":"Gel coiffant Vivelle DOP Fixation Extrême - 190ml","p":3.62,"u":"19,05 €/L","img":"https://fd13-photos.leclercdrive.fr/image.ashx?id=2402403&use=l&cat=p&typeid=i","cat":284609},{"id":188002,"n":"Gingembre moulu Sainte Lucie 32g","p":1.64,"u":"51,25 €/KG","img":"https://fd13-photos.leclercdrive.fr/image.ashx?id=2774373&use=l&cat=p&typeid=i","cat":298297},{"id":188003,"n":"Gel Coiffant Béton Dop Vivelle Fixation 24h - 190ml","p":3.62,"u":"19,05 €/L","img":"https://fd13-photos.leclercdrive.fr/image.ashx?id=2402406&use=l&cat=p&typeid=i","cat":284609},{"id":188007,"n":"Gel Coiffant Vivelle Dop Fixation invisible - 190ml","p":4.44,"u":"23,37 €/L","img":"https://fd13-photos.leclercdrive.fr/image.ashx?id=2402397&use=l&cat=p&typeid=i","cat":284609},{"id":188011,"n":"Tablette de chocolat Lindt Lait noisettes - 2x100g","p":4.82,"u":"24,10 €/KG","img":"https://fd13-photos.leclercdrive.fr/image.ashx?id=2654614&use=l&cat=p&typeid=i","cat":284497},{"id":188014,"n":"Café en Grains Carte Noire  Arabica Classique - 1kg","p":20.77,"u":"20,77 €/KG","img":"https://fd13-photos.leclercdrive.fr/image.ashx?id=2980130&use=l&cat=p&typeid=i","cat":293237},{"id":188015,"n":"Cœurs de palmier D'aucy  125g","p":4.25,"u":"19,32 €/KG","img":"https://fd13-photos.leclercdrive.fr/image.ashx?id=2401369&use=l&cat=p&typeid=i","cat":312611},{"id":188160,"n":"Whisky Roe & Co  45% vol. - 70cl","p":30.45,"u":"43,50 €/L","img":"https://fd13-photos.leclercdrive.fr/image.ashx?id=2525405&use=l&cat=p&typeid=i","cat":284547},{"id":188168,"n":"Féta AOP Salakis Fromage brebis et chèvre - 150g","p":2.87,"u":"19,13 €/KG","img":"https://fd13-photos.leclercdrive.fr/image.ashx?id=2879128&use=l&cat=p&typeid=i","cat":314026},{"id":188271,"n":"Matière grasse doux Astra  À tartiner à cuire 70%MG - 500g","p":2.54,"u":"5,08 €/KG","img":"https://fd13-photos.leclercdrive.fr/image.ashx?id=2406301&use=l&cat=p&typeid=i","cat":315229},{"id":188285,"n":"Ribs de poulet Maître Coq Paprika - 400g","p":4.5,"u":"11,25 €/KG","img":"https://fd13-photos.leclercdrive.fr/image.ashx?id=2827125&use=l&cat=p&typeid=i","cat":333685},{"id":188293,"n":"Moutarde Amora Mi-forte - 260g","p":2.36,"u":"9,08 €/KG","img":"https://fd13-photos.leclercdrive.fr/image.ashx?id=3005398&use=l&cat=p&typeid=i","cat":288850},{"id":188295,"n":"Jambon Le Bon Paris Herta À l'étouffée x4 - 170g","p":2.1,"u":"12,35 €/KG","img":"https://fd13-photos.leclercdrive.fr/image.ashx?id=2731390&use=l&cat=p&typeid=i","cat":316009},{"id":188296,"n":"Jambon Le Bon Paris Herta À l'étouffée x6 - 255g","p":2.88,"u":"11,29 €/KG","img":"https://fd13-photos.leclercdrive.fr/image.ashx?id=2418720&use=l&cat=p&typeid=i","cat":316009},{"id":188297,"n":"Jambon Le Bon Paris Herta À l'étouffée x8 - 340g","p":3.86,"u":"11,35 €/KG","img":"https://fd13-photos.leclercdrive.fr/image.ashx?id=2921519&use=l&cat=p&typeid=i","cat":316009},{"id":188299,"n":"Jambon Le Bon Paris Herta À l'étouffée x10 - 425g","p":4.77,"u":"11,22 €/KG","img":"https://fd13-photos.leclercdrive.fr/image.ashx?id=2757599&use=l&cat=p&typeid=i","cat":316009},{"id":188722,"n":"Avocats mûrs à point  Panier du Primeur x2","p":3.45,"u":"1,73 €/P","img":"https://fd13-photos.leclercdrive.fr/image.ashx?id=2373012&use=l&cat=p&typeid=i","cat":284352},{"id":188739,"n":"Avocats Eco+ Filet x3","p":1.99,"u":"0,66 €/P","img":"https://fd13-photos.leclercdrive.fr/image.ashx?id=2373009&use=l&cat=p&typeid=i","cat":284352},{"id":188808,"n":"Banane Bio Max Havelaar  Bio Village x5","p":1.99,"u":"0,40 €/P","img":"https://fd13-photos.leclercdrive.fr/image.ashx?id=2323988&use=l&cat=p&typeid=i","cat":284356},{"id":189279,"n":"Champignon de Paris Barquette  500g","p":2.19,"u":"4,38 €/KG","img":"https://fd13-photos.leclercdrive.fr/image.ashx?id=1631898&use=l&cat=p&typeid=i","cat":284352},{"id":189756,"n":"Citrons bio Bio Village Sachet x4","p":1.99,"u":"0,50 €/P","img":"https://fd13-photos.leclercdrive.fr/image.ashx?id=2805063&use=l&cat=p&typeid=i","cat":284356},{"id":189954,"n":"Coriandre Les Crudettes 11g","p":1.22,"u":"110,91 €/KG","img":"https://fd13-photos.leclercdrive.fr/image.ashx?id=2654632&use=l&cat=p&typeid=i","cat":293607},{"id":190572,"n":"Endives jeunes pousses  Nos Régions ont du Talent x6","p":2.49,"u":"9,58 €/KG","img":"https://fd13-photos.leclercdrive.fr/image.ashx?id=2778099&use=l&cat=p&typeid=i","cat":284352},{"id":190899,"n":"Tomates rondes Eco+ Filet 1kg","p":1.89,"u":"1,89 €/KG","img":"https://fd13-photos.leclercdrive.fr/image.ashx?id=2769420&use=l&cat=p&typeid=i","cat":284352},{"id":192620,"n":"Pommes bicolores bio Bio Village Barquette x4","p":1.99,"u":"0,50 €/P","img":"https://fd13-photos.leclercdrive.fr/image.ashx?id=2556538&use=l&cat=p&typeid=i","cat":284356},{"id":192641,"n":"Pommes bicolores Panier du Primeur Barquette x6","p":2.49,"u":"0,42 €/P","img":"https://fd13-photos.leclercdrive.fr/image.ashx?id=2553920&use=l&cat=p&typeid=i","cat":284356},{"id":192645,"n":"Pommes jaunes Panier du Primeur x6","p":2.49,"u":"0,42 €/P","img":"https://fd13-photos.leclercdrive.fr/image.ashx?id=2338700&use=l&cat=p&typeid=i","cat":284356},{"id":192747,"n":"Pommes Bicolores Eco+ Sachet 2kg","p":2.99,"u":"1,50 €/KG","img":"https://fd13-photos.leclercdrive.fr/image.ashx?id=2537872&use=l&cat=p&typeid=i","cat":284356},{"id":193080,"n":"Poivrons bicolores Eco+ x2","p":0.99,"u":"0,50 €/P","img":"https://fd13-photos.leclercdrive.fr/image.ashx?id=2709716&use=l&cat=p&typeid=i","cat":284352},{"id":193443,"n":"Haricots verts éboutés  500g","p":4.49,"u":"8,98 €/KG","img":"https://fd13-photos.leclercdrive.fr/image.ashx?id=752804&use=l&cat=p&typeid=i","cat":284352},{"id":193557,"n":"Kiwi vert Eco+ Barquette 1kg","p":3.99,"u":"3,99 €/KG","img":"https://fd13-photos.leclercdrive.fr/image.ashx?id=2922373&use=l&cat=p&typeid=i","cat":284356},{"id":193563,"n":"Kiwi vert 1p","p":0.89,"img":"https://fd13-photos.leclercdrive.fr/image.ashx?id=2077670&use=l&cat=p&typeid=i","cat":284356},{"id":194059,"n":"Coriandre botte x1","p":1.1,"img":"https://fd13-photos.leclercdrive.fr/image.ashx?id=588954&use=l&cat=p&typeid=i","cat":293607},{"id":194064,"n":"Jambon Le Bon Paris Herta  sans nitrite x6 - 210g","p":3.46,"u":"16,48 €/KG","img":"https://fd13-photos.leclercdrive.fr/image.ashx?id=2731396&use=l&cat=p&typeid=i","cat":316009},{"id":194066,"n":"Jambon Le Bon Paris Herta  Torchon sans nitrite x4 - 140g","p":3.21,"u":"22,93 €/KG","img":"https://fd13-photos.leclercdrive.fr/image.ashx?id=2995070&use=l&cat=p&typeid=i","cat":316009},{"id":194071,"n":"Jambon Le Bon Paris Herta -25% de sel x2 - 70g","p":1.48,"u":"21,14 €/KG","img":"https://fd13-photos.leclercdrive.fr/image.ashx?id=2405899&use=l&cat=p&typeid=i","cat":316009},{"id":194073,"n":"Jambon Le Bon Paris Herta -25% de sel x4 - 140g","p":2.39,"u":"17,07 €/KG","img":"https://fd13-photos.leclercdrive.fr/image.ashx?id=2995067&use=l&cat=p&typeid=i","cat":316009},{"id":194075,"n":"Jambon Le Bon Paris Herta -25%  de sel sans nitrite x4 - 140g","p":2.61,"u":"18,64 €/KG","img":"https://fd13-photos.leclercdrive.fr/image.ashx?id=2910124&use=l&cat=p&typeid=i","cat":316009},{"id":194078,"n":"Jambon Le Bon Paris Herta Fumé x4 - 140g","p":2.47,"u":"17,64 €/KG","img":"https://fd13-photos.leclercdrive.fr/image.ashx?id=2918664&use=l&cat=p&typeid=i","cat":316009},{"id":194081,"n":"Jambon Le Bon Paris Fumé Herta sans nitrite x4 - 140g","p":2.77,"u":"19,79 €/KG","img":"https://fd13-photos.leclercdrive.fr/image.ashx?id=2881807&use=l&cat=p&typeid=i","cat":316009},{"id":194296,"n":"Bloc de fromage Leerdammer Le Moelleux - 250g","p":3.7,"u":"14,80 €/KG","img":"https://fd13-photos.leclercdrive.fr/image.ashx?id=2421606&use=l&cat=p&typeid=i","cat":314034},{"id":194297,"n":"Tranches de fromage Leerdammer L'Original - 8 Tranches - 200g","p":2.45,"u":"12,25 €/KG","img":"https://fd13-photos.leclercdrive.fr/image.ashx?id=2489199&use=l&cat=p&typeid=i","cat":314028},{"id":194298,"n":"Tranches de fromage Leerdammer L'Original - 16 Tranches - 400g","p":4.62,"u":"11,55 €/KG","img":"https://fd13-photos.leclercdrive.fr/image.ashx?id=2489196&use=l&cat=p&typeid=i","cat":314028},{"id":194302,"n":"Tranches de fromage Leerdammer Le Moelleux - 6 Tranches - 150g","p":2.54,"u":"16,93 €/KG","img":"https://fd13-photos.leclercdrive.fr/image.ashx?id=2507590&use=l&cat=p&typeid=i","cat":314028},{"id":194310,"n":"Bonbons KINDER Schoko-Bons Chocolat blanc - 200G","p":5.27,"u":"26,35 €/KG","img":"https://fd13-photos.leclercdrive.fr/image.ashx?id=2406265&use=l&cat=p&typeid=i","cat":304238},{"id":195919,"n":"Jambon Le Bon Paris Herta  sans nitrite x2 - 70g","p":1.82,"u":"26,00 €/KG","img":"https://fd13-photos.leclercdrive.fr/image.ashx?id=2413531&use=l&cat=p&typeid=i","cat":316009},{"id":195960,"n":"Coton-tiges bébé Mots d'Enfants Bio - x60","p":0.65,"u":"0,01 €/P","img":"https://fd13-photos.leclercdrive.fr/image.ashx?id=3015129&use=l&cat=p&typeid=i","cat":284739},{"id":195981,"n":"Liquide vaisselle Excel Paic Anti-odeur actif à froid -500ml","p":2.06,"u":"4,12 €/L","img":"https://fd13-photos.leclercdrive.fr/image.ashx?id=2413176&use=l&cat=p&typeid=i","cat":284655},{"id":195983,"n":"Liquide vaisselle Excel Paic Dégraissant actif à froid 500ml","p":1.86,"u":"3,72 €/L","img":"https://fd13-photos.leclercdrive.fr/image.ashx?id=2413182&use=l&cat=p&typeid=i","cat":284655},{"id":196116,"n":"Jambon Le Bon Paris Herta  -25% Sel x6 - 210g","p":2.78,"u":"13,24 €/KG","img":"https://fd13-photos.leclercdrive.fr/image.ashx?id=2707750&use=l&cat=p&typeid=i","cat":316009},{"id":196179,"n":"Brioches Pitch pâte à tartiner x7 - 262g","p":2.91,"u":"11,11 €/KG","img":"https://fd13-photos.leclercdrive.fr/image.ashx?id=2454097&use=l&cat=p&typeid=i","cat":293505},{"id":196241,"n":"Jambon supérieur Eco+ Sans couenne 4 tranches - 160g","p":1.38,"u":"8,63 €/KG","img":"https://fd13-photos.leclercdrive.fr/image.ashx?id=2744407&use=l&cat=p&typeid=i","cat":316009},{"id":196271,"n":"Nettoyant Ménager Cif Crème à Récurer 750 ml","p":1.74,"u":"2,32 €/L","img":"https://fd13-photos.leclercdrive.fr/image.ashx?id=2752513&use=l&cat=p&typeid=i","cat":325357},{"id":196319,"n":"Jambon supérieur Eco+ Avec couenne 4 tranches - 160g","p":1.43,"u":"8,94 €/KG","img":"https://fd13-photos.leclercdrive.fr/image.ashx?id=2706550&use=l&cat=p&typeid=i","cat":316009},{"id":196320,"n":"Jambon supérieur Eco+ Avec couenne 6 tranches - 240g","p":2.14,"u":"8,92 €/KG","img":"https://fd13-photos.leclercdrive.fr/image.ashx?id=2706553&use=l&cat=p&typeid=i","cat":316009},{"id":196321,"n":"Jambon supérieur Eco+ Sans couenne 6 tranches - 240g","p":2.09,"u":"8,71 €/KG","img":"https://fd13-photos.leclercdrive.fr/image.ashx?id=2706556&use=l&cat=p&typeid=i","cat":316009},{"id":196378,"n":"Boîte chocolats Ferrero Rocher x16 pralines - 200g","p":5.54,"u":"27,70 €/KG","img":"https://fd13-photos.leclercdrive.fr/image.ashx?id=2963841&use=l&cat=p&typeid=i","cat":327600},{"id":196422,"n":"Mini roc  Côte d'Or Mix - 279g","p":10.45,"u":"37,46 €/KG","img":"https://fd13-photos.leclercdrive.fr/image.ashx?id=2792945&use=l&cat=p&typeid=i","cat":327595},{"id":196431,"n":"Beurre Nature de Breton  Demi-sel - 80% MG - 250g","p":2.65,"u":"10,60 €/KG","img":"https://fd13-photos.leclercdrive.fr/image.ashx?id=2872042&use=l&cat=p&typeid=i","cat":284379},{"id":196439,"n":"Beurre Nature de Breton Doux - 82% MG - 250g","p":2.63,"u":"10,52 €/KG","img":"https://fd13-photos.leclercdrive.fr/image.ashx?id=2872039&use=l&cat=p&typeid=i","cat":284379},{"id":196566,"n":"Fromage de Chèvre Chavroux Frais Nature - 150g","p":2.07,"u":"13,80 €/KG","img":"https://fd13-photos.leclercdrive.fr/image.ashx?id=2912161&use=l&cat=p&typeid=i","cat":314031},{"id":196647,"n":"Spray dégraissant Chanteclair Universel Marseille - 600ml","p":2.33,"u":"3,88 €/L","img":"https://fd13-photos.leclercdrive.fr/image.ashx?id=2419743&use=l&cat=p&typeid=i","cat":325357},{"id":196768,"n":"Aligot à la Tome d'Aubrac NRT Saucisse de Toulouse - 320g","p":3.99,"u":"12,47 €/KG","img":"https://fd13-photos.leclercdrive.fr/image.ashx?id=2723261&use=l&cat=p&typeid=i","cat":333665},{"id":196798,"n":"Lait en poudre Picot  1er âge - 850g","p":18.92,"u":"22,26 €/KG","img":"https://fd13-photos.leclercdrive.fr/image.ashx?id=2925421&use=l&cat=p&typeid=i","cat":284726},{"id":196799,"n":"Lait en poudre Picot 2ème âge - 850g","p":15.02,"u":"17,67 €/KG","img":"https://fd13-photos.leclercdrive.fr/image.ashx?id=2925424&use=l&cat=p&typeid=i","cat":284727},{"id":196800,"n":"Lait de croissance Picot 3ème âge - 850g","p":11.68,"u":"13,74 €/KG","img":"https://fd13-photos.leclercdrive.fr/image.ashx?id=2925427&use=l&cat=p&typeid=i","cat":290219},{"id":196822,"n":"Baies roses Sainte Lucie De Madagascar - 22g","p":3.42,"u":"155,45 €/KG","img":"https://fd13-photos.leclercdrive.fr/image.ashx?id=2421135&use=l&cat=p&typeid=i","cat":298297},{"id":196824,"n":"Palets Sainte Lucie Chocolat noir - 125g","p":2.43,"u":"19,44 €/KG","img":"https://fd13-photos.leclercdrive.fr/image.ashx?id=2421141&use=l&cat=p&typeid=i","cat":284504},{"id":196829,"n":"Poivre rouge Sainte Lucie Kampot - 52g","p":7.56,"u":"145,38 €/KG","img":"https://fd13-photos.leclercdrive.fr/image.ashx?id=2421147&use=l&cat=p&typeid=i","cat":284457},{"id":196831,"n":"Mélange d'herbes Sainte Lucie Saveur du potager - 22g","p":4.79,"u":"217,73 €/KG","img":"https://fd13-photos.leclercdrive.fr/image.ashx?id=2421150&use=l&cat=p&typeid=i","cat":298297},{"id":196832,"n":"Assaisonnement  Ducros Persillade - 95g","p":2.18,"u":"22,95 €/KG","img":"https://fd13-photos.leclercdrive.fr/image.ashx?id=2421153&use=l&cat=p&typeid=i","cat":298297},{"id":196892,"n":"Café en Grains Carte Noire  Secrets de Nature Congusta  1kg","p":21.78,"u":"21,78 €/KG","img":"https://fd13-photos.leclercdrive.fr/image.ashx?id=2863869&use=l&cat=p&typeid=i","cat":293237},{"id":196965,"n":"Liqueur de menthe Get 27 17,9° - 70cl","p":12.46,"u":"17,80 €/L","img":"https://fd13-photos.leclercdrive.fr/image.ashx?id=2835565&use=l&cat=p&typeid=i","cat":286032},{"id":197248,"n":"Oranges à déguster Panier du Primeur Filet 2kg","p":3.49,"u":"1,75 €/KG","img":"https://fd13-photos.leclercdrive.fr/image.ashx?id=2414567&use=l&cat=p&typeid=i","cat":284356},{"id":197354,"n":"Préparation Moelleux Nature Alsa- 500g","p":3.08,"u":"6,16 €/KG","img":"https://fd13-photos.leclercdrive.fr/image.ashx?id=2812666&use=l&cat=p&typeid=i","cat":284505},{"id":197625,"n":"Tablette de chocolat noir Lindt 3x100g","p":4.57,"u":"15,23 €/KG","img":"https://fd13-photos.leclercdrive.fr/image.ashx?id=2721422&use=l&cat=p&typeid=i","cat":284956},{"id":197635,"n":"Ail de France Sainte Lucie 55g","p":3.75,"u":"68,18 €/KG","img":"https://fd13-photos.leclercdrive.fr/image.ashx?id=2427970&use=l&cat=p&typeid=i","cat":298297},{"id":197697,"n":"Crème de nuit L'Oréal Paris Age perfect Anti-âge - 50ml","p":11.97,"pp":7.9,"u":"158,00 €/L","img":"https://fd13-photos.leclercdrive.fr/image.ashx?id=2428441&use=l&cat=p&typeid=i","cat":325345},{"id":197713,"n":"Fromage à Tartiner St Môret  Nature - 500g","p":5.57,"u":"11,14 €/KG","img":"https://fd13-photos.leclercdrive.fr/image.ashx?id=2427991&use=l&cat=p&typeid=i","cat":314029},{"id":197936,"n":"Freixenet sans alcool   0% - 75cl","p":5.2,"u":"6,93 €/L","img":"https://fd13-photos.leclercdrive.fr/image.ashx?id=2429944&use=l&cat=p&typeid=i","cat":289460},{"id":197952,"n":"Pastabox Sodebo  Tortellini chèvre tomate - 280g","p":3.4,"u":"12,14 €/KG","img":"https://fd13-photos.leclercdrive.fr/image.ashx?id=2833429&use=l&cat=p&typeid=i","cat":334983},{"id":198311,"n":"Petits fours fromagers x24 - 330g","p":9.81,"u":"29,73 €/KG","img":"https://fd13-photos.leclercdrive.fr/image.ashx?id=2508231&use=l&cat=p&typeid=i","cat":316003},{"id":198319,"n":"Boisson énergisante Monster Mango loco - 4x50cl","p":4.74,"u":"2,37 €/L","img":"https://fd13-photos.leclercdrive.fr/image.ashx?id=2983465&use=l&cat=p&typeid=i","cat":284533},{"id":198338,"n":"Confiture Douceur du Verger Fraise intense - 320 g","p":1.42,"u":"4,44 €/KG","img":"https://fd13-photos.leclercdrive.fr/image.ashx?id=2965605&use=l&cat=p&typeid=i","cat":284480},{"id":198348,"n":"Confiture Douceur du Verger Abricot intense - 320 g","p":1.42,"u":"4,44 €/KG","img":"https://fd13-photos.leclercdrive.fr/image.ashx?id=2965608&use=l&cat=p&typeid=i","cat":284480},{"id":198356,"n":"Confiture Douceur du Verger 3 agrumes Intense - 320g","p":1.66,"u":"5,19 €/KG","img":"https://fd13-photos.leclercdrive.fr/image.ashx?id=2966376&use=l&cat=p&typeid=i","cat":284480},{"id":198357,"n":"Confiture Douceur du Verger Fruits rouges intense - 320g","p":1.7,"u":"5,31 €/KG","img":"https://fd13-photos.leclercdrive.fr/image.ashx?id=2965617&use=l&cat=p&typeid=i","cat":284480},{"id":198522,"n":"Haricots vert Bio Village Bio - 180g","p":1.99,"u":"11,06 €/KG","img":"https://fd13-photos.leclercdrive.fr/image.ashx?id=3002713&use=l&cat=p&typeid=i","cat":312606},{"id":198523,"n":"Desserts Lactés P'TIT ONCTUEUX Fromage blanc 6M+ - 4x90g","p":2.11,"u":"5,86 €/KG","img":"https://fd13-photos.leclercdrive.fr/image.ashx?id=2435707&use=l&cat=p&typeid=i","cat":312392},{"id":198524,"n":"Desserts Lactés P'TIT ONCTUEUX Banane 6M+ - 4x90g","p":1.99,"u":"5,53 €/KG","img":"https://fd13-photos.leclercdrive.fr/image.ashx?id=2435710&use=l&cat=p&typeid=i","cat":312392},{"id":198532,"n":"Soupe liquide Bouteille Liebig  Mouliné légumes du potager 75cl","p":2.92,"u":"3,89 €/L","img":"https://fd13-photos.leclercdrive.fr/image.ashx?id=2435899&use=l&cat=p&typeid=i","cat":284462},{"id":198558,"n":"Cranberries Sainte Lucie 125g","p":2.1,"u":"16,80 €/KG","img":"https://fd13-photos.leclercdrive.fr/image.ashx?id=2435914&use=l&cat=p&typeid=i","cat":284504},{"id":198582,"n":"Desserts Lactés P'TIT ONCTUEUX Mangue ananas 6M+ - 4x90g","p":2.44,"u":"6,78 €/KG","img":"https://fd13-photos.leclercdrive.fr/image.ashx?id=2435932&use=l&cat=p&typeid=i","cat":312392},{"id":198623,"n":"Capsules Nescafé Dolce Gusto  Double Espresso - x16","p":5.29,"u":"38,90 €/KG","img":"https://fd13-photos.leclercdrive.fr/image.ashx?id=2687245&use=l&cat=p&typeid=i","cat":293239},{"id":198647,"n":"Chorizo tranché César Moroni Fort 20 tranches - 100g","p":2.12,"u":"21,20 €/KG","img":"https://fd13-photos.leclercdrive.fr/image.ashx?id=2439026&use=l&cat=p&typeid=i","cat":316006},{"id":198669,"n":"Sugo al basilico  340g","p":1.69,"u":"4,97 €/KG","img":"https://fd13-photos.leclercdrive.fr/image.ashx?id=2840025&use=l&cat=p&typeid=i","cat":288384},{"id":198799,"n":"Lames de rasoir Venus Gillette Satin care - x4","p":18.6,"u":"4,65 €/P","img":"https://fd13-photos.leclercdrive.fr/image.ashx?id=2466784&use=l&cat=p&typeid=i","cat":325352},{"id":198867,"n":"Lames de rasoir Gillette Mach 3 - x4","p":15.27,"u":"3,82 €/P","img":"https://fd13-photos.leclercdrive.fr/image.ashx?id=2859905&use=l&cat=p&typeid=i","cat":284616},{"id":198920,"n":"Lames de rasoir GilletteLabs x4","p":23.48,"u":"5,87 €/P","img":"https://fd13-photos.leclercdrive.fr/image.ashx?id=2437683&use=l&cat=p&typeid=i","cat":284616},{"id":198924,"n":"Gel à raser GilletteLabs Skin Care - 198ml","p":6.0,"u":"30,30 €/MT","img":"https://fd13-photos.leclercdrive.fr/image.ashx?id=2955215&use=l&cat=p&typeid=i","cat":284617},{"id":198959,"n":"Gel désodorisant Uni vert Lavande Eucalyptus","p":1.39,"img":"https://fd13-photos.leclercdrive.fr/image.ashx?id=2478934&use=l&cat=p&typeid=i","cat":311628},{"id":199510,"n":"Cervelas Herta Sans nitrite - 400g","p":3.69,"u":"9,23 €/KG","img":"https://fd13-photos.leclercdrive.fr/image.ashx?id=2443835&use=l&cat=p&typeid=i","cat":316012},{"id":199552,"n":"Dentifrice Elmex Anti-caries Original - 75ml","p":4.31,"u":"57,47 €/L","img":"https://fd13-photos.leclercdrive.fr/image.ashx?id=2852181&use=l&cat=p&typeid=i","cat":284612},{"id":199554,"n":"Dentifrice Elmex Sensitive  Haleine fraîche - 75ml","p":3.94,"u":"52,53 €/L","img":"https://fd13-photos.leclercdrive.fr/image.ashx?id=2738407&use=l&cat=p&typeid=i","cat":284612},{"id":199557,"n":"Dentifrice Elmex Anti-caries Haleine fraîche - 75 ml","p":3.36,"u":"44,80 €/MT","img":"https://fd13-photos.leclercdrive.fr/image.ashx?id=2738419&use=l&cat=p&typeid=i","cat":284612},{"id":199559,"n":"Dentifrice Elmex Sensitive  Blancheur douce - 2x75ml","p":9.74,"u":"64,93 €/MT","img":"https://fd13-photos.leclercdrive.fr/image.ashx?id=2738425&use=l&cat=p&typeid=i","cat":284612},{"id":199579,"n":"Pâtes Fusilli Panzani 3x500g","p":6.23,"u":"4,15 €/KG","img":"https://fd13-photos.leclercdrive.fr/image.ashx?id=2877697&use=l&cat=p&typeid=i","cat":284427},{"id":199598,"n":"Désodorisant diffuseur Airwick  Active Fresh Vanille - 228ml","p":7.09,"u":"31,10 €/L","img":"https://fd13-photos.leclercdrive.fr/image.ashx?id=2864672&use=l&cat=p&typeid=i","cat":311629},{"id":199657,"n":"Jambon cru Aoste 6 tranches + 3 offertes - 150g","p":4.1,"u":"27,33 €/KG","img":"https://fd13-photos.leclercdrive.fr/image.ashx?id=2442659&use=l&cat=p&typeid=i","cat":316007},{"id":199678,"n":"Lait vitaminé Viva Candia  1% MG Méga Format - 10x1L","p":16.23,"u":"1,62 €/L","img":"https://fd13-photos.leclercdrive.fr/image.ashx?id=2442665&use=l&cat=p&typeid=i","cat":317169},{"id":200135,"n":"Liqueur de menthe Get 27 Edition Limitée 17,9° - 70cl","p":12.08,"u":"17,26 €/L","img":"https://fd13-photos.leclercdrive.fr/image.ashx?id=2445787&use=l&cat=p&typeid=i","cat":286032},{"id":200153,"n":"Repas bébé Blédina 15 mois légumes boulghour merlu 200g","p":2.53,"u":"12,65 €/KG","img":"https://fd13-photos.leclercdrive.fr/image.ashx?id=2975101&use=l&cat=p&typeid=i","cat":312238},{"id":200175,"n":"Plat bébé soir Blédiner 15 mois Pâtes légumes - 200g","p":2.42,"u":"12,10 €/KG","img":"https://fd13-photos.leclercdrive.fr/image.ashx?id=2866295&use=l&cat=p&typeid=i","cat":312239},{"id":200202,"n":"Repas bébé Blédina 15 mois carotte haricot riz bœuf 200g","p":2.38,"u":"11,90 €/KG","img":"https://fd13-photos.leclercdrive.fr/image.ashx?id=2586586&use=l&cat=p&typeid=i","cat":312238},{"id":200218,"n":"Repas bébé Blédina 15 mois carotte pâte épices poulet 200g","p":2.38,"u":"11,90 €/KG","img":"https://fd13-photos.leclercdrive.fr/image.ashx?id=2951632&use=l&cat=p&typeid=i","cat":312238},{"id":200323,"n":"Cassoulet Castelnaudary NRT 420g","p":2.5,"u":"5,95 €/KG","img":"https://fd13-photos.leclercdrive.fr/image.ashx?id=2805990&use=l&cat=p&typeid=i","cat":284440},{"id":200375,"n":"Melange  mexicain Sainte Lucie 20g","p":1.89,"u":"94,50 €/KG","img":"https://fd13-photos.leclercdrive.fr/image.ashx?id=2448388&use=l&cat=p&typeid=i","cat":284504},{"id":200377,"n":"Plat bébé soir Blédîner 15 mois Légumes macaroni persil - 200g","p":2.38,"u":"11,90 €/KG","img":"https://fd13-photos.leclercdrive.fr/image.ashx?id=2866292&use=l&cat=p&typeid=i","cat":312239},{"id":200378,"n":"Repas bébé Blédina 15 mois Pâtes brocolis jambon - 200g","p":2.38,"u":"11,90 €/KG","img":"https://fd13-photos.leclercdrive.fr/image.ashx?id=2975104&use=l&cat=p&typeid=i","cat":312238},{"id":200379,"n":"Cassoulet Castelnaud NRT 840g","p":4.3,"u":"5,12 €/KG","img":"https://fd13-photos.leclercdrive.fr/image.ashx?id=2805993&use=l&cat=p&typeid=i","cat":284440},{"id":200384,"n":"Grande flute Eco+ Fromage - 150g","p":1.39,"u":"9,27 €/KG","img":"https://fd13-photos.leclercdrive.fr/image.ashx?id=2681461&use=l&cat=p&typeid=i","cat":297000},{"id":200466,"n":"Gougères L'Atelier Traiteur x16 - 175g","p":4.49,"u":"25,66 €/KG","img":"https://fd13-photos.leclercdrive.fr/image.ashx?id=2815656&use=l&cat=p&typeid=i","cat":316003},{"id":200613,"n":"Fromage à pâte persillée Le Coq 200g","p":3.39,"u":"16,95 €/KG","img":"https://fd13-photos.leclercdrive.fr/image.ashx?id=2449864&use=l&cat=p&typeid=i","cat":314032},{"id":200648,"n":"Escargot de Bourgogne surgelé L'origine du goût x12 - 110g","p":6.99,"u":"63,55 €/KG","img":"https://fd13-photos.leclercdrive.fr/image.ashx?id=2450330&use=l&cat=p&typeid=i","cat":319775},{"id":200649,"n":"Saumon fumé d'Écosse L'Origine du Goût x2 - 70g","p":4.55,"u":"65,00 €/KG","img":"https://fd13-photos.leclercdrive.fr/image.ashx?id=2820454&use=l&cat=p&typeid=i","cat":285188},{"id":200763,"n":"Gel lavant hydratant Sanytol Aloe vera Bio - 250ml","p":2.7,"u":"10,80 €/L","img":"https://fd13-photos.leclercdrive.fr/image.ashx?id=2905273&use=l&cat=p&typeid=i","cat":284597},{"id":200774,"n":"AIRWICK Recharge Active Fresh Désodorisant Vanille - 228ml","p":6.11,"u":"26,80 €/L","img":"https://fd13-photos.leclercdrive.fr/image.ashx?id=2864675&use=l&cat=p&typeid=i","cat":311629},{"id":201017,"n":"Crêpes dentelles Bretagne NRT 120g","p":1.72,"u":"14,33 €/KG","img":"https://fd13-photos.leclercdrive.fr/image.ashx?id=2622359&use=l&cat=p&typeid=i","cat":284487},{"id":201052,"n":"Raclette Gratte Givre Tech9 Avec Moufle- 1 pièce","p":4.95,"img":"https://fd13-photos.leclercdrive.fr/image.ashx?id=2461857&use=l&cat=p&typeid=i","cat":298252},{"id":201081,"n":"Yaourt à la grecque Yaos  Morceaux de fraises - 4x125g","p":2.77,"u":"5,54 €/KG","img":"https://fd13-photos.leclercdrive.fr/image.ashx?id=2454772&use=l&cat=p&typeid=i","cat":284410},{"id":201194,"n":"Boisson fermentée désalcoolisée Blanc - à base de raisin - 75cl","p":3.49,"u":"4,65 €/L","img":"https://fd13-photos.leclercdrive.fr/image.ashx?id=2477670&use=l&cat=p&typeid=i","cat":284549},{"id":201298,"n":"Fromage enfant La Vache qui rit Original 12P à tartiner - 192g","p":2.47,"u":"12,86 €/KG","img":"https://fd13-photos.leclercdrive.fr/image.ashx?id=2945442&use=l&cat=p&typeid=i","cat":314030},{"id":201300,"n":"Fromage enfant La Vache qui rit Original 32P à tartiner - 512g","p":4.8,"u":"9,38 €/KG","img":"https://fd13-photos.leclercdrive.fr/image.ashx?id=2945448&use=l&cat=p&typeid=i","cat":314030},{"id":201341,"n":"Iceberg Eco+","p":0.99,"img":"https://fd13-photos.leclercdrive.fr/image.ashx?id=2715747&use=l&cat=p&typeid=i","cat":284352},{"id":201498,"n":"Crème mains réparatrice Formule indienne Dermophil 75ml","p":3.96,"u":"52,80 €/L","img":"https://fd13-photos.leclercdrive.fr/image.ashx?id=2880784&use=l&cat=p&typeid=i","cat":325354},{"id":201571,"n":"Viande bovine Bourguignon ** à mijoter - 500g","p":6.79,"u":"13,58 €/KG","img":"https://fd13-photos.leclercdrive.fr/image.ashx?id=2930933&use=l&cat=p&typeid=i","cat":284328},{"id":201572,"n":"Sauté de porc Atelier Boucherie VPF - 500g","p":4.59,"u":"9,18 €/KG","img":"https://fd13-photos.leclercdrive.fr/image.ashx?id=2932707&use=l&cat=p&typeid=i","cat":284331},{"id":201576,"n":"Repas Plaisir Emincés saumon Cabillaud - Chat adulte - 100g","p":0.75,"u":"7,50 €/KG","img":"https://fd13-photos.leclercdrive.fr/image.ashx?id=2471238&use=l&cat=p&typeid=i","cat":285286},{"id":201593,"n":"Repas Plaisir Terrine au poulet Chien Junior - 300g","p":1.45,"u":"4,83 €/KG","img":"https://fd13-photos.leclercdrive.fr/image.ashx?id=2486967&use=l&cat=p&typeid=i","cat":284673},{"id":201594,"n":"Repas Plaisir Terrines au boeuf Légumes - Chien adulte - 300g","p":1.54,"u":"5,13 €/KG","img":"https://fd13-photos.leclercdrive.fr/image.ashx?id=2853197&use=l&cat=p&typeid=i","cat":284673},{"id":201596,"n":"Repas Plaisir Terrine dinde Légumes - Chien adulte - 300g","p":1.45,"u":"4,83 €/KG","img":"https://fd13-photos.leclercdrive.fr/image.ashx?id=2492728&use=l&cat=p&typeid=i","cat":284673},{"id":201688,"n":"Beurre plaquette Eco+ Doux - 60% MG  - 200g","p":1.45,"u":"7,25 €/KG","img":"https://fd13-photos.leclercdrive.fr/image.ashx?id=2794187&use=l&cat=p&typeid=i","cat":284379},{"id":201689,"n":"Café capsules Plantation Lungo -","p":5.15,"u":"33,01 €/KG","img":"https://fd13-photos.leclercdrive.fr/image.ashx?id=2860085&use=l&cat=p&typeid=i","cat":284749},{"id":201690,"n":"Beurre plaquette Eco+ Demi-sel - 60% MG - 200g","p":1.47,"u":"7,35 €/KG","img":"https://fd13-photos.leclercdrive.fr/image.ashx?id=2794184&use=l&cat=p&typeid=i","cat":284379},{"id":201692,"n":"Frites Crousti Express Findus Micro-ondes Allumette 2x100g","p":1.72,"u":"8,60 €/KG","img":"https://fd13-photos.leclercdrive.fr/image.ashx?id=2648274&use=l&cat=p&typeid=i","cat":319791},{"id":201693,"n":"Frites Crousti Express Findus Micro-ondes Classique 2x100g","p":1.61,"u":"8,05 €/KG","img":"https://fd13-photos.leclercdrive.fr/image.ashx?id=2648271&use=l&cat=p&typeid=i","cat":319791},{"id":201708,"n":"Spray Solaire Garnier Hypoallergénique SPF50+ - 150ml","p":11.18,"u":"74,53 €/L","img":"https://fd13-photos.leclercdrive.fr/image.ashx?id=2572272&use=l&cat=p&typeid=i","cat":325355},{"id":201721,"n":"Brume Solaire SPF50+ Garnier Très Haute Protection - 150ml","p":9.87,"u":"65,80 €/L","img":"https://fd13-photos.leclercdrive.fr/image.ashx?id=2572269&use=l&cat=p&typeid=i","cat":325355},{"id":201725,"n":"Lait Solaire SPF50+ Garnier Hypoallergénique - 175ml","p":10.55,"u":"60,29 €/L","img":"https://fd13-photos.leclercdrive.fr/image.ashx?id=2569728&use=l&cat=p&typeid=i","cat":325355},{"id":201726,"n":"Spray Solaire Enfants Garnier Hypoallergénique SPF50+ - 150ml","p":11.18,"u":"74,53 €/L","img":"https://fd13-photos.leclercdrive.fr/image.ashx?id=2552847&use=l&cat=p&typeid=i","cat":325355},{"id":201728,"n":"Brume solaire Ambre Solaire  Enfant SPF50+ - 150ml","p":9.87,"u":"65,80 €/MT","img":"https://fd13-photos.leclercdrive.fr/image.ashx?id=2572266&use=l&cat=p&typeid=i","cat":325355},{"id":201733,"n":"Spray solaire Mixa  Enfant SPF50+ - 150ml","p":10.92,"u":"72,80 €/L","img":"https://fd13-photos.leclercdrive.fr/image.ashx?id=2464186&use=l&cat=p&typeid=i","cat":325355},{"id":201734,"n":"Lait protection Solaire Mixa Anti-sel, Chlore SPF50+ - 175ml","p":9.29,"u":"53,09 €/L","img":"https://fd13-photos.leclercdrive.fr/image.ashx?id=2464189&use=l&cat=p&typeid=i","cat":325355},{"id":201762,"n":"Complément alimentaire Vitavea Gummies cheveux sublimes","p":7.67,"u":"0,19 €/P","img":"https://fd13-photos.leclercdrive.fr/image.ashx?id=2695926&use=l&cat=p&typeid=i","cat":313217},{"id":201765,"n":"Ambre Solaire Sérum Garnier Super UV SPF50+ - 30ml","p":10.54,"u":"351,33 €/L","img":"https://fd13-photos.leclercdrive.fr/image.ashx?id=2735374&use=l&cat=p&typeid=i","cat":325355},{"id":201772,"n":"Dentifrice Elmex Sensitive Blancheur douce - 75ml","p":4.6,"u":"61,33 €/L","img":"https://fd13-photos.leclercdrive.fr/image.ashx?id=2721187&use=l&cat=p&typeid=i","cat":284612},{"id":201774,"n":"Sous-vêtements nuit DryNites® Garçons 4-7 ans (17-30 kg) x16","p":12.76,"u":"0,80 €/P","img":"https://fd13-photos.leclercdrive.fr/image.ashx?id=2844727&use=l&cat=p&typeid=i","cat":290633},{"id":201775,"n":"Sous-vêtements nuit DryNites® Garçons 8-13 ans (30-48 kg) x13","p":11.85,"u":"0,91 €/P","img":"https://fd13-photos.leclercdrive.fr/image.ashx?id=2971314&use=l&cat=p&typeid=i","cat":290633},{"id":201776,"n":"Sous-vêtements nuit DryNites® Filles 8-13 ans (30-48 kg) x13","p":11.85,"u":"0,91 €/P","img":"https://fd13-photos.leclercdrive.fr/image.ashx?id=2844736&use=l&cat=p&typeid=i","cat":290633},{"id":201780,"n":"Crevettes Tropicales Marès Entières crues ASC - 400g","p":10.5,"u":"26,25 €/KG","img":"https://fd13-photos.leclercdrive.fr/image.ashx?id=2957257&use=l&cat=p&typeid=i","cat":319787},{"id":201792,"n":"Mousseline Purina Gourmet Thon nappé de sauce - 4x57g","p":3.03,"u":"13,29 €/KG","img":"https://fd13-photos.leclercdrive.fr/image.ashx?id=2899722&use=l&cat=p&typeid=i","cat":285601},{"id":201835,"n":"Pizza Crousti Moelleuse Marie Royale - 500g","p":3.92,"u":"7,84 €/KG","img":"https://fd13-photos.leclercdrive.fr/image.ashx?id=2996704&use=l&cat=p&typeid=i","cat":284256},{"id":201839,"n":"Sauce arrabbiata Turini 420g","p":1.14,"u":"2,71 €/KG","img":"https://fd13-photos.leclercdrive.fr/image.ashx?id=2465062&use=l&cat=p&typeid=i","cat":287599},{"id":201934,"n":"Protège-slips Vania Confort Fresh - x56","p":2.28,"img":"https://fd13-photos.leclercdrive.fr/image.ashx?id=2735227&use=l&cat=p&typeid=i","cat":284625},{"id":201935,"n":"Protège-slips Confort Vania  Sans parfum - x56","p":2.33,"u":"0,04 €/P","img":"https://fd13-photos.leclercdrive.fr/image.ashx?id=2735230&use=l&cat=p&typeid=i","cat":284625},{"id":201945,"n":"Gel Douche Le Petit Marseillais  Lait de vanille - 250ml","p":1.56,"u":"6,24 €/L","img":"https://fd13-photos.leclercdrive.fr/image.ashx?id=2676096&use=l&cat=p&typeid=i","cat":284594},{"id":201946,"n":"Gel Douche Le Petit Marseillais Lait de vanille - 650 ml","p":3.2,"u":"4,92 €/L","img":"https://fd13-photos.leclercdrive.fr/image.ashx?id=2674794&use=l&cat=p&typeid=i","cat":284594},{"id":201947,"n":"Gel Douche Le Petit Marseillais Fleur de cerisie - 650ml","p":3.17,"u":"4,88 €/L","img":"https://fd13-photos.leclercdrive.fr/image.ashx?id=2676099&use=l&cat=p&typeid=i","cat":284594},{"id":201948,"n":"Gel Douche Le Petit Marseillais Abricot et noisette - 650ml","p":3.17,"u":"4,88 €/MT","img":"https://fd13-photos.leclercdrive.fr/image.ashx?id=2676102&use=l&cat=p&typeid=i","cat":284594},{"id":201949,"n":"Gel Douche Le Petit Marseillais Fleur d'oranger - 250ml","p":1.7,"u":"6,80 €/MT","img":"https://fd13-photos.leclercdrive.fr/image.ashx?id=2963397&use=l&cat=p&typeid=i","cat":284594},{"id":201950,"n":"Gel Douche Le Petit Marseillais Amande douce - 250ml","p":1.58,"u":"6,32 €/MT","img":"https://fd13-photos.leclercdrive.fr/image.ashx?id=2946592&use=l&cat=p&typeid=i","cat":284594},{"id":201951,"n":"Gel Douche Le Petit Marseillais Lait - 250ml","p":1.74,"u":"6,96 €/MT","img":"https://fd13-photos.leclercdrive.fr/image.ashx?id=2676108&use=l&cat=p&typeid=i","cat":284594},{"id":201952,"n":"Gel Douche Le Petit Marseillais Lait - 650ml","p":3.2,"u":"4,92 €/L","img":"https://fd13-photos.leclercdrive.fr/image.ashx?id=2676111&use=l&cat=p&typeid=i","cat":284594},{"id":201953,"n":"Gel Douche Le Petit Marseillais Pêche nectarine - 250ml","p":1.69,"u":"6,76 €/L","img":"https://fd13-photos.leclercdrive.fr/image.ashx?id=2938761&use=l&cat=p&typeid=i","cat":284594},{"id":201954,"n":"Gel Douche Le Petit Marseillais  Peche nectarine - 650ml","p":3.17,"u":"4,88 €/L","img":"https://fd13-photos.leclercdrive.fr/image.ashx?id=2676114&use=l&cat=p&typeid=i","cat":284594},{"id":201957,"n":"Gel douche pamplemousse orange  Le Petit marseillais - 650ml","p":3.17,"u":"4,88 €/L","img":"https://fd13-photos.leclercdrive.fr/image.ashx?id=2676123&use=l&cat=p&typeid=i","cat":284594},{"id":201967,"n":"Bière blonde Corona 12x33cl","p":9.36,"u":"2,36 €/L","img":"https://fd13-photos.leclercdrive.fr/image.ashx?id=2544521&use=l&cat=p&typeid=i","cat":334873},{"id":201968,"n":"Bière blonde Corona Extra 4,5% - 6x33cl","p":8.2,"u":"4,14 €/L","img":"https://fd13-photos.leclercdrive.fr/image.ashx?id=2865452&use=l&cat=p&typeid=i","cat":334873},{"id":201980,"n":"Repas Plaisir chat stérilisé Recettes émincés poisson -4x85g","p":2.82,"u":"8,29 €/KG","img":"https://fd13-photos.leclercdrive.fr/image.ashx?id=2734486&use=l&cat=p&typeid=i","cat":285286},{"id":201983,"n":"Repas Plaisir chat stérilisé Recettes viande-poisson -12x85g","p":4.59,"u":"4,50 €/KG","img":"https://fd13-photos.leclercdrive.fr/image.ashx?id=2996959&use=l&cat=p&typeid=i","cat":285286},{"id":201984,"n":"Repas Plaisir chat stérilisé Recettes viande-poisson -24x85g","p":13.28,"u":"6,51 €/KG","img":"https://fd13-photos.leclercdrive.fr/image.ashx?id=2490659&use=l&cat=p&typeid=i","cat":285286},{"id":202009,"n":"Pur jus matin tonique bio Jardin Bio - 75cl","p":3.32,"u":"4,43 €/L","img":"https://fd13-photos.leclercdrive.fr/image.ashx?id=2469238&use=l&cat=p&typeid=i","cat":284915},{"id":202051,"n":"Crème glacée Trium Macadamia - 430g","p":4.3,"u":"10,00 €/KG","img":"https://fd13-photos.leclercdrive.fr/image.ashx?id=2469043&use=l&cat=p&typeid=i","cat":284725},{"id":202055,"n":"Crème glacée Trium Cookie Dough - 416g","p":3.24,"u":"7,79 €/KG","img":"https://fd13-photos.leclercdrive.fr/image.ashx?id=2469040&use=l&cat=p&typeid=i","cat":284725},{"id":202066,"n":"Fromage blanc nature Délisse 4x100g","p":0.97,"u":"2,43 €/KG","img":"https://fd13-photos.leclercdrive.fr/image.ashx?id=3012881&use=l&cat=p&typeid=i","cat":284409},{"id":202075,"n":"Poêlée jardinière quinoa Notre Jardin - 750g","p":3.29,"u":"4,39 €/KG","img":"https://fd13-photos.leclercdrive.fr/image.ashx?id=2771381&use=l&cat=p&typeid=i","cat":319823},{"id":202081,"n":"Pizza moelleuse Turini 3 viandes - 590g","p":4.0,"u":"6,78 €/KG","img":"https://fd13-photos.leclercdrive.fr/image.ashx?id=2816609&use=l&cat=p&typeid=i","cat":284256},{"id":202399,"n":"Pur jus de grenade Jardin Bio Bio - 75cl","p":5.7,"u":"7,60 €/L","img":"https://fd13-photos.leclercdrive.fr/image.ashx?id=2471856&use=l&cat=p&typeid=i","cat":284915},{"id":202400,"n":"Pur jus Jardin Bio Matin douceur - 75cl","p":3.35,"u":"4,47 €/L","img":"https://fd13-photos.leclercdrive.fr/image.ashx?id=2471871&use=l&cat=p&typeid=i","cat":284915},{"id":202404,"n":"Pur jus Jardin Bio Pamplemousse rose bio - 75cl","p":2.93,"u":"3,91 €/L","img":"https://fd13-photos.leclercdrive.fr/image.ashx?id=2835307&use=l&cat=p&typeid=i","cat":284915},{"id":202407,"n":"Pur jus Jardin Bio Raisin bio - 75cl","p":3.14,"u":"4,19 €/L","img":"https://fd13-photos.leclercdrive.fr/image.ashx?id=2471163&use=l&cat=p&typeid=i","cat":284915},{"id":202448,"n":"Pomme de terre Princesse Amandine - 2kg","p":3.49,"u":"1,75 €/KG","img":"https://fd13-photos.leclercdrive.fr/image.ashx?id=1625739&use=l&cat=p&typeid=i","cat":284352},{"id":202473,"n":"Dentifrice Colgate  Max White Charbon - 2x75ml","p":3.06,"u":"20,40 €/L","img":"https://fd13-photos.leclercdrive.fr/image.ashx?id=2472492&use=l&cat=p&typeid=i","cat":284612},{"id":202480,"n":"Ossau Iraty 8 mois NRT AOP  L'Atelier Fromagerie - 180g","p":4.75,"u":"26,39 €/KG","img":"https://fd13-photos.leclercdrive.fr/image.ashx?id=2489209&use=l&cat=p&typeid=i","cat":314031},{"id":202481,"n":"Assortiment Raclette  600g","p":8.55,"u":"14,25 €/KG","img":"https://fd13-photos.leclercdrive.fr/image.ashx?id=2992690&use=l&cat=p&typeid=i","cat":314036},{"id":202482,"n":"Raclette nature 600g","p":7.79,"u":"12,98 €/KG","img":"https://fd13-photos.leclercdrive.fr/image.ashx?id=2992693&use=l&cat=p&typeid=i","cat":314036},{"id":202544,"n":"Gel douche Le Petit Marseillais Grenade - 250ml","p":1.65,"u":"6,60 €/L","img":"https://fd13-photos.leclercdrive.fr/image.ashx?id=2685126&use=l&cat=p&typeid=i","cat":284594},{"id":202545,"n":"Gel douche Le Petit Marseillais Fleur de Tiare - 250ml","p":1.6,"u":"6,40 €/L","img":"https://fd13-photos.leclercdrive.fr/image.ashx?id=2676093&use=l&cat=p&typeid=i","cat":284594},{"id":202547,"n":"Gel douche Le Petit Marseillais Mangue Passion - 250ml","p":1.67,"u":"6,68 €/L","img":"https://fd13-photos.leclercdrive.fr/image.ashx?id=2685189&use=l&cat=p&typeid=i","cat":284594},{"id":202622,"n":"Café expresso San Marco Barista - 1kg","p":21.62,"u":"21,62 €/KG","img":"https://fd13-photos.leclercdrive.fr/image.ashx?id=2474368&use=l&cat=p&typeid=i","cat":284749},{"id":202623,"n":"Lentilles blondes Eco  500g","p":0.89,"u":"1,78 €/KG","img":"https://fd13-photos.leclercdrive.fr/image.ashx?id=3003744&use=l&cat=p&typeid=i","cat":284430},{"id":202778,"n":"Oignons jaunes Eco+ 1.5 Kg","p":1.69,"u":"1,13 €/KG","img":"https://fd13-photos.leclercdrive.fr/image.ashx?id=2772572&use=l&cat=p&typeid=i","cat":284352},{"id":202823,"n":"Lessive All-In-1 Dash Pods Envolée d'air - 582g","p":14.27,"u":"24,52 €/KG","img":"https://fd13-photos.leclercdrive.fr/image.ashx?id=2523046&use=l&cat=p&typeid=i","cat":284641},{"id":202870,"n":"Sucrines bicolores Panier du Primeur x3","p":1.29,"u":"0,43 €/P","img":"https://fd13-photos.leclercdrive.fr/image.ashx?id=2477544&use=l&cat=p&typeid=i","cat":284352},{"id":202871,"n":"Coeur de sucrine  Panier du Primeur x6","p":1.99,"u":"0,66 €/P","img":"https://fd13-photos.leclercdrive.fr/image.ashx?id=2477547&use=l&cat=p&typeid=i","cat":284352},{"id":202872,"n":"Sucrine Eco+ x2","p":0.89,"u":"0,45 €/P","img":"https://fd13-photos.leclercdrive.fr/image.ashx?id=2477535&use=l&cat=p&typeid=i","cat":284352},{"id":202888,"n":"Gel douche Adidas Active Start - 250ml","p":1.79,"u":"7,16 €/L","img":"https://fd13-photos.leclercdrive.fr/image.ashx?id=2990805&use=l&cat=p&typeid=i","cat":284619},{"id":202892,"n":"Filet de lieu noir Eco+ Sans peau et sans arête - 220g","p":2.97,"u":"13,50 €/KG","img":"https://fd13-photos.leclercdrive.fr/image.ashx?id=2966713&use=l&cat=p&typeid=i","cat":284342},{"id":202908,"n":"Skyr Yoplait  Nature 0%MG - 450G","p":2.24,"u":"4,98 €/KG","img":"https://fd13-photos.leclercdrive.fr/image.ashx?id=2884468&use=l&cat=p&typeid=i","cat":315000},{"id":202914,"n":"Serviettes fuites urinaires Tadam' Maxi x12","p":5.59,"u":"0,47 €/P","img":"https://fd13-photos.leclercdrive.fr/image.ashx?id=2497575&use=l&cat=p&typeid=i","cat":284628},{"id":202966,"n":"Plat individuel Pad thaï Garbit - 300g","p":3.43,"u":"11,43 €/KG","img":"https://fd13-photos.leclercdrive.fr/image.ashx?id=2901908&use=l&cat=p&typeid=i","cat":284953},{"id":202967,"n":"Plat individuel Satay Garbit - 300g","p":3.5,"u":"11,67 €/KG","img":"https://fd13-photos.leclercdrive.fr/image.ashx?id=2901914&use=l&cat=p&typeid=i","cat":284953},{"id":203035,"n":"Dentifrice Oral B Pro-Expert Protection - 75ml","p":3.1,"u":"41,33 €/L","img":"https://fd13-photos.leclercdrive.fr/image.ashx?id=2742261&use=l&cat=p&typeid=i","cat":284612},{"id":203042,"n":"Gel Toilette Intime Extra Doux Intima Natural Hamamélis 200ml","p":3.08,"u":"15,40 €/L","img":"https://fd13-photos.leclercdrive.fr/image.ashx?id=2959871&use=l&cat=p&typeid=i","cat":284627},{"id":203043,"n":"Gel Toilette Intime Régulateur Intima Natural Cranberry 200ml","p":3.34,"u":"16,70 €/L","img":"https://fd13-photos.leclercdrive.fr/image.ashx?id=2959874&use=l&cat=p&typeid=i","cat":284627},{"id":203044,"n":"Dentifrice Oral B Pro-Expert Dents sensibles - 75ml","p":3.39,"u":"45,20 €/L","img":"https://fd13-photos.leclercdrive.fr/image.ashx?id=2748647&use=l&cat=p&typeid=i","cat":284612},{"id":203048,"n":"Aérosol désodorisant Glade Muguet - 300ml","p":2.35,"u":"7,83 €/L","img":"https://fd13-photos.leclercdrive.fr/image.ashx?id=2664211&use=l&cat=p&typeid=i","cat":311626},{"id":203049,"n":"Recharge Sense & Spray Glade Muguet - 18 ml","p":3.99,"u":"221,67 €/L","img":"https://fd13-photos.leclercdrive.fr/image.ashx?id=2634349&use=l&cat=p&typeid=i","cat":311629},{"id":203050,"n":"Recharge Sense & Spray Glade Ocean Adventure - 18 ml","p":3.99,"u":"221,67 €/L","img":"https://fd13-photos.leclercdrive.fr/image.ashx?id=2634352&use=l&cat=p&typeid=i","cat":311629},{"id":203051,"n":"Recharge Sense & Spray Glade Relaxing Zen - 18 ml","p":4.02,"u":"223,33 €/L","img":"https://fd13-photos.leclercdrive.fr/image.ashx?id=2634355&use=l&cat=p&typeid=i","cat":311629},{"id":203053,"n":"Diffuseur & recharge 18ml Glade Bois de Santal&Jasmin - 1 pièce","p":6.93,"pp":4.16,"img":"https://fd13-photos.leclercdrive.fr/image.ashx?id=2684293&use=l&cat=p&typeid=i","cat":311629},{"id":203055,"n":"Diffuseur Automatic Spray Glade Sandalwood & Jasmine - 269 ml","p":9.45,"img":"https://fd13-photos.leclercdrive.fr/image.ashx?id=2866007&use=l&cat=p&typeid=i","cat":311629},{"id":203056,"n":"Recharge Touch & Fresh Glade Marine - 10 ml","p":2.54,"u":"254,00 €/L","img":"https://fd13-photos.leclercdrive.fr/image.ashx?id=2506609&use=l&cat=p&typeid=i","cat":311629},{"id":203057,"n":"Recharge Touch & Fresh Glade Muguet - 10ml","p":3.39,"u":"339,00 €/L","img":"https://fd13-photos.leclercdrive.fr/image.ashx?id=2506612&use=l&cat=p&typeid=i","cat":311629},{"id":203059,"n":"Recharge Touch & Fresh Glade Sandalwood & Jasmine - 10 ml","p":3.45,"u":"345,00 €/L","img":"https://fd13-photos.leclercdrive.fr/image.ashx?id=2914744&use=l&cat=p&typeid=i","cat":311629},{"id":203063,"n":"Gel désodorisant Glade  Longue durée - Muguet - x1","p":2.18,"img":"https://fd13-photos.leclercdrive.fr/image.ashx?id=2479429&use=l&cat=p&typeid=i","cat":311628},{"id":203089,"n":"Pizza au feu de bois Turini Chèvre et miel - 410g","p":2.65,"u":"6,46 €/KG","img":"https://fd13-photos.leclercdrive.fr/image.ashx?id=2816615&use=l&cat=p&typeid=i","cat":284256},{"id":203310,"n":"Diffuseur Touch & Fresh Glade Marine - 10 ml","p":4.25,"img":"https://fd13-photos.leclercdrive.fr/image.ashx?id=2914750&use=l&cat=p&typeid=i","cat":311629},{"id":203396,"n":"Crème glacée Häagen-Dazs Chocolat macarons - 364g","p":5.94,"u":"14,85 €/KG","img":"https://fd13-photos.leclercdrive.fr/image.ashx?id=2893501&use=l&cat=p&typeid=i","cat":284725},{"id":203433,"n":"Gel douche Homme Adidas After Sport - 250ml","p":1.68,"u":"6,72 €/L","img":"https://fd13-photos.leclercdrive.fr/image.ashx?id=2990799&use=l&cat=p&typeid=i","cat":284619},{"id":203476,"n":"Mâche Eco+ 125g","p":0.99,"img":"https://fd13-photos.leclercdrive.fr/image.ashx?id=2958305&use=l&cat=p&typeid=i","cat":284352},{"id":203596,"n":"Plat cuisiné Jardin Bio Bio Lentilles à l'indienne - 680g","p":4.89,"u":"7,19 €/KG","img":"https://fd13-photos.leclercdrive.fr/image.ashx?id=2811179&use=l&cat=p&typeid=i","cat":287600},{"id":203599,"n":"Infusion Jardin Bio Rooibos D'Afrique du sud Bio - x20 -36g","p":2.76,"u":"76,67 €/KG","img":"https://fd13-photos.leclercdrive.fr/image.ashx?id=2974384&use=l&cat=p&typeid=i","cat":293234},{"id":203600,"n":"Craquant avoine Jardin Bio Equitable bio - 133g","p":2.45,"u":"18,42 €/KG","img":"https://fd13-photos.leclercdrive.fr/image.ashx?id=2967217&use=l&cat=p&typeid=i","cat":284954},{"id":203601,"n":"Infusion Rooibos Jardin Bio Vanille Bio - 30g","p":2.72,"u":"90,67 €/KG","img":"https://fd13-photos.leclercdrive.fr/image.ashx?id=3000791&use=l&cat=p&typeid=i","cat":293234},{"id":203603,"n":"Petit gourmand bio Jardin Bio A la pâte à tartiner - 155g","p":3.41,"u":"22,00 €/KG","img":"https://fd13-photos.leclercdrive.fr/image.ashx?id=2990676&use=l&cat=p&typeid=i","cat":284488},{"id":203605,"n":"Banane Eco+ x4","p":0.79,"u":"0,20 €/P","img":"https://fd13-photos.leclercdrive.fr/image.ashx?id=2600252&use=l&cat=p&typeid=i","cat":284356},{"id":203787,"n":"Pack Culottes Menstruelles X3 1achetée 2 offertes dentelle XS","p":66.34,"u":"22,11 €/P","img":"https://fd13-photos.leclercdrive.fr/image.ashx?id=2795273&use=l&cat=p&typeid=i","cat":284624},{"id":203788,"n":"Pack Culottes Menstruelles x3 1 achetée 2 offertes dentelle S","p":58.32,"u":"19,44 €/P","img":"https://fd13-photos.leclercdrive.fr/image.ashx?id=2795276&use=l&cat=p&typeid=i","cat":284624},{"id":203789,"n":"Pack Culottes Menstruelles X3 1 achetée 2 offertes dentelle L","p":58.32,"u":"19,44 €/P","img":"https://fd13-photos.leclercdrive.fr/image.ashx?id=2795279&use=l&cat=p&typeid=i","cat":284624},{"id":203790,"n":"Pack Culottes Menstruelles X3 1achetée 2 offertes dentelle XL","p":58.32,"u":"19,44 €/P","img":"https://fd13-photos.leclercdrive.fr/image.ashx?id=2795282&use=l&cat=p&typeid=i","cat":284624},{"id":203801,"n":"Dentifrice Parodontax Haleine gencives et Sensibilité 75ml","p":5.02,"u":"66,93 €/L","img":"https://fd13-photos.leclercdrive.fr/image.ashx?id=2487084&use=l&cat=p&typeid=i","cat":284612},{"id":203821,"n":"Boîte chien Pedigree  Cuisinés en sauce - 6x400g","p":8.54,"u":"3,56 €/KG","img":"https://fd13-photos.leclercdrive.fr/image.ashx?id=2849722&use=l&cat=p&typeid=i","cat":288578},{"id":203822,"n":"Boîte chien Pedigree Cuisinés en sauce - 4x400g","p":6.09,"u":"3,81 €/KG","img":"https://fd13-photos.leclercdrive.fr/image.ashx?id=2849719&use=l&cat=p&typeid=i","cat":288578},{"id":203823,"n":"Sachet fraicheur chat Whiskas Carte mixte en gelée - 48x85g","p":14.96,"u":"3,67 €/KG","img":"https://fd13-photos.leclercdrive.fr/image.ashx?id=2486916&use=l&cat=p&typeid=i","cat":285286},{"id":203826,"n":"Sachet fraicheur chat Whiskas Poissons en gelée - 12x85g","p":4.81,"u":"4,72 €/KG","img":"https://fd13-photos.leclercdrive.fr/image.ashx?id=2486910&use=l&cat=p&typeid=i","cat":285286},{"id":203828,"n":"Sachet repas chaton Whiskas Festins volaille gelée - 12x85g","p":5.57,"u":"5,46 €/KG","img":"https://fd13-photos.leclercdrive.fr/image.ashx?id=2487093&use=l&cat=p&typeid=i","cat":285286},{"id":203873,"n":"Culotte Feel Natural Menstruelles - x3 - Taille XL","p":41.57,"u":"13,86 €/P","img":"https://fd13-photos.leclercdrive.fr/image.ashx?id=2795240&use=l&cat=p&typeid=i","cat":291524},{"id":203932,"n":"Bandes de cires froides corps Nair - Fleur Cerisier x40","p":6.71,"u":"0,17 €/P","img":"https://fd13-photos.leclercdrive.fr/image.ashx?id=2937058&use=l&cat=p&typeid=i","cat":325351},{"id":203940,"n":"Tampons Tampax Compak Super - x27","p":4.1,"u":"0,15 €/P","img":"https://fd13-photos.leclercdrive.fr/image.ashx?id=2683394&use=l&cat=p&typeid=i","cat":284626},{"id":204050,"n":"Haricots vert Bio Village Bio 220g","p":1.49,"u":"6,77 €/KG","img":"https://fd13-photos.leclercdrive.fr/image.ashx?id=3002716&use=l&cat=p&typeid=i","cat":312606},{"id":204054,"n":"Thon entier Pèche Océan MSC 2x70g","p":1.59,"u":"11,36 €/KG","img":"https://fd13-photos.leclercdrive.fr/image.ashx?id=2942238&use=l&cat=p&typeid=i","cat":303867},{"id":204056,"n":"Céréales Spécial K Kellogg's Fruits rouges - 450g","p":3.86,"u":"8,58 €/KG","img":"https://fd13-photos.leclercdrive.fr/image.ashx?id=2775029&use=l&cat=p&typeid=i","cat":309512},{"id":204057,"n":"Céréales Spécial K Kellogg's Chocolat noir - 500g","p":4.05,"u":"8,10 €/KG","img":"https://fd13-photos.leclercdrive.fr/image.ashx?id=2692710&use=l&cat=p&typeid=i","cat":309512},{"id":204058,"n":"Céréales Special K Kellogg's Chocolat au Lait - 500g","p":4.12,"u":"8,24 €/KG","img":"https://fd13-photos.leclercdrive.fr/image.ashx?id=2692713&use=l&cat=p&typeid=i","cat":309512},{"id":204065,"n":"Bouillon Knorr Saveur boeuf - 150g","p":1.19,"u":"7,93 €/KG","img":"https://fd13-photos.leclercdrive.fr/image.ashx?id=2866846&use=l&cat=p&typeid=i","cat":288379},{"id":204073,"n":"Fromage Fouetté Ail Fines Herbe à tartiner Les Croisés - 150g","p":1.53,"u":"10,20 €/KG","img":"https://fd13-photos.leclercdrive.fr/image.ashx?id=2487398&use=l&cat=p&typeid=i","cat":314029},{"id":204118,"n":"Sirop de cassis NRT De Bourgogne - 70cl","p":3.2,"u":"4,57 €/L","img":"https://fd13-photos.leclercdrive.fr/image.ashx?id=2590514&use=l&cat=p&typeid=i","cat":295020},{"id":204157,"n":"Pâte feuilletée Herta Trésor de Grand-Mère  280g","p":1.65,"u":"5,89 €/KG","img":"https://fd13-photos.leclercdrive.fr/image.ashx?id=2833303&use=l&cat=p&typeid=i","cat":333681},{"id":204158,"n":"Pâte brisée Herta Trésor de Grand-Mère - 280g","p":1.71,"u":"6,11 €/KG","img":"https://fd13-photos.leclercdrive.fr/image.ashx?id=2833306&use=l&cat=p&typeid=i","cat":333681},{"id":204160,"n":"Gel douche 2en1 L'Arbre Vert Enfants - Pêche bio - 250ml","p":2.22,"u":"8,88 €/L","img":"https://fd13-photos.leclercdrive.fr/image.ashx?id=2490275&use=l&cat=p&typeid=i","cat":284594},{"id":204169,"n":"Sachet fraicheur chat Whiskas Festins volaille gelée - 12x85g","p":4.87,"u":"4,77 €/KG","img":"https://fd13-photos.leclercdrive.fr/image.ashx?id=2490329&use=l&cat=p&typeid=i","cat":285286},{"id":204237,"n":"Rasoir Venus Gillette Deluxe Smooth Swirl - x1","p":15.31,"img":"https://fd13-photos.leclercdrive.fr/image.ashx?id=2526529&use=l&cat=p&typeid=i","cat":325352},{"id":204247,"n":"Protège-slip Vania Confort Multiformes - 1p","p":2.33,"img":"https://fd13-photos.leclercdrive.fr/image.ashx?id=2735224&use=l&cat=p&typeid=i","cat":284625},{"id":204248,"n":"Galettes St Michel Fourrées Chocolat au lait 240g","p":1.95,"u":"8,13 €/KG","img":"https://fd13-photos.leclercdrive.fr/image.ashx?id=2950000&use=l&cat=p&typeid=i","cat":284487},{"id":204275,"n":"Soin Hydratant So Bio Etic Grenade bio - 50ml","p":11.72,"u":"234,40 €/L","img":"https://fd13-photos.leclercdrive.fr/image.ashx?id=2787110&use=l&cat=p&typeid=i","cat":325345},{"id":204304,"n":"Shampoing Illuminant Ultra Doux Camomille - 300ml","p":2.44,"u":"8,13 €/L","img":"https://fd13-photos.leclercdrive.fr/image.ashx?id=2926596&use=l&cat=p&typeid=i","cat":284606},{"id":204305,"n":"Shampoing nutrition Ultra Doux Argan et camélia - 300ml","p":2.64,"u":"8,80 €/L","img":"https://fd13-photos.leclercdrive.fr/image.ashx?id=2492797&use=l&cat=p&typeid=i","cat":284606},{"id":204306,"n":"Shampoing nutrition Ultra Doux Cheveu Bouclé à Frisé - 300ml","p":2.44,"u":"8,13 €/L","img":"https://fd13-photos.leclercdrive.fr/image.ashx?id=2926599&use=l&cat=p&typeid=i","cat":284606},{"id":204307,"n":"Shampoing Couleur Ultra Doux Cheveux colorés - 300ml","p":2.64,"u":"8,80 €/L","img":"https://fd13-photos.leclercdrive.fr/image.ashx?id=2492803&use=l&cat=p&typeid=i","cat":284606},{"id":204308,"n":"Shampoing Enfants Ultra Doux Abricot - 300ml","p":2.64,"u":"8,80 €/L","img":"https://fd13-photos.leclercdrive.fr/image.ashx?id=2851093&use=l&cat=p&typeid=i","cat":284606},{"id":204311,"n":"Shampoing doux Ultra Doux Extrait de tilleul - 300ml","p":2.8,"u":"9,33 €/L","img":"https://fd13-photos.leclercdrive.fr/image.ashx?id=2492815&use=l&cat=p&typeid=i","cat":284606},{"id":204314,"n":"Après-shampoing Ultra doux Cheveux fragiles - 250ml","p":2.68,"u":"10,72 €/L","img":"https://fd13-photos.leclercdrive.fr/image.ashx?id=2646569&use=l&cat=p&typeid=i","cat":284607},{"id":204323,"n":"Chips Vico Paprika - 125g","p":1.28,"u":"10,24 €/KG","img":"https://fd13-photos.leclercdrive.fr/image.ashx?id=2921298&use=l&cat=p&typeid=i","cat":284447},{"id":204327,"n":"Soupe instantanée Royco  Velouté Tomates - 4x200ml","p":1.38,"u":"1,73 €/L","img":"https://fd13-photos.leclercdrive.fr/image.ashx?id=2650991&use=l&cat=p&typeid=i","cat":293527},{"id":204386,"n":"Mini pizzas Piccolinis Buitoni Bolognaise x9 - 270g","p":2.75,"u":"10,19 €/KG","img":"https://fd13-photos.leclercdrive.fr/image.ashx?id=2493655&use=l&cat=p&typeid=i","cat":319774},{"id":204488,"n":"Dentifrice Aquafresh Triple Protection Blancheur - 125ml","p":1.76,"u":"14,08 €/L","img":"https://fd13-photos.leclercdrive.fr/image.ashx?id=2546755&use=l&cat=p&typeid=i","cat":284612},{"id":204702,"n":"BB Crème Soin tout en 1 Garnier Teinte medium - 50ml","p":7.23,"u":"144,60 €/L","img":"https://fd13-photos.leclercdrive.fr/image.ashx?id=2494977&use=l&cat=p&typeid=i","cat":325345},{"id":204710,"n":"Crème solaire Mixa Protection enfant- SPF50- 175ml","p":9.29,"u":"53,09 €/L","img":"https://fd13-photos.leclercdrive.fr/image.ashx?id=2494995&use=l&cat=p&typeid=i","cat":325355},{"id":204717,"n":"Soda Schweppes Saveur Agrumes Zero - 1,5L","p":1.75,"u":"1,17 €/L","img":"https://fd13-photos.leclercdrive.fr/image.ashx?id=2852444&use=l&cat=p&typeid=i","cat":284532},{"id":204718,"n":"Soda Schweppes Saveur Agrumes - 1,5L","p":1.68,"u":"1,12 €/L","img":"https://fd13-photos.leclercdrive.fr/image.ashx?id=2852447&use=l&cat=p&typeid=i","cat":284532},{"id":204719,"n":"Soda Schweppes Indian Tonic - 1,5L","p":1.81,"u":"1,21 €/L","img":"https://fd13-photos.leclercdrive.fr/image.ashx?id=2852456&use=l&cat=p&typeid=i","cat":284531},{"id":204747,"n":"Dentifrice Aquafresh Menthe fraîche - 125ml","p":1.79,"u":"14,32 €/L","img":"https://fd13-photos.leclercdrive.fr/image.ashx?id=2546752&use=l&cat=p&typeid=i","cat":284612},{"id":204748,"n":"Boisson énergisante Red Bull Goût Abricot-Fraise, 250ml","p":1.3,"u":"5,20 €/L","img":"https://fd13-photos.leclercdrive.fr/image.ashx?id=3011995&use=l&cat=p&typeid=i","cat":284533},{"id":204788,"n":"Gnocchi à poêler Lustucru 325g","p":1.5,"u":"4,62 €/KG","img":"https://fd13-photos.leclercdrive.fr/image.ashx?id=2975218&use=l&cat=p&typeid=i","cat":333682},{"id":204789,"n":"Gnocchi à poêler Lustucru 520g","p":2.24,"u":"4,31 €/KG","img":"https://fd13-photos.leclercdrive.fr/image.ashx?id=2792423&use=l&cat=p&typeid=i","cat":333682},{"id":204791,"n":"Gnocchi à poêler Lustucru  Format XXL - 720g","p":3.03,"u":"4,21 €/KG","img":"https://fd13-photos.leclercdrive.fr/image.ashx?id=2788556&use=l&cat=p&typeid=i","cat":333682},{"id":204796,"n":"Tortellini Lustucru Jambon cru - 250g","p":2.38,"u":"9,52 €/KG","img":"https://fd13-photos.leclercdrive.fr/image.ashx?id=2974360&use=l&cat=p&typeid=i","cat":333682},{"id":204797,"n":"Nectar de mangue Eco+ 1L","p":1.37,"u":"1,37 €/L","img":"https://fd13-photos.leclercdrive.fr/image.ashx?id=2955608&use=l&cat=p&typeid=i","cat":284916},{"id":204952,"n":"Thon Sauce Catalane Petit Navire - 140g","p":1.61,"u":"11,50 €/KG","img":"https://fd13-photos.leclercdrive.fr/image.ashx?id=2989072&use=l&cat=p&typeid=i","cat":303867},{"id":204990,"n":"Crème antiride Pot 50ml","p":2.99,"u":"59,80 €/L","img":"https://fd13-photos.leclercdrive.fr/image.ashx?id=2498952&use=l&cat=p&typeid=i","cat":325345},{"id":205009,"n":"Colin d'Alaska & riz D'Aucy Crème de St Jacques 280g","p":3.33,"u":"11,89 €/KG","img":"https://fd13-photos.leclercdrive.fr/image.ashx?id=2498221&use=l&cat=p&typeid=i","cat":284953},{"id":205011,"n":"Lasagnes au saumon d'aucy 300g","p":3.27,"u":"10,90 €/KG","img":"https://fd13-photos.leclercdrive.fr/image.ashx?id=2522539&use=l&cat=p&typeid=i","cat":284953},{"id":205233,"n":"Serviettes Always Ultra Long - T2 - x12","p":2.49,"u":"0,21 €/P","img":"https://fd13-photos.leclercdrive.fr/image.ashx?id=2851324&use=l&cat=p&typeid=i","cat":284624},{"id":205235,"n":"Serviettes Always Ultra Secure night -T4 - x9","p":2.66,"u":"0,30 €/P","img":"https://fd13-photos.leclercdrive.fr/image.ashx?id=2851330&use=l&cat=p&typeid=i","cat":284624},{"id":205236,"n":"Protège-slip Always Fresh & Protect - Normal - x30","p":1.83,"u":"0,06 €/P","img":"https://fd13-photos.leclercdrive.fr/image.ashx?id=2949070&use=l&cat=p&typeid=i","cat":284625},{"id":205237,"n":"Sérum anti-âge L'Oréal Paris Revitalift Vitamine C - 30ml","p":14.16,"u":"472,00 €/L","img":"https://fd13-photos.leclercdrive.fr/image.ashx?id=3003351&use=l&cat=p&typeid=i","cat":325345},{"id":205304,"n":"Bandes de cire froide Expert Veet Corps Peaux sensibles x40","p":8.8,"u":"0,22 €/P","img":"https://fd13-photos.leclercdrive.fr/image.ashx?id=2964959&use=l&cat=p&typeid=i","cat":325351},{"id":205305,"n":"Bandes de cire froide Expert Veet Visage Peaux sensibles x20","p":5.38,"u":"0,27 €/P","img":"https://fd13-photos.leclercdrive.fr/image.ashx?id=2915440&use=l&cat=p&typeid=i","cat":325351},{"id":205310,"n":"Dentifrice Oral-B Pro-Expert Blancheur saine - 75ml","p":3.39,"u":"45,20 €/L","img":"https://fd13-photos.leclercdrive.fr/image.ashx?id=2737306&use=l&cat=p&typeid=i","cat":284612},{"id":205311,"n":"Masque Remède Garnier Cheveux normaux à gras - 340ml","p":5.09,"u":"14,97 €/L","img":"https://fd13-photos.leclercdrive.fr/image.ashx?id=2500171&use=l&cat=p&typeid=i","cat":284608},{"id":205313,"n":"Coloration Permanente Olia 5.0 Châtain Clair Café","p":12.04,"img":"https://fd13-photos.leclercdrive.fr/image.ashx?id=2521167&use=l&cat=p&typeid=i","cat":288899},{"id":205314,"n":"Coloration Permanente Olia 6.0 Châtain Très Clair","p":11.52,"img":"https://fd13-photos.leclercdrive.fr/image.ashx?id=2521170&use=l&cat=p&typeid=i","cat":288899},{"id":205318,"n":"Shampoing charbon Ultra Doux Equilibrant - 250ml","p":2.33,"u":"9,32 €/L","img":"https://fd13-photos.leclercdrive.fr/image.ashx?id=2500177&use=l&cat=p&typeid=i","cat":284606},{"id":205319,"n":"Coloration Garnier Good 3.12 Châtain foncé Myrtille","p":11.86,"img":"https://fd13-photos.leclercdrive.fr/image.ashx?id=2521176&use=l&cat=p&typeid=i","cat":288899},{"id":205321,"n":"Masque Merveilleux Garnier Cheveux Secs, Ternes - 340ml","p":5.05,"u":"14,85 €/L","img":"https://fd13-photos.leclercdrive.fr/image.ashx?id=2500165&use=l&cat=p&typeid=i","cat":284608},{"id":205322,"n":"Masque remède Nutrition Garnier Avocat karité - 340ml","p":4.51,"u":"13,26 €/L","img":"https://fd13-photos.leclercdrive.fr/image.ashx?id=2875453&use=l&cat=p&typeid=i","cat":284608},{"id":205363,"n":"Bière aromatisée La Bête Rouge 8° - 50cl canette","p":2.9,"u":"5,80 €/L","img":"https://fd13-photos.leclercdrive.fr/image.ashx?id=2906325&use=l&cat=p&typeid=i","cat":334853},{"id":205439,"n":"Sirop sans sucre Teisseire  Fraise - 60cl","p":2.99,"u":"4,98 €/L","img":"https://fd13-photos.leclercdrive.fr/image.ashx?id=2500455&use=l&cat=p&typeid=i","cat":295020},{"id":205520,"n":"Crème glacée La Laitière Rhum Raisins - 490g","p":3.24,"pp":2.27,"u":"4,63 €/KG","img":"https://fd13-photos.leclercdrive.fr/image.ashx?id=2877877&use=l&cat=p&typeid=i","cat":284263},{"id":205522,"n":"Shampoing Réparateur Elsève Pro Bond Repair - 200ml","p":5.83,"u":"29,15 €/L","img":"https://fd13-photos.leclercdrive.fr/image.ashx?id=3008779&use=l&cat=p&typeid=i","cat":284606},{"id":205594,"n":"IGP Pruneaux d'Agen dénoyautés Nos Régions ont du Talent 375g","p":3.11,"u":"8,29 €/KG","img":"https://fd13-photos.leclercdrive.fr/image.ashx?id=2583837&use=l&cat=p&typeid=i","cat":284357},{"id":205658,"n":"Repas P'tit diner Yooji Bio Potiron mais millet 300g","p":4.59,"u":"15,30 €/KG","img":"https://fd13-photos.leclercdrive.fr/image.ashx?id=2832254&use=l&cat=p&typeid=i","cat":290631},{"id":205659,"n":"Ptit diner Petit pois  Epinards et orge bio - 300g","p":3.95,"u":"13,17 €/KG","img":"https://fd13-photos.leclercdrive.fr/image.ashx?id=2832257&use=l&cat=p&typeid=i","cat":290631},{"id":205787,"n":"Saucisse de Toulouse Férial Brassé - 450g","p":4.16,"u":"9,24 €/KG","img":"https://fd13-photos.leclercdrive.fr/image.ashx?id=2761986&use=l&cat=p&typeid=i","cat":284334},{"id":205864,"n":"Capsules Lave-vaisselle Fairy Platinum+ - x29 - Tout en 1","p":11.62,"u":"25,82 €/KG","img":"https://fd13-photos.leclercdrive.fr/image.ashx?id=2503193&use=l&cat=p&typeid=i","cat":284656},{"id":205876,"n":"Nettoyant dilué Mr Propre Bicarbonate - 1L","p":2.75,"u":"2,75 €/L","img":"https://fd13-photos.leclercdrive.fr/image.ashx?id=2867842&use=l&cat=p&typeid=i","cat":284907},{"id":205892,"n":"Nettoyant multi-usages Mr Propre - Savon noir - 1L","p":2.5,"u":"2,50 €/L","img":"https://fd13-photos.leclercdrive.fr/image.ashx?id=2889976&use=l&cat=p&typeid=i","cat":284907},{"id":205920,"n":"Cracotte Lu Briochée - 240g","p":2.12,"u":"8,83 €/KG","img":"https://fd13-photos.leclercdrive.fr/image.ashx?id=2645408&use=l&cat=p&typeid=i","cat":284479},{"id":205934,"n":"Culottes Pampers Premium P Protection - T4 - x31","p":16.21,"u":"0,52 €/P","img":"https://fd13-photos.leclercdrive.fr/image.ashx?id=2670881&use=l&cat=p&typeid=i","cat":290633},{"id":205935,"n":"Couches Pampers Premium Protection - T3 - x46","p":17.1,"u":"0,37 €/P","img":"https://fd13-photos.leclercdrive.fr/image.ashx?id=2681955&use=l&cat=p&typeid=i","cat":284737},{"id":205942,"n":"Couches Pampers Baby-dry T3 - x52","p":15.87,"u":"0,31 €/P","img":"https://fd13-photos.leclercdrive.fr/image.ashx?id=2655154&use=l&cat=p&typeid=i","cat":284737},{"id":205957,"n":"Fromage Persillée Bresse Bleu Le véritable - 300g","p":3.97,"u":"13,23 €/KG","img":"https://fd13-photos.leclercdrive.fr/image.ashx?id=2926515&use=l&cat=p&typeid=i","cat":314032},{"id":206033,"n":"Biscuits Mots Doux P'tit Déli Chocolat noisettes - 180g","p":1.89,"u":"10,50 €/KG","img":"https://fd13-photos.leclercdrive.fr/image.ashx?id=2771136&use=l&cat=p&typeid=i","cat":284488},{"id":206050,"n":"Thé glacé Fuze Tea Framboise Menthe  Sans sucres - 1.25L","p":1.55,"u":"1,24 €/L","img":"https://fd13-photos.leclercdrive.fr/image.ashx?id=2997217&use=l&cat=p&typeid=i","cat":295019},{"id":206116,"n":"Rol'nuts  Chocolat cacahuète - 100g","p":0.96,"u":"9,60 €/KG","img":"https://fd13-photos.leclercdrive.fr/image.ashx?id=2507691&use=l&cat=p&typeid=i","cat":284449},{"id":206117,"n":"Gel lavant hydratant Sanytol Aloe Vera & Thé Vert Bio-500ml","p":4.85,"u":"9,70 €/L","img":"https://fd13-photos.leclercdrive.fr/image.ashx?id=2512131&use=l&cat=p&typeid=i","cat":284597},{"id":206120,"n":"Crème dépilatoire Expert Veet Corps Peaux sensibles 200ml","p":5.29,"u":"26,45 €/L","img":"https://fd13-photos.leclercdrive.fr/image.ashx?id=2970804&use=l&cat=p&typeid=i","cat":325351},{"id":206125,"n":"Riz parfumé  1kg","p":2.29,"u":"2,29 €/KG","img":"https://fd13-photos.leclercdrive.fr/image.ashx?id=2515521&use=l&cat=p&typeid=i","cat":284428},{"id":206126,"n":"Infusion La Tisanière Nuit calme - x20 - 28g","p":2.68,"u":"95,71 €/KG","img":"https://fd13-photos.leclercdrive.fr/image.ashx?id=2907863&use=l&cat=p&typeid=i","cat":293234},{"id":206135,"n":"Infusion La Tisanière Fleur de camomille - x20  - 30g","p":2.74,"u":"91,33 €/KG","img":"https://fd13-photos.leclercdrive.fr/image.ashx?id=2880700&use=l&cat=p&typeid=i","cat":293234},{"id":206136,"n":"Cookies La Biscuiterie Delacre Pépites de chocolat - 136g","p":2.69,"u":"19,78 €/KG","img":"https://fd13-photos.leclercdrive.fr/image.ashx?id=2674086&use=l&cat=p&typeid=i","cat":325066},{"id":206137,"n":"Cookies La Biscuiterie Delacre Chocolat noir lait blanc -136g","p":2.65,"u":"19,49 €/KG","img":"https://fd13-photos.leclercdrive.fr/image.ashx?id=2673151&use=l&cat=p&typeid=i","cat":325066},{"id":206139,"n":"Sirop Teisseire Cassis - 60cl","p":3.3,"u":"5,50 €/L","img":"https://fd13-photos.leclercdrive.fr/image.ashx?id=2508588&use=l&cat=p&typeid=i","cat":295020},{"id":206140,"n":"Sirop concentré Teisseire Citron vert - 60cl","p":3.3,"u":"5,50 €/L","img":"https://fd13-photos.leclercdrive.fr/image.ashx?id=2508591&use=l&cat=p&typeid=i","cat":295020},{"id":206142,"n":"Sirop Teisseire  Fraise - 60cl","p":3.3,"u":"5,50 €/L","img":"https://fd13-photos.leclercdrive.fr/image.ashx?id=2771750&use=l&cat=p&typeid=i","cat":295020},{"id":206143,"n":"Sirop Teisseire  Pêche - 60cl","p":3.3,"u":"5,50 €/L","img":"https://fd13-photos.leclercdrive.fr/image.ashx?id=2508597&use=l&cat=p&typeid=i","cat":295020},{"id":206144,"n":"Boisson concentrée Teisseire A diluer grenadine Zéro - 60cl","p":2.72,"u":"4,53 €/L","img":"https://fd13-photos.leclercdrive.fr/image.ashx?id=2508600&use=l&cat=p&typeid=i","cat":295020},{"id":206147,"n":"Boisson concentrée Teisseire Menthe verte sans sucres - 60cl","p":2.74,"u":"4,57 €/L","img":"https://fd13-photos.leclercdrive.fr/image.ashx?id=2508603&use=l&cat=p&typeid=i","cat":295020},{"id":206149,"n":"Boisson concentrée Teisseire Citron sans sucres - 60cl","p":2.89,"u":"4,82 €/L","img":"https://fd13-photos.leclercdrive.fr/image.ashx?id=2508606&use=l&cat=p&typeid=i","cat":295020},{"id":206163,"n":"Sirop Teisseire  Menthe verte - 60cl","p":2.25,"u":"3,75 €/L","img":"https://fd13-photos.leclercdrive.fr/image.ashx?id=2772726&use=l&cat=p&typeid=i","cat":295020},{"id":206164,"n":"Sirop Teisseire  Grenadine - 60cl","p":2.2,"u":"3,67 €/L","img":"https://fd13-photos.leclercdrive.fr/image.ashx?id=2772729&use=l&cat=p&typeid=i","cat":295020},{"id":206169,"n":"Sirop Tesseire Citron - 60cl","p":2.25,"u":"3,75 €/L","img":"https://fd13-photos.leclercdrive.fr/image.ashx?id=2771747&use=l&cat=p&typeid=i","cat":295020},{"id":206170,"n":"Sirop Teisseire Framboise - 60cl","p":3.47,"u":"5,78 €/L","img":"https://fd13-photos.leclercdrive.fr/image.ashx?id=2509331&use=l&cat=p&typeid=i","cat":295020},{"id":206172,"n":"Biscuits Kinder Tronky fourrés Cacao et au lait  - 90g","p":1.64,"u":"18,22 €/KG","img":"https://fd13-photos.leclercdrive.fr/image.ashx?id=2916462&use=l&cat=p&typeid=i","cat":284488},{"id":206187,"n":"Coeur de palmier d'Aucy 2x220g","p":6.29,"u":"14,30 €/KG","img":"https://fd13-photos.leclercdrive.fr/image.ashx?id=2509262&use=l&cat=p&typeid=i","cat":312611},{"id":206298,"n":"Sirop Teisseire  Abricot - 60cl","p":2.53,"u":"4,22 €/L","img":"https://fd13-photos.leclercdrive.fr/image.ashx?id=2510774&use=l&cat=p&typeid=i","cat":295020},{"id":206443,"n":"Sirop Teisseire  Violette - 60cl","p":3.3,"u":"5,50 €/L","img":"https://fd13-photos.leclercdrive.fr/image.ashx?id=2510786&use=l&cat=p&typeid=i","cat":295020},{"id":206445,"n":"Sirop Tropical  Teisseire Zéro sucres - 60cl","p":2.9,"u":"4,83 €/L","img":"https://fd13-photos.leclercdrive.fr/image.ashx?id=2510792&use=l&cat=p&typeid=i","cat":295020},{"id":206446,"n":"Bière d'Abbaye Grimbergen 6,5° - 20x25cl","p":17.2,"u":"3,44 €/L","img":"https://fd13-photos.leclercdrive.fr/image.ashx?id=2510771&use=l&cat=p&typeid=i","cat":334852},{"id":206534,"n":"Dos de lieu noir Eco+ 200g","p":3.99,"u":"19,95 €/KG","img":"https://fd13-photos.leclercdrive.fr/image.ashx?id=2966716&use=l&cat=p&typeid=i","cat":284342},{"id":206537,"n":"Cookies La Biscuiterie Delacre Chocolat et noisette - 136g","p":2.65,"u":"19,49 €/KG","img":"https://fd13-photos.leclercdrive.fr/image.ashx?id=2784752&use=l&cat=p&typeid=i","cat":325066},{"id":206538,"n":"Cookies La Biscuiterie Delacre Chocolat noir et lait - 136g","p":2.74,"u":"20,15 €/KG","img":"https://fd13-photos.leclercdrive.fr/image.ashx?id=2661667&use=l&cat=p&typeid=i","cat":325066},{"id":206577,"n":"Crème fluide UHT Président Secret de Crème - 3x20cl","p":3.59,"u":"5,98 €/L","img":"https://fd13-photos.leclercdrive.fr/image.ashx?id=2678999&use=l&cat=p&typeid=i","cat":284381},{"id":206582,"n":"Liquide vaiselle Paic Bi Activ Vinaigre et citron - 750ml","p":3.0,"u":"4,00 €/L","img":"https://fd13-photos.leclercdrive.fr/image.ashx?id=2966797&use=l&cat=p&typeid=i","cat":284655},{"id":206606,"n":"Bâtonnets Trium Vanille chocolat blanc x4 314g","p":2.8,"u":"8,92 €/KG","img":"https://fd13-photos.leclercdrive.fr/image.ashx?id=2791392&use=l&cat=p&typeid=i","cat":284265},{"id":206613,"n":"Thé glacé Oasis Ice Tea Saveur Framboise Cassis - 1,5L","p":1.74,"u":"1,16 €/L","img":"https://fd13-photos.leclercdrive.fr/image.ashx?id=2681730&use=l&cat=p&typeid=i","cat":295019},{"id":206614,"n":"Thé glacé Oasis Ice Tea Saveur Pêche - 6x33cl","p":3.54,"u":"1,79 €/L","img":"https://fd13-photos.leclercdrive.fr/image.ashx?id=2873865&use=l&cat=p&typeid=i","cat":295019},{"id":206615,"n":"Boisson aux fruits Oasis Tropical sans sucres - 1,5L","p":2.0,"u":"1,33 €/L","img":"https://fd13-photos.leclercdrive.fr/image.ashx?id=2681739&use=l&cat=p&typeid=i","cat":295018},{"id":206617,"n":"Lessive liquide Arbre Vert Recharge x34 - 1.53L","p":6.08,"u":"3,97 €/L","img":"https://fd13-photos.leclercdrive.fr/image.ashx?id=2680209&use=l&cat=p&typeid=i","cat":284640},{"id":206724,"n":"Bâtonnet Magnum Double Starchaser x4 - 288g","p":3.77,"u":"13,09 €/KG","img":"https://fd13-photos.leclercdrive.fr/image.ashx?id=2805651&use=l&cat=p&typeid=i","cat":284265},{"id":206725,"n":"Bâtonnet Magnum Double Sunlover x4 - 300g","p":3.78,"u":"12,60 €/KG","img":"https://fd13-photos.leclercdrive.fr/image.ashx?id=2886397&use=l&cat=p&typeid=i","cat":284265},{"id":206726,"n":"Glace Bâtonnet MAGNUM Double Caramel 4x85ml","p":3.09,"u":"10,88 €/KG","img":"https://fd13-photos.leclercdrive.fr/image.ashx?id=2770626&use=l&cat=p&typeid=i","cat":284265},{"id":206727,"n":"Bâtonnet Magnum Double Chocolat x4 - 284g","p":3.01,"u":"10,60 €/KG","img":"https://fd13-photos.leclercdrive.fr/image.ashx?id=3009284&use=l&cat=p&typeid=i","cat":284265},{"id":206963,"n":"Morceaux et coeurs de palmier  250g","p":1.99,"u":"7,96 €/KG","img":"https://fd13-photos.leclercdrive.fr/image.ashx?id=2670365&use=l&cat=p&typeid=i","cat":312611},{"id":206981,"n":"Rôti de poulet Fleury Michon 100% filet CSN x4 - 150g","p":2.46,"u":"16,40 €/KG","img":"https://fd13-photos.leclercdrive.fr/image.ashx?id=2892670&use=l&cat=p&typeid=i","cat":316010},{"id":206985,"n":"Haché de jambon Fleury Michon À poêler x2 - 190g","p":2.01,"u":"10,58 €/KG","img":"https://fd13-photos.leclercdrive.fr/image.ashx?id=2518649&use=l&cat=p&typeid=i","cat":316009},{"id":206987,"n":"Haché jambon fromage  Fleury Michon x2 - 180g","p":2.01,"u":"11,17 €/KG","img":"https://fd13-photos.leclercdrive.fr/image.ashx?id=2522164&use=l&cat=p&typeid=i","cat":316009},{"id":206995,"n":"Cocktail prêt à boire Tails Rhum Daiquiri 14,9° - 50cl","p":14.97,"u":"29,94 €/L","img":"https://fd13-photos.leclercdrive.fr/image.ashx?id=2859860&use=l&cat=p&typeid=i","cat":284551},{"id":206996,"n":"Cocktail prêt à boire Tails Cosmo framboise 14,9° - 50cl","p":14.89,"u":"29,78 €/L","img":"https://fd13-photos.leclercdrive.fr/image.ashx?id=2858279&use=l&cat=p&typeid=i","cat":284551},{"id":207010,"n":"Aiguillettes de poulet rôti Fleury Michon - CSN - 150g","p":2.37,"u":"15,80 €/KG","img":"https://fd13-photos.leclercdrive.fr/image.ashx?id=2642555&use=l&cat=p&typeid=i","cat":316011},{"id":207043,"n":"Lessive Liquide L'Arbre Vert Savon végétal 45 lavages 2,025L","p":7.2,"u":"3,56 €/L","img":"https://fd13-photos.leclercdrive.fr/image.ashx?id=3008542&use=l&cat=p&typeid=i","cat":284640},{"id":207045,"n":"Goûter frais Nesquik snack Chocolat au lait - 4x104g","p":1.49,"u":"14,33 €/KG","img":"https://fd13-photos.leclercdrive.fr/image.ashx?id=2661507&use=l&cat=p&typeid=i","cat":284420},{"id":207075,"n":"Vaisselle Main L'Arbre Vert Amande - 500ml","p":1.54,"u":"3,08 €/L","img":"https://fd13-photos.leclercdrive.fr/image.ashx?id=2845431&use=l&cat=p&typeid=i","cat":284655},{"id":207139,"n":"Serviettes hygiéniques Always  Ultra - Secure night - x18","p":4.67,"u":"0,26 €/P","img":"https://fd13-photos.leclercdrive.fr/image.ashx?id=2849436&use=l&cat=p&typeid=i","cat":284624},{"id":207141,"n":"Préservatifs Durex Nude Extra Fins Peau contre Peau x10","p":6.79,"u":"0,68 €/P","img":"https://fd13-photos.leclercdrive.fr/image.ashx?id=2962017&use=l&cat=p&typeid=i","cat":284631},{"id":207142,"n":"Gel Lubrifiant Intime Durex Sensitive base Eau 100ml","p":7.8,"u":"78,00 €/L","img":"https://fd13-photos.leclercdrive.fr/image.ashx?id=2961203&use=l&cat=p&typeid=i","cat":285160},{"id":207147,"n":"Filets maquereau Petit Navire Sauce tomate - 169g","p":1.65,"u":"9,76 €/KG","img":"https://fd13-photos.leclercdrive.fr/image.ashx?id=2989069&use=l&cat=p&typeid=i","cat":303868},{"id":207149,"n":"Miettes de thon Petit Navire Sauce tomate - 140g","p":1.88,"u":"13,43 €/KG","img":"https://fd13-photos.leclercdrive.fr/image.ashx?id=2881284&use=l&cat=p&typeid=i","cat":303867},{"id":207153,"n":"Thon mariné Petit Navire Oignons roses -","p":2.48,"u":"22,55 €/KG","img":"https://fd13-photos.leclercdrive.fr/image.ashx?id=2682866&use=l&cat=p&typeid=i","cat":303867},{"id":207162,"n":"Sauce rouleaux de printemps Tanoshi - 250ml","p":2.68,"u":"10,72 €/L","img":"https://fd13-photos.leclercdrive.fr/image.ashx?id=2913229&use=l&cat=p&typeid=i","cat":288992},{"id":207173,"n":"Sauce nems Tanoshi 150ml","p":1.64,"u":"10,93 €/L","img":"https://fd13-photos.leclercdrive.fr/image.ashx?id=2921615&use=l&cat=p&typeid=i","cat":288992},{"id":207184,"n":"Compotes Pom'Potes Pomme, Pomme brugnon - 96x90g","p":34.99,"u":"4,05 €/KG","img":"https://fd13-photos.leclercdrive.fr/image.ashx?id=2918547&use=l&cat=p&typeid=i","cat":284508},{"id":207198,"n":"Recharge lessive liquide  Rainette Aloe vera - 1.6L","p":5.99,"u":"3,74 €/L","img":"https://fd13-photos.leclercdrive.fr/image.ashx?id=2858684&use=l&cat=p&typeid=i","cat":284640},{"id":207199,"n":"Recharge lessive liquide  Rainett Savon de Marseille 1.6L","p":6.42,"u":"4,01 €/L","img":"https://fd13-photos.leclercdrive.fr/image.ashx?id=2842129&use=l&cat=p&typeid=i","cat":284640},{"id":207202,"n":"Tampons Tampax Compak Super avec applicateur - 2x27","p":6.48,"u":"0,12 €/P","img":"https://fd13-photos.leclercdrive.fr/image.ashx?id=2850402&use=l&cat=p&typeid=i","cat":284626},{"id":207209,"n":"Yaourt nature Calin Extra 8x100g","p":1.99,"u":"2,49 €/KG","img":"https://fd13-photos.leclercdrive.fr/image.ashx?id=2973745&use=l&cat=p&typeid=i","cat":284409},{"id":207210,"n":"Fromage à tartiner Kiri Délicieusement fouetté - 125g","p":2.27,"u":"18,16 €/KG","img":"https://fd13-photos.leclercdrive.fr/image.ashx?id=2686591&use=l&cat=p&typeid=i","cat":314029},{"id":207248,"n":"Infusion La Tisanière Nuit calme - x20 - 30g","p":2.6,"u":"86,67 €/KG","img":"https://fd13-photos.leclercdrive.fr/image.ashx?id=2816835&use=l&cat=p&typeid=i","cat":293234},{"id":207262,"n":"Capsules Nescafé Dolce Gusto  Grande - x16","p":4.21,"u":"30,96 €/KG","img":"https://fd13-photos.leclercdrive.fr/image.ashx?id=2964153&use=l&cat=p&typeid=i","cat":293239},{"id":207311,"n":"Culotte Feel Natural Menstruelle - Taille M","p":16.49,"pp":9.89,"img":"https://fd13-photos.leclercdrive.fr/image.ashx?id=2795249&use=l&cat=p&typeid=i","cat":284624},{"id":207322,"n":"Thé vert Lipton Jasmin et pêche  x20 - 30g","p":3.36,"u":"112,00 €/KG","img":"https://fd13-photos.leclercdrive.fr/image.ashx?id=2526100&use=l&cat=p&typeid=i","cat":293233},{"id":207377,"n":"Frites Pom Bistro au Romarin - 500g","p":2.99,"u":"5,98 €/KG","img":"https://fd13-photos.leclercdrive.fr/image.ashx?id=2866439&use=l&cat=p&typeid=i","cat":319791},{"id":207392,"n":"Cornichon Français Hugo Vinaigre - 360g","p":5.76,"u":"16,00 €/KG","img":"https://fd13-photos.leclercdrive.fr/image.ashx?id=2524380&use=l&cat=p&typeid=i","cat":284458},{"id":207393,"n":"Rondelles de cornichon Français Aigre-doux - 42,5cl","p":3.1,"u":"7,29 €/L","img":"https://fd13-photos.leclercdrive.fr/image.ashx?id=2524383&use=l&cat=p&typeid=i","cat":284458},{"id":207401,"n":"Adoucissant Soupline  Éclat de Fraîcheur - 28p","p":6.12,"u":"0,22 €/P","img":"https://fd13-photos.leclercdrive.fr/image.ashx?id=2583509&use=l&cat=p&typeid=i","cat":284650},{"id":207402,"n":"Adoucissant Soupline  Hypoallergénique - 28p","p":5.4,"u":"0,19 €/P","img":"https://fd13-photos.leclercdrive.fr/image.ashx?id=2818827&use=l&cat=p&typeid=i","cat":284650},{"id":207403,"n":"Adoucissant Soupline Lavande - x28 tablettes","p":6.04,"u":"0,22 €/P","img":"https://fd13-photos.leclercdrive.fr/image.ashx?id=2583515&use=l&cat=p&typeid=i","cat":284650},{"id":207412,"n":"Bâtonnets Nuii Mini Adventure Pecan Cookie Cream x6 - 255g","p":4.29,"u":"16,82 €/KG","img":"https://fd13-photos.leclercdrive.fr/image.ashx?id=2525537&use=l&cat=p&typeid=i","cat":284265},{"id":207438,"n":"Complément alimentaire Juvamine Passiflore 30 comprimés","p":6.38,"u":"0,21 €/P","img":"https://fd13-photos.leclercdrive.fr/image.ashx?id=2744719&use=l&cat=p&typeid=i","cat":313217},{"id":207445,"n":"Café en Grains Carte Noire  Bio Arabica - 1kg","p":23.36,"u":"23,36 €/KG","img":"https://fd13-photos.leclercdrive.fr/image.ashx?id=2863866&use=l&cat=p&typeid=i","cat":293237},{"id":207457,"n":"Yaourt nature sucré Eco+ 4x125g","p":0.89,"u":"1,78 €/KG","img":"https://fd13-photos.leclercdrive.fr/image.ashx?id=2523510&use=l&cat=p&typeid=i","cat":284409},{"id":207460,"n":"Crème glacée La Laitière Vanille bourbon - 490g","p":3.24,"pp":2.27,"u":"4,63 €/KG","img":"https://fd13-photos.leclercdrive.fr/image.ashx?id=3000009&use=l&cat=p&typeid=i","cat":284263},{"id":207467,"n":"Moutarde Forte Amora 430g","p":1.49,"u":"3,47 €/KG","img":"https://fd13-photos.leclercdrive.fr/image.ashx?id=2526079&use=l&cat=p&typeid=i","cat":288850},{"id":207469,"n":"Moutarde Forte Amora 185g","p":1.56,"u":"8,43 €/KG","img":"https://fd13-photos.leclercdrive.fr/image.ashx?id=2526082&use=l&cat=p&typeid=i","cat":288850},{"id":207471,"n":"Moutarde Mi-forte Amora 415g","p":1.5,"u":"3,61 €/KG","img":"https://fd13-photos.leclercdrive.fr/image.ashx?id=2993176&use=l&cat=p&typeid=i","cat":288850},{"id":207476,"n":"Moutarde de Dijon Fine MAILLE L'Original Bocal - 360g","p":1.47,"u":"4,08 €/KG","img":"https://fd13-photos.leclercdrive.fr/image.ashx?id=2945841&use=l&cat=p&typeid=i","cat":288850},{"id":207478,"n":"Moutarde à l'Ancienne MAILLE Bocal - 360g","p":2.54,"u":"7,06 €/KG","img":"https://fd13-photos.leclercdrive.fr/image.ashx?id=2664307&use=l&cat=p&typeid=i","cat":288850},{"id":207480,"n":"Crème glacée La Laitière Caramel Beurre salé - 490g","p":3.24,"pp":2.27,"u":"4,63 €/KG","img":"https://fd13-photos.leclercdrive.fr/image.ashx?id=2877883&use=l&cat=p&typeid=i","cat":284263},{"id":207489,"n":"Pizza Feu de bois Turini Saisonnière - 450g","p":2.99,"u":"6,64 €/KG","img":"https://fd13-photos.leclercdrive.fr/image.ashx?id=2816618&use=l&cat=p&typeid=i","cat":284256},{"id":207491,"n":"Cône Extrême Nestle Coco  Mangue - x6 - 414g","p":4.07,"u":"9,83 €/KG","img":"https://fd13-photos.leclercdrive.fr/image.ashx?id=2844579&use=l&cat=p&typeid=i","cat":284264},{"id":207492,"n":"Crème glacée La Laitière Vanille pécan - 490g","p":3.24,"pp":2.27,"u":"4,63 €/KG","img":"https://fd13-photos.leclercdrive.fr/image.ashx?id=3000015&use=l&cat=p&typeid=i","cat":284263},{"id":207508,"n":"Piles Boutons Lithium Duracell CR 2450 - x2","p":8.64,"img":"https://fd13-photos.leclercdrive.fr/image.ashx?id=2594542&use=l&cat=p&typeid=i","cat":300572},{"id":207529,"n":"Recharge lessive L'Arbre Vert Peaux sensibles - x34 - 1.53L","p":6.5,"u":"4,25 €/L","img":"https://fd13-photos.leclercdrive.fr/image.ashx?id=2680212&use=l&cat=p&typeid=i","cat":284640},{"id":207530,"n":"Vaisselle mains L'Arbre Vert Peaux sensibles - 750ml","p":1.72,"u":"2,29 €/L","img":"https://fd13-photos.leclercdrive.fr/image.ashx?id=2850575&use=l&cat=p&typeid=i","cat":284655},{"id":207533,"n":"Préservatifs Durex Feeling  Extra Fins Extra Lubrifiés x12","p":6.56,"img":"https://fd13-photos.leclercdrive.fr/image.ashx?id=2962014&use=l&cat=p&typeid=i","cat":284631},{"id":207535,"n":"Préservatifs Durex Classic Jeans Confort et Confiance  x12","p":5.64,"img":"https://fd13-photos.leclercdrive.fr/image.ashx?id=2730475&use=l&cat=p&typeid=i","cat":284631},{"id":207536,"n":"Préservatifs Durex Nude Sans Latex Extra Lubrifié x10","p":6.34,"img":"https://fd13-photos.leclercdrive.fr/image.ashx?id=2730478&use=l&cat=p&typeid=i","cat":284631},{"id":207540,"n":"Croûtons Tipiak Ail - 75g","p":1.52,"u":"20,27 €/KG","img":"https://fd13-photos.leclercdrive.fr/image.ashx?id=2684461&use=l&cat=p&typeid=i","cat":284464},{"id":207545,"n":"Bandes de cire froide Aiselles Veet Expert Peaux sensibles x16","p":5.55,"u":"0,35 €/P","img":"https://fd13-photos.leclercdrive.fr/image.ashx?id=2970801&use=l&cat=p&typeid=i","cat":325351},{"id":207549,"n":"Shampoing purifiant Ultra Doux Force et Brillance - 300ml","p":2.96,"u":"9,87 €/L","img":"https://fd13-photos.leclercdrive.fr/image.ashx?id=2878072&use=l&cat=p&typeid=i","cat":284606},{"id":207553,"n":"Dentifrice Sensodyne  Junior - 6-12 ans - 50ml","p":3.86,"u":"77,20 €/L","img":"https://fd13-photos.leclercdrive.fr/image.ashx?id=2968920&use=l&cat=p&typeid=i","cat":288898},{"id":207555,"n":"Serviettes hygiéniques Always Ultra - Normal - x34","p":4.62,"u":"0,14 €/P","img":"https://fd13-photos.leclercdrive.fr/image.ashx?id=2866118&use=l&cat=p&typeid=i","cat":284624},{"id":207557,"n":"Préservatifs Durex Feeling  Extra Lubrifié Extra Fins x20","p":10.66,"u":"0,53 €/P","img":"https://fd13-photos.leclercdrive.fr/image.ashx?id=2964965&use=l&cat=p&typeid=i","cat":284631},{"id":207558,"n":"Préservatifs Durex Nude Extra Large Extra Fins x8","p":7.89,"u":"0,99 €/P","img":"https://fd13-photos.leclercdrive.fr/image.ashx?id=2773328&use=l&cat=p&typeid=i","cat":284631},{"id":207559,"n":"Préservatifs Durex Pleasure me Perlés et Nervurés x12","p":7.63,"u":"0,64 €/P","img":"https://fd13-photos.leclercdrive.fr/image.ashx?id=2730466&use=l&cat=p&typeid=i","cat":284631},{"id":207592,"n":"Fusilli Di Canossa Sauce carbonara - 70g","p":2.22,"u":"31,71 €/KG","img":"https://fd13-photos.leclercdrive.fr/image.ashx?id=2854789&use=l&cat=p&typeid=i","cat":289010},{"id":207593,"n":"Fusilli Di Canossa Sauce bolognaise - 70g","p":1.99,"u":"28,43 €/KG","img":"https://fd13-photos.leclercdrive.fr/image.ashx?id=2988716&use=l&cat=p&typeid=i","cat":289010},{"id":207604,"n":"Bandes de cire froide Maillot Veet Expert Peaux sensibles x16","p":5.44,"u":"0,34 €/P","img":"https://fd13-photos.leclercdrive.fr/image.ashx?id=2970798&use=l&cat=p&typeid=i","cat":325351},{"id":207627,"n":"ST MARC Pistolet Antibactérien - 750ml","p":2.02,"u":"2,69 €/L","img":"https://fd13-photos.leclercdrive.fr/image.ashx?id=2528054&use=l&cat=p&typeid=i","cat":325357},{"id":208108,"n":"Classeur Super Mario Kart x1","p":3.1,"img":"https://fd13-photos.leclercdrive.fr/image.ashx?id=2531512&use=l&cat=p&typeid=i","cat":284745},{"id":208271,"n":"Capsules café L'Or Espresso Forza N°9 x50","p":13.79,"u":"53,04 €/KG","img":"https://fd13-photos.leclercdrive.fr/image.ashx?id=3000471&use=l&cat=p&typeid=i","cat":284749},{"id":208281,"n":"Steak haché 100% Pur boeuf Oriental Viandes x25 - 2kh","p":29.21,"u":"14,61 €/KG","img":"https://fd13-photos.leclercdrive.fr/image.ashx?id=2534995&use=l&cat=p&typeid=i","cat":319778},{"id":208385,"n":"Capsules café L'Or Espresso Delizioso N°5 x50","p":13.68,"u":"52,62 €/KG","img":"https://fd13-photos.leclercdrive.fr/image.ashx?id=2788064&use=l&cat=p&typeid=i","cat":284749},{"id":208417,"n":"Capsules café L'Or Espresso Ristretto N°11 x50","p":13.68,"u":"52,62 €/KG","img":"https://fd13-photos.leclercdrive.fr/image.ashx?id=3000474&use=l&cat=p&typeid=i","cat":284749},{"id":208421,"n":"Infusion fruits rouges Elephant Touche de menthe - 40g","p":2.87,"u":"71,75 €/KG","img":"https://fd13-photos.leclercdrive.fr/image.ashx?id=2813104&use=l&cat=p&typeid=i","cat":293234},{"id":208477,"n":"Chips paysanne Lay's Saveur Fromage du Jura - 120g","p":1.47,"u":"12,25 €/KG","img":"https://fd13-photos.leclercdrive.fr/image.ashx?id=2810774&use=l&cat=p&typeid=i","cat":284447},{"id":208484,"n":"Chips paysanne Lay's Saveur Oignon de Roscoff - 120g","p":1.47,"u":"12,25 €/KG","img":"https://fd13-photos.leclercdrive.fr/image.ashx?id=2810777&use=l&cat=p&typeid=i","cat":284447},{"id":208485,"n":"Chips paysanne Lay's Saveur Fromage Frais- 120g","p":1.37,"u":"11,42 €/KG","img":"https://fd13-photos.leclercdrive.fr/image.ashx?id=2810780&use=l&cat=p&typeid=i","cat":284447},{"id":208580,"n":"Frites Pom Bistro au Piment d'Espelette - 500g","p":2.99,"u":"5,98 €/KG","img":"https://fd13-photos.leclercdrive.fr/image.ashx?id=2532069&use=l&cat=p&typeid=i","cat":319791},{"id":208611,"n":"Yaourt à boire Eco+ Vanille - 850g","p":1.33,"u":"1,56 €/KG","img":"https://fd13-photos.leclercdrive.fr/image.ashx?id=2543507&use=l&cat=p&typeid=i","cat":284415},{"id":208632,"n":"Crème glacée La Laitière Crème brulée - 490g","p":3.24,"pp":2.27,"u":"4,63 €/KG","img":"https://fd13-photos.leclercdrive.fr/image.ashx?id=2877880&use=l&cat=p&typeid=i","cat":284263},{"id":208642,"n":"Purée Mousline x4 - 520g","p":2.47,"u":"4,75 €/KG","img":"https://fd13-photos.leclercdrive.fr/image.ashx?id=3011734&use=l&cat=p&typeid=i","cat":284431},{"id":208658,"n":"Biscuit P'tit Deli Chocolat lait blanc - 150g","p":1.75,"u":"11,67 €/KG","img":"https://fd13-photos.leclercdrive.fr/image.ashx?id=2684835&use=l&cat=p&typeid=i","cat":284488},{"id":208667,"n":"Crème glacée Milka Vanille chocolat - 319g","p":4.52,"u":"14,17 €/KG","img":"https://fd13-photos.leclercdrive.fr/image.ashx?id=2533940&use=l&cat=p&typeid=i","cat":284725},{"id":208749,"n":"Riz long grain 10 min Lustucru  x5 - 900g","p":1.86,"u":"2,07 €/KG","img":"https://fd13-photos.leclercdrive.fr/image.ashx?id=2963739&use=l&cat=p&typeid=i","cat":284428},{"id":208754,"n":"Bâtonnet Kinder Chocolate x4 - 152g","p":3.57,"u":"23,49 €/KG","img":"https://fd13-photos.leclercdrive.fr/image.ashx?id=2841580&use=l&cat=p&typeid=i","cat":285250},{"id":208764,"n":"Gel douche Sanex Natural Prebiotic hydratant - 700ml","p":4.59,"u":"6,56 €/L","img":"https://fd13-photos.leclercdrive.fr/image.ashx?id=2802842&use=l&cat=p&typeid=i","cat":284594},{"id":208766,"n":"Gel douche Sanex Natural Prebiotic - Protection - 700ml","p":4.59,"u":"6,56 €/L","img":"https://fd13-photos.leclercdrive.fr/image.ashx?id=2533145&use=l&cat=p&typeid=i","cat":284594},{"id":208767,"n":"Bain de bouche Colgate Plax Complete Care 0% alcool - 500ml","p":4.42,"u":"8,84 €/L","img":"https://fd13-photos.leclercdrive.fr/image.ashx?id=2546881&use=l&cat=p&typeid=i","cat":284613},{"id":208773,"n":"Thon Petit Navire À la sauce Catalane - 3x140g","p":4.99,"u":"11,88 €/KG","img":"https://fd13-photos.leclercdrive.fr/image.ashx?id=2999216&use=l&cat=p&typeid=i","cat":303867},{"id":208778,"n":"Thon Petit Navire  Mayonnaise - 3x140g","p":2.99,"u":"7,12 €/KG","img":"https://fd13-photos.leclercdrive.fr/image.ashx?id=2835854&use=l&cat=p&typeid=i","cat":303867},{"id":208779,"n":"Miettes de thon Petit Navire Sauce tomate - 3x140g","p":4.99,"u":"11,88 €/KG","img":"https://fd13-photos.leclercdrive.fr/image.ashx?id=2835857&use=l&cat=p&typeid=i","cat":303867},{"id":208786,"n":"Thé glacé Lipton Ice Tea Pêche La bouteille de 1.25L","p":1.33,"u":"1,06 €/L","img":"https://fd13-photos.leclercdrive.fr/image.ashx?id=2731567&use=l&cat=p&typeid=i","cat":295019},{"id":208788,"n":"Thé glacé Lipton Ice Tea Pêche  Sans sucres bouteille de 1.25L","p":1.59,"u":"1,27 €/L","img":"https://fd13-photos.leclercdrive.fr/image.ashx?id=2731570&use=l&cat=p&typeid=i","cat":295019},{"id":208791,"n":"Crevette du pacifique Costa 270g","p":9.9,"u":"36,67 €/KG","img":"https://fd13-photos.leclercdrive.fr/image.ashx?id=2533943&use=l&cat=p&typeid=i","cat":319787},{"id":208806,"n":"Grilletine blé complet Pasquier Sans sucre ajouté - 255g","p":2.33,"u":"9,14 €/KG","img":"https://fd13-photos.leclercdrive.fr/image.ashx?id=2533559&use=l&cat=p&typeid=i","cat":284479},{"id":208855,"n":"Brosse à dent Colgate Deep Clean - Souple - x1","p":2.87,"img":"https://fd13-photos.leclercdrive.fr/image.ashx?id=2968938&use=l&cat=p&typeid=i","cat":284614},{"id":208867,"n":"Serum physiologique Prorhinel 30x5ml","p":2.99,"u":"19,93 €/L","img":"https://fd13-photos.leclercdrive.fr/image.ashx?id=2878303&use=l&cat=p&typeid=i","cat":284741},{"id":208911,"n":"Filet de limande  L'Atelier Poissonnerie - 210g","p":3.79,"u":"18,05 €/KG","img":"https://fd13-photos.leclercdrive.fr/image.ashx?id=2868705&use=l&cat=p&typeid=i","cat":284342},{"id":208933,"n":"Eau Cristalline aromatisée Pomme pêche poire - 1,5L","p":1.11,"u":"0,74 €/L","img":"https://fd13-photos.leclercdrive.fr/image.ashx?id=2817545&use=l&cat=p&typeid=i","cat":284537},{"id":209057,"n":"Céréales bébé P'TITE CEREALE chocolat biscuit 12M+ - 415g","p":3.24,"u":"7,81 €/KG","img":"https://fd13-photos.leclercdrive.fr/image.ashx?id=2537303&use=l&cat=p&typeid=i","cat":312225},{"id":209059,"n":"P'tite céréale Nestlé Noisettes Biscuit - 12M+ - 415g","p":3.04,"u":"7,33 €/KG","img":"https://fd13-photos.leclercdrive.fr/image.ashx?id=2679389&use=l&cat=p&typeid=i","cat":312225},{"id":209060,"n":"Chips nature Lay's Sel - 6x25g","p":2.02,"u":"13,47 €/KG","img":"https://fd13-photos.leclercdrive.fr/image.ashx?id=3011143&use=l&cat=p&typeid=i","cat":284447},{"id":209061,"n":"Sauce pesto Florelli A la genovese - 190g","p":2.12,"u":"11,16 €/KG","img":"https://fd13-photos.leclercdrive.fr/image.ashx?id=2787452&use=l&cat=p&typeid=i","cat":299047},{"id":209064,"n":"Céréales bébé BABICAO Cacao 10M+ - 400g","p":3.48,"u":"8,70 €/KG","img":"https://fd13-photos.leclercdrive.fr/image.ashx?id=2537294&use=l&cat=p&typeid=i","cat":312225},{"id":209066,"n":"Céréales bébé P'TITE CEREALE Vanille Biscuit 12M+ - 415g","p":3.24,"u":"7,81 €/KG","img":"https://fd13-photos.leclercdrive.fr/image.ashx?id=2537297&use=l&cat=p&typeid=i","cat":312225},{"id":209094,"n":"Adoucissant Soupline Concentré Mandarine Vanille x60 - 1.28ml","p":5.84,"u":"4,56 €/L","img":"https://fd13-photos.leclercdrive.fr/image.ashx?id=2832572&use=l&cat=p&typeid=i","cat":284650},{"id":209137,"n":"Blanc de poulet Tradilège Doré au four - 240g","p":1.97,"u":"8,21 €/KG","img":"https://fd13-photos.leclercdrive.fr/image.ashx?id=2925759&use=l&cat=p&typeid=i","cat":316010},{"id":209159,"n":"Capsules lave-vaisselle Finish  Ultimate Plus - x25","p":7.48,"u":"24,52 €/KG","img":"https://fd13-photos.leclercdrive.fr/image.ashx?id=2749398&use=l&cat=p&typeid=i","cat":284656},{"id":209160,"n":"Capsules lave-vaisselle Finish  Ultimate - x30","p":7.37,"u":"19,04 €/KG","img":"https://fd13-photos.leclercdrive.fr/image.ashx?id=2749401&use=l&cat=p&typeid=i","cat":284656},{"id":209163,"n":"Capsules lave-vaisselle Finish  Quantum - x33","p":7.48,"u":"21,81 €/KG","img":"https://fd13-photos.leclercdrive.fr/image.ashx?id=2749548&use=l&cat=p&typeid=i","cat":284656},{"id":209179,"n":"Crème dépilatoire Expert Veet Bikini Maillot Intégral 200ml","p":8.98,"u":"89,80 €/L","img":"https://fd13-photos.leclercdrive.fr/image.ashx?id=2964968&use=l&cat=p&typeid=i","cat":325351},{"id":209196,"n":"Pur jus Tropicana Réveil fruité - 90cl","p":3.04,"u":"3,38 €/L","img":"https://fd13-photos.leclercdrive.fr/image.ashx?id=2538431&use=l&cat=p&typeid=i","cat":285435},{"id":209207,"n":"Nouilles précuites Suzi Wan  Ramen pour wok - 2x150g","p":2.52,"u":"7,64 €/KG","img":"https://fd13-photos.leclercdrive.fr/image.ashx?id=2992272&use=l&cat=p&typeid=i","cat":288992},{"id":209208,"n":"Sauce soja Suzi Wan Sucrée - 135ml","p":1.99,"u":"14,74 €/KG","img":"https://fd13-photos.leclercdrive.fr/image.ashx?id=2892931&use=l&cat=p&typeid=i","cat":288992},{"id":209209,"n":"Sauce soja Suzi Wan 250ml","p":2.86,"u":"11,44 €/L","img":"https://fd13-photos.leclercdrive.fr/image.ashx?id=2990880&use=l&cat=p&typeid=i","cat":288992},{"id":209241,"n":"Mélange de noix non salées Vico Avec raisins secs - 180g","p":3.64,"u":"20,22 €/KG","img":"https://fd13-photos.leclercdrive.fr/image.ashx?id=2916893&use=l&cat=p&typeid=i","cat":284448},{"id":209245,"n":"Origan Ducros 12g","p":1.66,"u":"138,33 €/KG","img":"https://fd13-photos.leclercdrive.fr/image.ashx?id=2559517&use=l&cat=p&typeid=i","cat":298297},{"id":209302,"n":"Thé glacé Lipton Ice Tea Citron/citron vert - 1.25L","p":1.7,"u":"1,36 €/L","img":"https://fd13-photos.leclercdrive.fr/image.ashx?id=2731573&use=l&cat=p&typeid=i","cat":295019},{"id":209339,"n":"Mélange Sainte Lucie Tex Mex - 46g","p":3.19,"u":"69,35 €/KG","img":"https://fd13-photos.leclercdrive.fr/image.ashx?id=2975179&use=l&cat=p&typeid=i","cat":298297},{"id":209345,"n":"Chair de crabe Côte de Mer 102g","p":2.59,"u":"24,67 €/KG","img":"https://fd13-photos.leclercdrive.fr/image.ashx?id=2557482&use=l&cat=p&typeid=i","cat":305147},{"id":209350,"n":"Cœurs de palmiers Géant Vert coupés - 125g","p":3.31,"u":"26,48 €/KG","img":"https://fd13-photos.leclercdrive.fr/image.ashx?id=2840569&use=l&cat=p&typeid=i","cat":312611},{"id":209353,"n":"Ratatouille provençale d'aucy 42,5cl","p":2.25,"u":"5,92 €/KG","img":"https://fd13-photos.leclercdrive.fr/image.ashx?id=2539512&use=l&cat=p&typeid=i","cat":312612},{"id":209354,"n":"Courgettes cuisinées D'Aucy Provencale - 380g","p":2.5,"u":"6,58 €/KG","img":"https://fd13-photos.leclercdrive.fr/image.ashx?id=2570088&use=l&cat=p&typeid=i","cat":312612},{"id":209356,"n":"Curry de pois chiches d'aucy  42,5cl","p":2.35,"u":"6,18 €/KG","img":"https://fd13-photos.leclercdrive.fr/image.ashx?id=2539506&use=l&cat=p&typeid=i","cat":287599},{"id":209357,"n":"Mijote de lentilles d'aucy  42,5cl","p":2.5,"u":"6,58 €/KG","img":"https://fd13-photos.leclercdrive.fr/image.ashx?id=2592219&use=l&cat=p&typeid=i","cat":312612},{"id":209367,"n":"Sauce pesto rouge Florelli 190g","p":2.06,"u":"10,84 €/KG","img":"https://fd13-photos.leclercdrive.fr/image.ashx?id=2787455&use=l&cat=p&typeid=i","cat":289010},{"id":209368,"n":"Thé glacé Lipton Ice Tea Pêche La bouteille de 1.75L","p":1.8,"u":"1,03 €/L","img":"https://fd13-photos.leclercdrive.fr/image.ashx?id=2731594&use=l&cat=p&typeid=i","cat":295019},{"id":209428,"n":"Crème dessert Danette  Pistache lit chocolat - 4x125g","p":1.69,"u":"3,38 €/KG","img":"https://fd13-photos.leclercdrive.fr/image.ashx?id=2925325&use=l&cat=p&typeid=i","cat":285041},{"id":209430,"n":"Skyr Danone Citron 0%mg - 2x140g","p":2.36,"u":"8,43 €/KG","img":"https://fd13-photos.leclercdrive.fr/image.ashx?id=2851728&use=l&cat=p&typeid=i","cat":315000},{"id":209465,"n":"Sirop Teisseire Ice Tea Pêche Bidon - 60cl","p":3.3,"u":"5,50 €/L","img":"https://fd13-photos.leclercdrive.fr/image.ashx?id=2539710&use=l&cat=p&typeid=i","cat":295020},{"id":209491,"n":"Couscous moyen Ferrero sachet -500g","p":1.32,"u":"2,64 €/KG","img":"https://fd13-photos.leclercdrive.fr/image.ashx?id=2869561&use=l&cat=p&typeid=i","cat":284429},{"id":209494,"n":"Salade & Cie Sodebo Roma Jambon Speck - 320g","p":3.04,"u":"9,50 €/KG","img":"https://fd13-photos.leclercdrive.fr/image.ashx?id=2732413&use=l&cat=p&typeid=i","cat":333657},{"id":209495,"n":"Salade & Cie Sodebo Manhattan Poulet rôti - 320g","p":2.9,"u":"9,06 €/KG","img":"https://fd13-photos.leclercdrive.fr/image.ashx?id=2732407&use=l&cat=p&typeid=i","cat":333657},{"id":209510,"n":"Chips nature Lay's Sel - 250g","p":2.26,"u":"9,04 €/KG","img":"https://fd13-photos.leclercdrive.fr/image.ashx?id=2995073&use=l&cat=p&typeid=i","cat":284447},{"id":209514,"n":"Chips Lay's Nature - 135g","p":1.35,"u":"10,00 €/KG","img":"https://fd13-photos.leclercdrive.fr/image.ashx?id=2994482&use=l&cat=p&typeid=i","cat":284447},{"id":209591,"n":"Pains Pita La Boulangère x4  -320g","p":2.09,"u":"6,53 €/KG","img":"https://fd13-photos.leclercdrive.fr/image.ashx?id=2912311&use=l&cat=p&typeid=i","cat":284985},{"id":209597,"n":"Compote Allégée en sucres Eco+ Bocal pomme poire - 720g","p":1.13,"u":"1,57 €/KG","img":"https://fd13-photos.leclercdrive.fr/image.ashx?id=2953206&use=l&cat=p&typeid=i","cat":284508},{"id":209598,"n":"Compote Allégée en sucres Eco+ Bocal pomme banane - 720g","p":1.03,"u":"1,43 €/KG","img":"https://fd13-photos.leclercdrive.fr/image.ashx?id=2953209&use=l&cat=p&typeid=i","cat":284508},{"id":209599,"n":"Capsules café L'Or Espresso Lungo Profondo N°8 x50","p":16.01,"u":"61,58 €/KG","img":"https://fd13-photos.leclercdrive.fr/image.ashx?id=2540898&use=l&cat=p&typeid=i","cat":284749},{"id":209600,"n":"Capsules café L'Or Espresso Splendente N°7 x50","p":13.67,"u":"52,58 €/KG","img":"https://fd13-photos.leclercdrive.fr/image.ashx?id=3000477&use=l&cat=p&typeid=i","cat":284749},{"id":209601,"n":"Thé vert Lipton Menthe intense - x20 - 32g","p":1.63,"u":"50,94 €/KG","img":"https://fd13-photos.leclercdrive.fr/image.ashx?id=2540907&use=l&cat=p&typeid=i","cat":293233},{"id":209686,"n":"Thé vert Lipton Myrtille et mure - x20 - 32g","p":2.32,"u":"72,50 €/KG","img":"https://fd13-photos.leclercdrive.fr/image.ashx?id=2542816&use=l&cat=p&typeid=i","cat":293233},{"id":209688,"n":"Thé vert menthe Lipton Asie - x30s - 48g","p":2.69,"u":"56,04 €/KG","img":"https://fd13-photos.leclercdrive.fr/image.ashx?id=2542819&use=l&cat=p&typeid=i","cat":293233},{"id":209691,"n":"Thé vert Lipton x30s - 39g","p":2.64,"u":"67,69 €/KG","img":"https://fd13-photos.leclercdrive.fr/image.ashx?id=2542822&use=l&cat=p&typeid=i","cat":293233},{"id":209722,"n":"Dessert Glacé Viennetta Caramel beurre salé - 320g","p":2.11,"u":"6,59 €/KG","img":"https://fd13-photos.leclercdrive.fr/image.ashx?id=2802836&use=l&cat=p&typeid=i","cat":284266},{"id":209724,"n":"Dessert Glacé Viennetta Chocolat -  320g","p":2.8,"u":"8,75 €/KG","img":"https://fd13-photos.leclercdrive.fr/image.ashx?id=3009287&use=l&cat=p&typeid=i","cat":284266},{"id":209854,"n":"Thé vert citron Lipton Asie - x30 - 48g","p":2.62,"u":"54,58 €/KG","img":"https://fd13-photos.leclercdrive.fr/image.ashx?id=2544635&use=l&cat=p&typeid=i","cat":293233},{"id":209859,"n":"Déboucheur Liquide Destop  4 doses - 950ml","p":3.37,"u":"3,55 €/L","img":"https://fd13-photos.leclercdrive.fr/image.ashx?id=2832161&use=l&cat=p&typeid=i","cat":284908},{"id":209860,"n":"Déboucheur Gel Destop  Express - 4 doses - 950ml","p":2.85,"u":"3,00 €/L","img":"https://fd13-photos.leclercdrive.fr/image.ashx?id=2832164&use=l&cat=p&typeid=i","cat":284908},{"id":209863,"n":"Gel anti-calcaire Calgon  4 en 1 - 750ml","p":5.05,"u":"6,73 €/L","img":"https://fd13-photos.leclercdrive.fr/image.ashx?id=2963475&use=l&cat=p&typeid=i","cat":284653},{"id":209865,"n":"Gel anti-calcaire Calgon  4 en 1 - 2,25L","p":13.85,"u":"6,16 €/L","img":"https://fd13-photos.leclercdrive.fr/image.ashx?id=2953932&use=l&cat=p&typeid=i","cat":284653},{"id":209867,"n":"AIRWICK Recharge diffuseur Fres hmatic Purefresh Agrumes 250ml","p":3.96,"u":"15,84 €/L","img":"https://fd13-photos.leclercdrive.fr/image.ashx?id=2963478&use=l&cat=p&typeid=i","cat":311629},{"id":209870,"n":"Désodorisant diffuseur Airwick  FreshMatic Agrumes - 250ml","p":8.16,"u":"32,64 €/L","img":"https://fd13-photos.leclercdrive.fr/image.ashx?id=2544389&use=l&cat=p&typeid=i","cat":311629},{"id":209875,"n":"Gel WC 100% Détartrant Harpic 5 min Chrono - 750ml","p":1.54,"u":"2,05 €/L","img":"https://fd13-photos.leclercdrive.fr/image.ashx?id=2864687&use=l&cat=p&typeid=i","cat":284662},{"id":209877,"n":"Aérosol Fabulon  Pressing express - 400ml","p":3.83,"u":"9,58 €/L","img":"https://fd13-photos.leclercdrive.fr/image.ashx?id=2544410&use=l&cat=p&typeid=i","cat":284652},{"id":209878,"n":"Spray vitres Ajax Triple action - 750ml","p":1.81,"u":"2,41 €/L","img":"https://fd13-photos.leclercdrive.fr/image.ashx?id=2544581&use=l&cat=p&typeid=i","cat":325363},{"id":209889,"n":"Capsules lave-vaisselle Finish  Quantum Citron - x33","p":7.48,"u":"21,81 €/KG","img":"https://fd13-photos.leclercdrive.fr/image.ashx?id=2749551&use=l&cat=p&typeid=i","cat":284656},{"id":209891,"n":"Nettoyant lave-vaisselle Finish  Intégral Anti-Odeurs - 250ml","p":2.99,"u":"11,96 €/L","img":"https://fd13-photos.leclercdrive.fr/image.ashx?id=2659735&use=l&cat=p&typeid=i","cat":284657},{"id":209893,"n":"Détachant poudre Vanish  940g","p":9.93,"u":"10,56 €/KG","img":"https://fd13-photos.leclercdrive.fr/image.ashx?id=2680308&use=l&cat=p&typeid=i","cat":284651},{"id":209894,"n":"Adoucissant concentré Soupline  Lavande 60 lavages 1,35 L","p":5.69,"u":"4,21 €/L","img":"https://fd13-photos.leclercdrive.fr/image.ashx?id=2912716&use=l&cat=p&typeid=i","cat":284650},{"id":209996,"n":"Détachant Gel Vanish  750ml","p":5.7,"u":"7,60 €/L","img":"https://fd13-photos.leclercdrive.fr/image.ashx?id=2878108&use=l&cat=p&typeid=i","cat":284651},{"id":210012,"n":"Adoucissant concentré Soupline Moments magiques - x52 - 1.2L","p":5.22,"u":"4,35 €/L","img":"https://fd13-photos.leclercdrive.fr/image.ashx?id=2545207&use=l&cat=p&typeid=i","cat":284650},{"id":210015,"n":"Nettoyant ménager La Croix Spray - Ultra cuisine - 500ml","p":1.83,"u":"3,66 €/L","img":"https://fd13-photos.leclercdrive.fr/image.ashx?id=2545216&use=l&cat=p&typeid=i","cat":325357},{"id":210024,"n":"Lingettes désinfectantes St  Marc Soleil de Corse - x80","p":2.58,"u":"0,03 €/P","img":"https://fd13-photos.leclercdrive.fr/image.ashx?id=2757440&use=l&cat=p&typeid=i","cat":325358},{"id":210052,"n":"Pop up Smarties 4x52g","p":3.73,"u":"17,93 €/KG","img":"https://fd13-photos.leclercdrive.fr/image.ashx?id=2557734&use=l&cat=p&typeid=i","cat":285250},{"id":210067,"n":"Riz Lustucru 900g","p":2.37,"u":"2,63 €/KG","img":"https://fd13-photos.leclercdrive.fr/image.ashx?id=2963742&use=l&cat=p&typeid=i","cat":284428},{"id":210075,"n":"Lait de Brushing Dessange Thermo-protecteur 230°C - 125ml","p":7.57,"u":"60,56 €/L","img":"https://fd13-photos.leclercdrive.fr/image.ashx?id=2870695&use=l&cat=p&typeid=i","cat":284608},{"id":210145,"n":"Crème anti-âge So'Bio Etic Eau thermale - 40ml","p":13.92,"u":"348,00 €/L","img":"https://fd13-photos.leclercdrive.fr/image.ashx?id=2735044&use=l&cat=p&typeid=i","cat":325345},{"id":210147,"n":"Baume hydratant bio So'Bio Etic Apaisant - Eau thermale 50ML","p":9.35,"u":"187,00 €/L","img":"https://fd13-photos.leclercdrive.fr/image.ashx?id=2889634&use=l&cat=p&typeid=i","cat":325345},{"id":210149,"n":"Gel douche bio So'Bio Etic Pêche & Fleurs blanches - 450ml","p":5.34,"u":"11,87 €/L","img":"https://fd13-photos.leclercdrive.fr/image.ashx?id=2793632&use=l&cat=p&typeid=i","cat":284594},{"id":210153,"n":"Brosse à dents Electrique Oral-B - Noire - IO3S","p":91.79,"img":"https://fd13-photos.leclercdrive.fr/image.ashx?id=2553311&use=l&cat=p&typeid=i","cat":297133},{"id":210206,"n":"Brossettes Oral-B 3D White x4","p":22.89,"u":"5,72 €/P","img":"https://fd13-photos.leclercdrive.fr/image.ashx?id=2617483&use=l&cat=p&typeid=i","cat":297133},{"id":210211,"n":"Saucisses cocktail Stephan 2 nature + 1 mexicain - 3x200g","p":7.5,"u":"12,50 €/KG","img":"https://fd13-photos.leclercdrive.fr/image.ashx?id=2767558&use=l&cat=p&typeid=i","cat":284450},{"id":210214,"n":"Farine multi-usages Chaque jour sans gluten - 1kg","p":4.93,"u":"4,93 €/KG","img":"https://fd13-photos.leclercdrive.fr/image.ashx?id=2872460&use=l&cat=p&typeid=i","cat":284503},{"id":210254,"n":"Brossettes Oral-B Pro Cross Action - x4","p":11.41,"img":"https://fd13-photos.leclercdrive.fr/image.ashx?id=2743643&use=l&cat=p&typeid=i","cat":297133},{"id":210259,"n":"Shampooing Dermax Pro Apaise - 2x225ml","p":8.32,"u":"18,49 €/L","img":"https://fd13-photos.leclercdrive.fr/image.ashx?id=2546845&use=l&cat=p&typeid=i","cat":284606},{"id":210264,"n":"Fromage blanc Calin Yoplait Nature 0%MG - 8x100g","p":2.09,"u":"2,61 €/KG","img":"https://fd13-photos.leclercdrive.fr/image.ashx?id=2973742&use=l&cat=p&typeid=i","cat":284409},{"id":210611,"n":"Pomelos à jus  Panier du Primeur Sachet 1.5kg","p":3.49,"u":"2,33 €/KG","img":"https://fd13-photos.leclercdrive.fr/image.ashx?id=2994713&use=l&cat=p&typeid=i","cat":284356},{"id":210615,"n":"Râpé végétal Nurishh Gran Vegiano - 150g","p":2.65,"u":"17,67 €/KG","img":"https://fd13-photos.leclercdrive.fr/image.ashx?id=2817398&use=l&cat=p&typeid=i","cat":316070},{"id":210703,"n":"Terrine Tous mes amis Volaille carottes - 1.2kg","p":1.95,"u":"1,63 €/KG","img":"https://fd13-photos.leclercdrive.fr/image.ashx?id=2815758&use=l&cat=p&typeid=i","cat":288578},{"id":210705,"n":"Dragées chocolatées M&M's Cacahuètes - 250g","p":3.09,"u":"12,36 €/KG","img":"https://fd13-photos.leclercdrive.fr/image.ashx?id=3003393&use=l&cat=p&typeid=i","cat":304238},{"id":210717,"n":"Boulettes de boeuf Eco+ 1.2kg","p":1.53,"img":"https://fd13-photos.leclercdrive.fr/image.ashx?id=2815740&use=l&cat=p&typeid=i","cat":288578},{"id":210739,"n":"Herbes de provence Sainte Lucie Label rouge - 18g","p":2.72,"u":"151,11 €/KG","img":"https://fd13-photos.leclercdrive.fr/image.ashx?id=2975167&use=l&cat=p&typeid=i","cat":298297},{"id":210821,"n":"Pommes rissolées Findus 590g","p":2.39,"u":"4,05 €/KG","img":"https://fd13-photos.leclercdrive.fr/image.ashx?id=2790099&use=l&cat=p&typeid=i","cat":319792},{"id":210823,"n":"Pommes noisette Findus 500g","p":2.27,"u":"4,54 €/KG","img":"https://fd13-photos.leclercdrive.fr/image.ashx?id=2865866&use=l&cat=p&typeid=i","cat":319792},{"id":210824,"n":"Pommes noisette Findus 900g","p":3.7,"u":"4,11 €/KG","img":"https://fd13-photos.leclercdrive.fr/image.ashx?id=2899500&use=l&cat=p&typeid=i","cat":319792},{"id":210946,"n":"Margarine Planta Fin  Demi-sel 100% végétal - 450g","p":2.89,"u":"6,42 €/KG","img":"https://fd13-photos.leclercdrive.fr/image.ashx?id=2989474&use=l&cat=p&typeid=i","cat":315229},{"id":210948,"n":"Margarine Planta Fin Doux 100% végétal - 450g","p":2.53,"u":"5,62 €/KG","img":"https://fd13-photos.leclercdrive.fr/image.ashx?id=2989477&use=l&cat=p&typeid=i","cat":315229},{"id":210953,"n":"Île flottante Eco+ 4x95g","p":1.62,"u":"4,26 €/KG","img":"https://fd13-photos.leclercdrive.fr/image.ashx?id=2885753&use=l&cat=p&typeid=i","cat":284419},{"id":210960,"n":"Bouchées Tous les Amis 1.2kg","p":2.15,"u":"1,79 €/KG","img":"https://fd13-photos.leclercdrive.fr/image.ashx?id=2552511&use=l&cat=p&typeid=i","cat":288578},{"id":211041,"n":"Fromage à tartiner Kiri Délicieusement fouetté - 210g","p":3.28,"u":"15,62 €/KG","img":"https://fd13-photos.leclercdrive.fr/image.ashx?id=2686594&use=l&cat=p&typeid=i","cat":314029},{"id":211054,"n":"Croûtons Tipiak Nature - 75g","p":1.49,"u":"19,87 €/KG","img":"https://fd13-photos.leclercdrive.fr/image.ashx?id=2812726&use=l&cat=p&typeid=i","cat":284464},{"id":211080,"n":"Pectine sucrée Sainte Lucie 35g","p":2.43,"u":"69,43 €/KG","img":"https://fd13-photos.leclercdrive.fr/image.ashx?id=2554094&use=l&cat=p&typeid=i","cat":284504},{"id":211081,"n":"Pâte Sainte Lucie Pistache  - 220g","p":12.99,"u":"59,05 €/KG","img":"https://fd13-photos.leclercdrive.fr/image.ashx?id=2554097&use=l&cat=p&typeid=i","cat":284504},{"id":211082,"n":"Soda Canada Dry Ginger Ale 6x33cl","p":4.36,"u":"2,20 €/L","img":"https://fd13-photos.leclercdrive.fr/image.ashx?id=2669097&use=l&cat=p&typeid=i","cat":284531},{"id":211083,"n":"Persillade Sainte Lucie 24g","p":5.19,"u":"216,25 €/KG","img":"https://fd13-photos.leclercdrive.fr/image.ashx?id=2974345&use=l&cat=p&typeid=i","cat":298297},{"id":211084,"n":"Apéritif Apérol 12.5° - 1.5L","p":22.6,"u":"15,07 €/L","img":"https://fd13-photos.leclercdrive.fr/image.ashx?id=2554463&use=l&cat=p&typeid=i","cat":286032},{"id":211093,"n":"Coulis d'abricots Sainte Lucie 110g","p":3.09,"u":"28,09 €/KG","img":"https://fd13-photos.leclercdrive.fr/image.ashx?id=2554100&use=l&cat=p&typeid=i","cat":284504},{"id":211095,"n":"Dessert végétal Alpro Fraise - 500g","p":1.94,"u":"3,88 €/KG","img":"https://fd13-photos.leclercdrive.fr/image.ashx?id=2976071&use=l&cat=p&typeid=i","cat":316071},{"id":211103,"n":"Ail des ours Sainte Lucie 9g","p":2.26,"u":"251,11 €/KG","img":"https://fd13-photos.leclercdrive.fr/image.ashx?id=2554091&use=l&cat=p&typeid=i","cat":298297},{"id":211113,"n":"Poivre 5 baies Sainte Lucie 80g","p":5.19,"u":"64,88 €/KG","img":"https://fd13-photos.leclercdrive.fr/image.ashx?id=2554106&use=l&cat=p&typeid=i","cat":298297},{"id":211131,"n":"Liquide vaisselle Maison Net Vinaigre de cidre - 1L","p":4.1,"u":"4,10 €/L","img":"https://fd13-photos.leclercdrive.fr/image.ashx?id=2555757&use=l&cat=p&typeid=i","cat":284655},{"id":211132,"n":"Gel vaisselle Maison Net Gel concentré - Citron vert -1L","p":4.15,"u":"4,15 €/L","img":"https://fd13-photos.leclercdrive.fr/image.ashx?id=2561233&use=l&cat=p&typeid=i","cat":284655},{"id":211225,"n":"Poivre blanc Ducros Grains 100g","p":4.47,"u":"44,70 €/KG","img":"https://fd13-photos.leclercdrive.fr/image.ashx?id=2555334&use=l&cat=p&typeid=i","cat":284457},{"id":211244,"n":"Boisson base vodka Eristoff Pink 18° - 70cl","p":12.44,"u":"17,77 €/L","img":"https://fd13-photos.leclercdrive.fr/image.ashx?id=2842933&use=l&cat=p&typeid=i","cat":284550},{"id":211261,"n":"Margarine Planta Fin 100% végétal Doux - 500g","p":2.66,"u":"5,32 €/KG","img":"https://fd13-photos.leclercdrive.fr/image.ashx?id=2989480&use=l&cat=p&typeid=i","cat":315229},{"id":211263,"n":"Margarine Planta Fin 100% végétal Demi-sel - 500g","p":2.66,"u":"5,32 €/KG","img":"https://fd13-photos.leclercdrive.fr/image.ashx?id=2989483&use=l&cat=p&typeid=i","cat":315229},{"id":211320,"n":"Sirop Oasis Grenadine - 75cl","p":3.2,"u":"4,27 €/L","img":"https://fd13-photos.leclercdrive.fr/image.ashx?id=2555418&use=l&cat=p&typeid=i","cat":295020},{"id":211321,"n":"Sirop Oasis  Menthe Citron - 75cl","p":3.25,"u":"4,33 €/L","img":"https://fd13-photos.leclercdrive.fr/image.ashx?id=2555421&use=l&cat=p&typeid=i","cat":295020},{"id":211398,"n":"Amandes  Tokapi 200g","p":2.78,"u":"13,90 €/KG","img":"https://fd13-photos.leclercdrive.fr/image.ashx?id=2793326&use=l&cat=p&typeid=i","cat":284448},{"id":211409,"n":"AOP Crémant d'Alsace Rebmann Demi sec - 75cl","p":5.95,"u":"7,93 €/L","img":"https://fd13-photos.leclercdrive.fr/image.ashx?id=2874759&use=l&cat=p&typeid=i","cat":284545},{"id":211411,"n":"Noix de muscade Sainte Lucie 18g","p":4.29,"u":"238,33 €/KG","img":"https://fd13-photos.leclercdrive.fr/image.ashx?id=2975176&use=l&cat=p&typeid=i","cat":298297},{"id":211413,"n":"Céréales Kit Kat 330g","p":3.71,"u":"11,24 €/KG","img":"https://fd13-photos.leclercdrive.fr/image.ashx?id=2989453&use=l&cat=p&typeid=i","cat":309513},{"id":211414,"n":"Céréales Miel Pops Kellogg's 330g","p":2.27,"u":"6,88 €/KG","img":"https://fd13-photos.leclercdrive.fr/image.ashx?id=3003423&use=l&cat=p&typeid=i","cat":309513},{"id":211415,"n":"Poules aux vermicelles Maggi 3x59g","p":1.36,"u":"7,68 €/KG","img":"https://fd13-photos.leclercdrive.fr/image.ashx?id=2556345&use=l&cat=p&typeid=i","cat":284463},{"id":211416,"n":"Stevia en morceaux Edulcorel x65 - 130g","p":2.29,"u":"17,62 €/KG","img":"https://fd13-photos.leclercdrive.fr/image.ashx?id=2559981&use=l&cat=p&typeid=i","cat":324846},{"id":211427,"n":"Pain burger Epi d'Or Nature x6 - 330g","p":0.93,"u":"2,82 €/KG","img":"https://fd13-photos.leclercdrive.fr/image.ashx?id=2807303&use=l&cat=p&typeid=i","cat":325067},{"id":211431,"n":"Oignon Ducros 9g","p":2.6,"u":"288,89 €/KG","img":"https://fd13-photos.leclercdrive.fr/image.ashx?id=2557332&use=l&cat=p&typeid=i","cat":298297},{"id":211437,"n":"Céréales Kellogg's Rice Krispies - 360g","p":2.68,"u":"7,44 €/KG","img":"https://fd13-photos.leclercdrive.fr/image.ashx?id=3003420&use=l&cat=p&typeid=i","cat":309513},{"id":211481,"n":"Biscottes Pasquier Sans sel et sucre ajoutés - 300","p":1.32,"u":"4,40 €/KG","img":"https://fd13-photos.leclercdrive.fr/image.ashx?id=2899407&use=l&cat=p&typeid=i","cat":284479},{"id":211490,"n":"Artichauts Ponti 280g","p":2.65,"u":"9,46 €/KG","img":"https://fd13-photos.leclercdrive.fr/image.ashx?id=2556741&use=l&cat=p&typeid=i","cat":312611},{"id":211525,"n":"Lessive tablettes Persil Bouquet de Provence - x32","p":6.02,"u":"6,27 €/KG","img":"https://fd13-photos.leclercdrive.fr/image.ashx?id=2557809&use=l&cat=p&typeid=i","cat":284641},{"id":211537,"n":"Céréales Miel Pops Loops Kellogg's 330g","p":2.47,"u":"7,48 €/KG","img":"https://fd13-photos.leclercdrive.fr/image.ashx?id=2561353&use=l&cat=p&typeid=i","cat":309513},{"id":211550,"n":"Sel Regénérant Sun Lave Vaisselle Standard 1Kg","p":1.08,"u":"1,08 €/KG","img":"https://fd13-photos.leclercdrive.fr/image.ashx?id=2729434&use=l&cat=p&typeid=i","cat":284657},{"id":211555,"n":"Sun Capsules Lave-Vaisselle Tout en 1 Absolu Brillance x28","p":7.9,"u":"18,81 €/KG","img":"https://fd13-photos.leclercdrive.fr/image.ashx?id=2961350&use=l&cat=p&typeid=i","cat":284656},{"id":211556,"n":"Sun Capsules Lave-Vaisselle Tout en1 Absolu Dégraissant x28","p":7.9,"u":"18,81 €/KG","img":"https://fd13-photos.leclercdrive.fr/image.ashx?id=2961353&use=l&cat=p&typeid=i","cat":284656},{"id":211563,"n":"Déodorant Spray Dove Anti- Transpirant Invisible Dry 200ml","p":2.99,"u":"14,95 €/L","img":"https://fd13-photos.leclercdrive.fr/image.ashx?id=2877244&use=l&cat=p&typeid=i","cat":284595},{"id":211564,"n":"Adoucissant concentré Soupline Coco fleurs blanches - 1.28L","p":6.24,"u":"4,88 €/L","img":"https://fd13-photos.leclercdrive.fr/image.ashx?id=2832566&use=l&cat=p&typeid=i","cat":284650},{"id":211589,"n":"Coulis de tomate Alro Basilic - 680g","p":2.49,"u":"3,66 €/KG","img":"https://fd13-photos.leclercdrive.fr/image.ashx?id=2994542&use=l&cat=p&typeid=i","cat":289010},{"id":211598,"n":"Yaourt protéiné Hipro Stracciatella 0%mg - 2x160g","p":2.01,"u":"6,28 €/KG","img":"https://fd13-photos.leclercdrive.fr/image.ashx?id=2807438&use=l&cat=p&typeid=i","cat":315000},{"id":211628,"n":"Arrangé Isautier Mangue 37%vol - 50cl","p":17.15,"u":"34,30 €/L","img":"https://fd13-photos.leclercdrive.fr/image.ashx?id=2741469&use=l&cat=p&typeid=i","cat":284551},{"id":211629,"n":"Fromage à tartiner Labné  Président - 250g","p":2.62,"u":"10,48 €/KG","img":"https://fd13-photos.leclercdrive.fr/image.ashx?id=2889397&use=l&cat=p&typeid=i","cat":314029},{"id":211632,"n":"Desserts Lactés P'TIT ONCTUEUX Nature 6M+ - 8x90g","p":4.3,"u":"5,97 €/KG","img":"https://fd13-photos.leclercdrive.fr/image.ashx?id=2559161&use=l&cat=p&typeid=i","cat":312392},{"id":211741,"n":"Gyoza Ajinomoto Légumes x20 - 400g","p":5.45,"u":"13,63 €/KG","img":"https://fd13-photos.leclercdrive.fr/image.ashx?id=2590282&use=l&cat=p&typeid=i","cat":284254},{"id":211808,"n":"Olives Noires Confites Tramier  Dénoyautées 150g","p":1.82,"u":"12,13 €/KG","img":"https://fd13-photos.leclercdrive.fr/image.ashx?id=2840829&use=l&cat=p&typeid=i","cat":284450},{"id":211827,"n":"Céréales bébé BABIVANILLE Vanille 10M+ - 400g","p":3.67,"u":"9,18 €/KG","img":"https://fd13-photos.leclercdrive.fr/image.ashx?id=2562651&use=l&cat=p&typeid=i","cat":312225},{"id":211833,"n":"Sirop Oasis  Passion Abricot - 60cl","p":3.49,"u":"5,82 €/L","img":"https://fd13-photos.leclercdrive.fr/image.ashx?id=2562405&use=l&cat=p&typeid=i","cat":295020},{"id":211835,"n":"Sirop Oasis  Fraise Cassis - 60cl","p":3.47,"u":"5,78 €/L","img":"https://fd13-photos.leclercdrive.fr/image.ashx?id=2562408&use=l&cat=p&typeid=i","cat":295020},{"id":211836,"n":"Sirop Oasis  Ananas Pêche- 60cl","p":3.2,"u":"5,33 €/L","img":"https://fd13-photos.leclercdrive.fr/image.ashx?id=2562420&use=l&cat=p&typeid=i","cat":295020},{"id":211837,"n":"Sirop Oasis  Mûre Framboise- 60cl","p":3.59,"u":"5,98 €/L","img":"https://fd13-photos.leclercdrive.fr/image.ashx?id=2562417&use=l&cat=p&typeid=i","cat":295020},{"id":211844,"n":"Pur jus Tropicana Orange sans pulpe - 4x1,5L","p":13.5,"pp":10.12,"u":"1,69 €/L","img":"https://fd13-photos.leclercdrive.fr/image.ashx?id=2562546&use=l&cat=p&typeid=i","cat":284521},{"id":211856,"n":"Biscuits Petits Chocos Bonne maman - 250g","p":2.42,"u":"9,68 €/KG","img":"https://fd13-photos.leclercdrive.fr/image.ashx?id=2949997&use=l&cat=p&typeid=i","cat":284488},{"id":211864,"n":"Nouilles de blé Tien Shan Canard - 2x85g+85g offerts","p":1.8,"u":"7,06 €/KG","img":"https://fd13-photos.leclercdrive.fr/image.ashx?id=2562435&use=l&cat=p&typeid=i","cat":288992},{"id":211865,"n":"Nouilles de blé Tien Shan Crevette - 2x85g+85g offerts","p":1.8,"u":"7,06 €/KG","img":"https://fd13-photos.leclercdrive.fr/image.ashx?id=2562438&use=l&cat=p&typeid=i","cat":288992},{"id":211867,"n":"Nouilles de blé Tien Shan Boeuf - 2x85g+85g offerts","p":1.89,"u":"7,41 €/KG","img":"https://fd13-photos.leclercdrive.fr/image.ashx?id=2562444&use=l&cat=p&typeid=i","cat":288992},{"id":212112,"n":"Céréales Frosties Kellogg's  330g","p":2.32,"u":"7,03 €/KG","img":"https://fd13-photos.leclercdrive.fr/image.ashx?id=2565362&use=l&cat=p&typeid=i","cat":309513},{"id":212248,"n":"Crème glacée La Laitière Chocolat avec copeaux - 490g","p":3.24,"pp":2.27,"u":"4,63 €/KG","img":"https://fd13-photos.leclercdrive.fr/image.ashx?id=3000012&use=l&cat=p&typeid=i","cat":284263},{"id":212383,"n":"Barres de céréales Spécial K Protein Coco cacao cajou -4x28g","p":2.71,"u":"24,20 €/KG","img":"https://fd13-photos.leclercdrive.fr/image.ashx?id=3011809&use=l&cat=p&typeid=i","cat":300032},{"id":212465,"n":"Protège-slip Confort Vania Coton Bio - x30","p":2.43,"img":"https://fd13-photos.leclercdrive.fr/image.ashx?id=2735215&use=l&cat=p&typeid=i","cat":284625},{"id":212466,"n":"Protège-slip Protection Vania Long voile Bio - x24","p":2.53,"img":"https://fd13-photos.leclercdrive.fr/image.ashx?id=2735218&use=l&cat=p&typeid=i","cat":284625},{"id":212469,"n":"Protège-slip Protection Vania Long Fresh - x40","p":2.4,"img":"https://fd13-photos.leclercdrive.fr/image.ashx?id=2735239&use=l&cat=p&typeid=i","cat":284625},{"id":212477,"n":"Déodorant spray Monsavon Compres$sé -  Vanille - 100ml","p":2.59,"u":"25,90 €/L","img":"https://fd13-photos.leclercdrive.fr/image.ashx?id=2566215&use=l&cat=p&typeid=i","cat":284595},{"id":212593,"n":"Litière chats Tous mes Amis Triple action blanche - 5L","p":4.2,"u":"0,84 €/L","img":"https://fd13-photos.leclercdrive.fr/image.ashx?id=2568361&use=l&cat=p&typeid=i","cat":284683},{"id":212599,"n":"Amandes décortiquées Couleurs Vives - 200g","p":2.78,"u":"13,90 €/KG","img":"https://fd13-photos.leclercdrive.fr/image.ashx?id=2567592&use=l&cat=p&typeid=i","cat":284357},{"id":212600,"n":"Cranberries Couleurs Vives 200g","p":1.99,"u":"9,95 €/KG","img":"https://fd13-photos.leclercdrive.fr/image.ashx?id=2567595&use=l&cat=p&typeid=i","cat":284357},{"id":212643,"n":"Margarine Planta Fin Doux 100% végétal - 225g","p":1.69,"u":"7,51 €/KG","img":"https://fd13-photos.leclercdrive.fr/image.ashx?id=2989471&use=l&cat=p&typeid=i","cat":315229},{"id":212645,"n":"Margarine Planta Fin Demi-sel 100% végétal - 225g","p":1.7,"u":"7,56 €/KG","img":"https://fd13-photos.leclercdrive.fr/image.ashx?id=2989465&use=l&cat=p&typeid=i","cat":315229},{"id":212648,"n":"Arhumatik Isautier Passion 24%vol. - 70cl","p":24.42,"u":"34,89 €/L","img":"https://fd13-photos.leclercdrive.fr/image.ashx?id=2569539&use=l&cat=p&typeid=i","cat":284551},{"id":212650,"n":"Arhumatik Isautier Coco 24%vol. - 70cl","p":24.42,"u":"34,89 €/L","img":"https://fd13-photos.leclercdrive.fr/image.ashx?id=2570235&use=l&cat=p&typeid=i","cat":284551},{"id":212679,"n":"Céréales Coco Pops Chocos Kellogg's - 330g","p":2.55,"u":"7,73 €/KG","img":"https://fd13-photos.leclercdrive.fr/image.ashx?id=2571683&use=l&cat=p&typeid=i","cat":309513},{"id":212773,"n":"Curry Balti Ducros - 39g","p":1.81,"u":"46,41 €/KG","img":"https://fd13-photos.leclercdrive.fr/image.ashx?id=2570169&use=l&cat=p&typeid=i","cat":298297},{"id":212815,"n":"Yaourt à la grecque YAOS  Stracciatella - 8x125g","p":4.35,"u":"4,35 €/KG","img":"https://fd13-photos.leclercdrive.fr/image.ashx?id=2570115&use=l&cat=p&typeid=i","cat":314999},{"id":212819,"n":"Préparation moelleux Alsa Chocolat - 500g","p":3.08,"u":"6,16 €/KG","img":"https://fd13-photos.leclercdrive.fr/image.ashx?id=2812663&use=l&cat=p&typeid=i","cat":284504},{"id":212824,"n":"Poivre moulu Sainte Lucie Brésil - 45g","p":1.55,"u":"34,44 €/KG","img":"https://fd13-photos.leclercdrive.fr/image.ashx?id=2975173&use=l&cat=p&typeid=i","cat":284457},{"id":212825,"n":"Safran Sainte Lucie En filaments - 0.20g","p":2.88,"img":"https://fd13-photos.leclercdrive.fr/image.ashx?id=2571173&use=l&cat=p&typeid=i","cat":298297},{"id":212865,"n":"Margarine Planta Fin léger  Sans huile de palme - 225g","p":1.7,"u":"7,56 €/KG","img":"https://fd13-photos.leclercdrive.fr/image.ashx?id=2796441&use=l&cat=p&typeid=i","cat":315229},{"id":212888,"n":"Eau minérale naturelle Thonon 6x1L","p":2.42,"u":"0,40 €/L","img":"https://fd13-photos.leclercdrive.fr/image.ashx?id=2853209&use=l&cat=p&typeid=i","cat":284535},{"id":212901,"n":"Pile bouton lithium Varta CR2032 - x4+1 offerte","p":28.02,"u":"5,60 €/P","img":"https://fd13-photos.leclercdrive.fr/image.ashx?id=2572323&use=l&cat=p&typeid=i","cat":300572},{"id":212902,"n":"Pile alcaline Varta  Longlife Power D - x2","p":4.83,"u":"2,42 €/P","img":"https://fd13-photos.leclercdrive.fr/image.ashx?id=2575819&use=l&cat=p&typeid=i","cat":300572},{"id":213023,"n":"Pâtée et morceaux chiens Eco+ Boeuf - 1.2kg","p":1.67,"u":"1,39 €/KG","img":"https://fd13-photos.leclercdrive.fr/image.ashx?id=2815743&use=l&cat=p&typeid=i","cat":288578},{"id":213025,"n":"Boulettes à la volaille Eco+ 1.2kg","p":1.54,"u":"1,28 €/KG","img":"https://fd13-photos.leclercdrive.fr/image.ashx?id=2815737&use=l&cat=p&typeid=i","cat":288578},{"id":213078,"n":"Chips de sarrasin NRT De Bretagne -100g","p":2.63,"u":"26,30 €/KG","img":"https://fd13-photos.leclercdrive.fr/image.ashx?id=2638024&use=l&cat=p&typeid=i","cat":284447},{"id":213168,"n":"Brossette Oral-B Pro 3D White x2","p":13.25,"u":"6,63 €/P","img":"https://fd13-photos.leclercdrive.fr/image.ashx?id=2576309&use=l&cat=p&typeid=i","cat":297133},{"id":213189,"n":"Milky fromage enfant à tartiner Les Croisés 24 portions - 432g","p":3.59,"u":"8,31 €/KG","img":"https://fd13-photos.leclercdrive.fr/image.ashx?id=2791899&use=l&cat=p&typeid=i","cat":314030},{"id":213190,"n":"Milky fromage enfant à tartiner Les Croisés 12 portions - 216g","p":1.85,"u":"8,56 €/KG","img":"https://fd13-photos.leclercdrive.fr/image.ashx?id=2791914&use=l&cat=p&typeid=i","cat":314030},{"id":213213,"n":"Pastis de Marseille Duval  45%vol - 20cl","p":4.2,"u":"21,00 €/L","img":"https://fd13-photos.leclercdrive.fr/image.ashx?id=2686663&use=l&cat=p&typeid=i","cat":284548},{"id":213242,"n":"Céréales Coco Pops Kellogg's Original - 330g","p":3.02,"u":"9,15 €/KG","img":"https://fd13-photos.leclercdrive.fr/image.ashx?id=2577099&use=l&cat=p&typeid=i","cat":309513},{"id":213366,"n":"Toast nature Harrys Tranches épaisses - 250g","p":1.75,"u":"7,00 €/KG","img":"https://fd13-photos.leclercdrive.fr/image.ashx?id=2581253&use=l&cat=p&typeid=i","cat":285454},{"id":213417,"n":"Thé vert bio Jardin Bio Duo de citron - 30g","p":3.08,"u":"102,67 €/KG","img":"https://fd13-photos.leclercdrive.fr/image.ashx?id=2579008&use=l&cat=p&typeid=i","cat":293233},{"id":213421,"n":"Lessive All-In-1 Dash Pods Envolée d'air - 368.6g - x19","p":9.02,"u":"24,44 €/KG","img":"https://fd13-photos.leclercdrive.fr/image.ashx?id=2609977&use=l&cat=p&typeid=i","cat":284641},{"id":213422,"n":"Lessive All-In-1 Dash Pods Jasmin et Rose de mai - 369g","p":9.95,"u":"26,96 €/KG","img":"https://fd13-photos.leclercdrive.fr/image.ashx?id=2579688&use=l&cat=p&typeid=i","cat":284641},{"id":213425,"n":"Brossettes Oral-B 3D White 2x4","p":47.19,"u":"5,90 €/P","img":"https://fd13-photos.leclercdrive.fr/image.ashx?id=2740319&use=l&cat=p&typeid=i","cat":297133},{"id":213427,"n":"Gel douche Sanex Hypoallergenique - 2x425ml","p":8.28,"u":"9,74 €/L","img":"https://fd13-photos.leclercdrive.fr/image.ashx?id=2757863&use=l&cat=p&typeid=i","cat":284594},{"id":213441,"n":"Gel douche Sanex Natural Prebiotic - Protection 2x425ml","p":3.51,"u":"4,13 €/L","img":"https://fd13-photos.leclercdrive.fr/image.ashx?id=2757875&use=l&cat=p&typeid=i","cat":284594},{"id":213443,"n":"Après-Shampoing Franck Provost Expert nutrition - 450ml","p":4.06,"u":"9,02 €/L","img":"https://fd13-photos.leclercdrive.fr/image.ashx?id=2581807&use=l&cat=p&typeid=i","cat":284607},{"id":213451,"n":"Haché moelleux Eco+ x2 - 200g","p":2.39,"u":"11,95 €/KG","img":"https://fd13-photos.leclercdrive.fr/image.ashx?id=2930609&use=l&cat=p&typeid=i","cat":284332},{"id":213454,"n":"Petits pois Eco+ 1kg","p":1.52,"u":"1,52 €/KG","img":"https://fd13-photos.leclercdrive.fr/image.ashx?id=2796025&use=l&cat=p&typeid=i","cat":319805},{"id":213455,"n":"Champignons Eco+ 1kg","p":1.45,"u":"1,45 €/KG","img":"https://fd13-photos.leclercdrive.fr/image.ashx?id=2593339&use=l&cat=p&typeid=i","cat":319805},{"id":213457,"n":"Cônes Eco+ Vanille fraise x8 - 512g","p":2.07,"u":"4,04 €/KG","img":"https://fd13-photos.leclercdrive.fr/image.ashx?id=2615576&use=l&cat=p&typeid=i","cat":284264},{"id":213458,"n":"Dés de poulet Eco+ 150g","p":1.69,"u":"11,27 €/KG","img":"https://fd13-photos.leclercdrive.fr/image.ashx?id=2930939&use=l&cat=p&typeid=i","cat":316011},{"id":213461,"n":"Fromage à Tartiner Tartare  Herbes de Provence - 250g","p":2.91,"u":"11,64 €/KG","img":"https://fd13-photos.leclercdrive.fr/image.ashx?id=2883955&use=l&cat=p&typeid=i","cat":314029},{"id":213464,"n":"Panés Spécial Burger Père Dodu  Chapelure Corn Flakes - x2 - 18","p":2.73,"u":"15,17 €/KG","img":"https://fd13-photos.leclercdrive.fr/image.ashx?id=2957221&use=l&cat=p&typeid=i","cat":333684},{"id":213528,"n":"Gel WC Canard 100% Détartrant - 750ml","p":2.39,"u":"3,19 €/L","img":"https://fd13-photos.leclercdrive.fr/image.ashx?id=2580194&use=l&cat=p&typeid=i","cat":284662},{"id":213555,"n":"Shampoing Nutrition Elsève Cheveux Fins, Secs - 300ml","p":4.61,"u":"15,37 €/L","img":"https://fd13-photos.leclercdrive.fr/image.ashx?id=2582243&use=l&cat=p&typeid=i","cat":284606},{"id":213581,"n":"Gel douche Cadum Crème d'amande - 450ml","p":2.87,"u":"6,38 €/L","img":"https://fd13-photos.leclercdrive.fr/image.ashx?id=2582273&use=l&cat=p&typeid=i","cat":284594},{"id":213594,"n":"Tablette de chocolat Lindt  Noir pailleté gaufrette - 100g","p":2.75,"u":"27,50 €/KG","img":"https://fd13-photos.leclercdrive.fr/image.ashx?id=2750390&use=l&cat=p&typeid=i","cat":284956},{"id":213600,"n":"Crème Douche Nourrissante Cadum Huile de Coco Bio - 450ml","p":2.39,"u":"5,31 €/L","img":"https://fd13-photos.leclercdrive.fr/image.ashx?id=2582276&use=l&cat=p&typeid=i","cat":284594},{"id":213602,"n":"Crème Douche Nourrissante Cadum Miel de Fleurs bio - 450ml","p":2.96,"u":"6,58 €/L","img":"https://fd13-photos.leclercdrive.fr/image.ashx?id=2582279&use=l&cat=p&typeid=i","cat":284594},{"id":213604,"n":"Crème Douche Hydratation Cadum Huile d'Amandes Douces - 450ml","p":2.66,"u":"5,91 €/L","img":"https://fd13-photos.leclercdrive.fr/image.ashx?id=2582282&use=l&cat=p&typeid=i","cat":284594},{"id":213606,"n":"Gel Douche Sans Savon Bio Cadum Huile d'Amandes Douces - 450ml","p":2.65,"u":"5,89 €/L","img":"https://fd13-photos.leclercdrive.fr/image.ashx?id=2582288&use=l&cat=p&typeid=i","cat":284594},{"id":213673,"n":"Pur jus d'orange pressée Andros 1L","p":2.87,"u":"2,87 €/L","img":"https://fd13-photos.leclercdrive.fr/image.ashx?id=2963430&use=l&cat=p&typeid=i","cat":284354},{"id":213676,"n":"Pur jus d'oranges Andros Sans pulpe - 1L","p":2.87,"u":"2,87 €/L","img":"https://fd13-photos.leclercdrive.fr/image.ashx?id=2928873&use=l&cat=p&typeid=i","cat":284354},{"id":213687,"n":"Shampoing karité Franck Provost Cheveux Secs, très secs - 500ml","p":4.06,"u":"8,12 €/L","img":"https://fd13-photos.leclercdrive.fr/image.ashx?id=2581804&use=l&cat=p&typeid=i","cat":284606},{"id":213688,"n":"Shampoing Karité Franck Provost Cheveux Très Secs épais - 500ml","p":4.06,"u":"8,12 €/L","img":"https://fd13-photos.leclercdrive.fr/image.ashx?id=2582312&use=l&cat=p&typeid=i","cat":284606},{"id":213690,"n":"Shampoing Franck Provost Cheveux abîmés cassants - 500ml","p":4.06,"u":"8,12 €/L","img":"https://fd13-photos.leclercdrive.fr/image.ashx?id=2582315&use=l&cat=p&typeid=i","cat":284606},{"id":213692,"n":"Shampooing Franck Provost Cheveux colorés - 500ml","p":4.06,"u":"8,12 €/L","img":"https://fd13-photos.leclercdrive.fr/image.ashx?id=2582321&use=l&cat=p&typeid=i","cat":284606},{"id":213695,"n":"Recharge Gel douche Cadum Sans Sulfate - 500ml","p":2.88,"u":"5,76 €/L","img":"https://fd13-photos.leclercdrive.fr/image.ashx?id=2581810&use=l&cat=p&typeid=i","cat":284594},{"id":213703,"n":"Gel Corps et Cheveux Cadum Sans Sulfate - 400ml","p":2.89,"u":"7,23 €/L","img":"https://fd13-photos.leclercdrive.fr/image.ashx?id=2582270&use=l&cat=p&typeid=i","cat":284594},{"id":213724,"n":"Bouchée pour chien Eco+ Boeuf, pâtes, carottes - 1.2kg","p":1.93,"u":"1,61 €/KG","img":"https://fd13-photos.leclercdrive.fr/image.ashx?id=2815728&use=l&cat=p&typeid=i","cat":288578},{"id":213794,"n":"Burger Rustique Marie Boeuf Charolais Emmental - 190g","p":3.31,"u":"17,42 €/KG","img":"https://fd13-photos.leclercdrive.fr/image.ashx?id=2858621&use=l&cat=p&typeid=i","cat":333671},{"id":213817,"n":"Croquettes chats Perfect Fit Stérilisés, saumon - 1.4kg","p":6.73,"u":"4,81 €/KG","img":"https://fd13-photos.leclercdrive.fr/image.ashx?id=2619163&use=l&cat=p&typeid=i","cat":284680},{"id":213818,"n":"Croquettes chats Perfect Fit Stérilisés, dinde - 1.4kg","p":7.29,"u":"5,21 €/KG","img":"https://fd13-photos.leclercdrive.fr/image.ashx?id=2619166&use=l&cat=p&typeid=i","cat":284680},{"id":213823,"n":"Soupline dilué 3D grand air 2.85l","p":6.45,"u":"2,26 €/L","img":"https://fd13-photos.leclercdrive.fr/image.ashx?id=2811791&use=l&cat=p&typeid=i","cat":284650},{"id":213825,"n":"Soupline utra eveil 1.2l","p":5.97,"u":"4,98 €/L","img":"https://fd13-photos.leclercdrive.fr/image.ashx?id=2583491&use=l&cat=p&typeid=i","cat":284650},{"id":213830,"n":"Adoucissant Soupline concentré  3D Grand air - 1,35L","p":4.99,"u":"3,70 €/L","img":"https://fd13-photos.leclercdrive.fr/image.ashx?id=2924950&use=l&cat=p&typeid=i","cat":284650},{"id":213833,"n":"Colgate Chloro intense  75ml","p":1.15,"u":"15,33 €/L","img":"https://fd13-photos.leclercdrive.fr/image.ashx?id=2964231&use=l&cat=p&typeid=i","cat":284612},{"id":213834,"n":"Brosse à dents Colgate Extra-clean souple - x4","p":1.99,"u":"0,50 €/P","img":"https://fd13-photos.leclercdrive.fr/image.ashx?id=3011950&use=l&cat=p&typeid=i","cat":284614},{"id":213836,"n":"Dentifrice Colgate Ultra Brite  Haleine Fraîche - 75ml","p":1.32,"u":"17,60 €/L","img":"https://fd13-photos.leclercdrive.fr/image.ashx?id=2802845&use=l&cat=p&typeid=i","cat":284612},{"id":213857,"n":"Recharges WC Canard Fresh Disc  Fraîcheur Marine - 2x6 disques","p":5.26,"u":"2,63 €/P","img":"https://fd13-photos.leclercdrive.fr/image.ashx?id=2754824&use=l&cat=p&typeid=i","cat":284662},{"id":213910,"n":"Taboulé Oriental  Garbit - 525g","p":2.37,"u":"4,51 €/KG","img":"https://fd13-photos.leclercdrive.fr/image.ashx?id=2901899&use=l&cat=p&typeid=i","cat":284429},{"id":213930,"n":"Fromage enfant La Vache qui rit Original 24P à tartiner - 384g","p":3.94,"u":"10,26 €/KG","img":"https://fd13-photos.leclercdrive.fr/image.ashx?id=2945451&use=l&cat=p&typeid=i","cat":314030},{"id":213953,"n":"Recharges WC Canard fresh disc Citron - 2x6 disques","p":4.92,"u":"2,46 €/P","img":"https://fd13-photos.leclercdrive.fr/image.ashx?id=2754821&use=l&cat=p&typeid=i","cat":284662},{"id":213954,"n":"Protège-slips Vania Pocket Normal - x30","p":2.48,"u":"0,08 €/P","img":"https://fd13-photos.leclercdrive.fr/image.ashx?id=2735245&use=l&cat=p&typeid=i","cat":284625},{"id":213957,"n":"Tablettes Lave-vaisselle Sun Tout-en-1 - Plus brillant 700g","p":9.99,"u":"14,27 €/KG","img":"https://fd13-photos.leclercdrive.fr/image.ashx?id=2679455&use=l&cat=p&typeid=i","cat":284656},{"id":213959,"n":"Nettoyant ménager Pliz Fée du logis - 250ml","p":1.96,"u":"7,84 €/L","img":"https://fd13-photos.leclercdrive.fr/image.ashx?id=2585540&use=l&cat=p&typeid=i","cat":325364},{"id":213961,"n":"Terrine chiens Tous Mes Amis Viandes carottes - 1.2kg","p":1.95,"u":"1,63 €/KG","img":"https://fd13-photos.leclercdrive.fr/image.ashx?id=3015590&use=l&cat=p&typeid=i","cat":288578},{"id":213962,"n":"Patée pour chiens Eco+ Volaille - 150g","p":0.47,"u":"3,13 €/KG","img":"https://fd13-photos.leclercdrive.fr/image.ashx?id=2584913&use=l&cat=p&typeid=i","cat":284673},{"id":213963,"n":"Patée pour chiens Eco+ Boeuf - 150g","p":0.47,"u":"3,13 €/KG","img":"https://fd13-photos.leclercdrive.fr/image.ashx?id=2586360&use=l&cat=p&typeid=i","cat":284673},{"id":213964,"n":"Nettoyant ménager Ajax Maison pure Sureau - 1.25L","p":2.79,"u":"2,23 €/L","img":"https://fd13-photos.leclercdrive.fr/image.ashx?id=2585555&use=l&cat=p&typeid=i","cat":284907},{"id":213965,"n":"Adoucissant Eco+ Fraîcheur - 1.5L - x60","p":1.64,"u":"1,09 €/L","img":"https://fd13-photos.leclercdrive.fr/image.ashx?id=2600833&use=l&cat=p&typeid=i","cat":284650},{"id":213966,"n":"Bougie anti-tabac Glade Vegan - x1","p":4.03,"img":"https://fd13-photos.leclercdrive.fr/image.ashx?id=2585534&use=l&cat=p&typeid=i","cat":335913},{"id":213967,"n":"Bougie Glade I Love You - Vegan -  129g","p":4.55,"u":"35,27 €/KG","img":"https://fd13-photos.leclercdrive.fr/image.ashx?id=2585537&use=l&cat=p&typeid=i","cat":335913},{"id":213968,"n":"Eau minérale naturelle Vittel 6L","p":2.65,"u":"0,44 €/L","img":"https://fd13-photos.leclercdrive.fr/image.ashx?id=2585843&use=l&cat=p&typeid=i","cat":284535},{"id":214083,"n":"Moutarde de Dijon Rustica Fine et forte - 200g","p":1.29,"u":"6,45 €/KG","img":"https://fd13-photos.leclercdrive.fr/image.ashx?id=2954388&use=l&cat=p&typeid=i","cat":288850},{"id":214087,"n":"Soda Coca-Cola Original Bouteille - 1,75L","p":2.35,"u":"1,34 €/L","img":"https://fd13-photos.leclercdrive.fr/image.ashx?id=2971745&use=l&cat=p&typeid=i","cat":284530},{"id":214105,"n":"Toast Brioché spécial foie gras Tranches épaisses Harrys 250G","p":1.75,"u":"7,00 €/KG","img":"https://fd13-photos.leclercdrive.fr/image.ashx?id=2587581&use=l&cat=p&typeid=i","cat":285454},{"id":214392,"n":"Gel douche Le Petit Marseillais Homme - Minéraux & bois - 250ml","p":1.64,"u":"6,56 €/L","img":"https://fd13-photos.leclercdrive.fr/image.ashx?id=2684548&use=l&cat=p&typeid=i","cat":284619},{"id":214393,"n":"Gel douche Le Petit Marseillais Homme - Pin & eucalyptus 250ml","p":1.89,"u":"7,56 €/L","img":"https://fd13-photos.leclercdrive.fr/image.ashx?id=2684551&use=l&cat=p&typeid=i","cat":284619},{"id":214394,"n":"Crème de douche Le Petit Marseillais Fleur coton 400ml","p":2.49,"u":"6,23 €/L","img":"https://fd13-photos.leclercdrive.fr/image.ashx?id=2947045&use=l&cat=p&typeid=i","cat":284594},{"id":214403,"n":"Lessive liquide Bonux L'original 50 Lavages - 2.25L","p":9.84,"u":"4,37 €/L","img":"https://fd13-photos.leclercdrive.fr/image.ashx?id=2881993&use=l&cat=p&typeid=i","cat":284640},{"id":214404,"n":"Nettoyant ménager Ajax Multi-surfaces - Citron - 1.25L","p":2.65,"u":"2,12 €/L","img":"https://fd13-photos.leclercdrive.fr/image.ashx?id=2915606&use=l&cat=p&typeid=i","cat":284907},{"id":214453,"n":"Biscuits Mini BN Coeur au lait 2+1 offert - 525g","p":3.59,"u":"6,84 €/KG","img":"https://fd13-photos.leclercdrive.fr/image.ashx?id=2605449&use=l&cat=p&typeid=i","cat":284488},{"id":214507,"n":"Liégeois au chocolat Andros Au lait d'amande x6 - 540g","p":2.58,"u":"4,78 €/KG","img":"https://fd13-photos.leclercdrive.fr/image.ashx?id=2590815&use=l&cat=p&typeid=i","cat":316071},{"id":214756,"n":"Feuilleté de Mousse La Laitière Menthe - 4x57g","p":1.8,"u":"7,89 €/KG","img":"https://fd13-photos.leclercdrive.fr/image.ashx?id=3007960&use=l&cat=p&typeid=i","cat":284417},{"id":214758,"n":"Haché végétal Happyvore 200g","p":3.69,"u":"18,45 €/KG","img":"https://fd13-photos.leclercdrive.fr/image.ashx?id=2768246&use=l&cat=p&typeid=i","cat":316036},{"id":214762,"n":"Nouilles Banzai Noodle poulet  cup - 67g","p":1.25,"u":"18,66 €/KG","img":"https://fd13-photos.leclercdrive.fr/image.ashx?id=2730004&use=l&cat=p&typeid=i","cat":288992},{"id":214778,"n":"Lait en poudre bio Modilac 2ème âge - 800g","p":19.09,"u":"23,86 €/KG","img":"https://fd13-photos.leclercdrive.fr/image.ashx?id=2981172&use=l&cat=p&typeid=i","cat":284727},{"id":214779,"n":"Lait en poudre bio Modilac Croissance - 800g","p":18.11,"u":"22,64 €/KG","img":"https://fd13-photos.leclercdrive.fr/image.ashx?id=2981175&use=l&cat=p&typeid=i","cat":290219},{"id":214808,"n":"Capsule Nescafé Dolce Gusto Neo  Espresso - x12","p":4.28,"u":"64,85 €/KG","img":"https://fd13-photos.leclercdrive.fr/image.ashx?id=2774709&use=l&cat=p&typeid=i","cat":293241},{"id":214827,"n":"Crème dessert Mont Blanc Caramel - 6x125g","p":4.39,"u":"5,85 €/KG","img":"https://fd13-photos.leclercdrive.fr/image.ashx?id=2598579&use=l&cat=p&typeid=i","cat":284506},{"id":214897,"n":"Champignons blancs de Paris  Eco+ - 200g","p":0.95,"u":"4,75 €/KG","img":"https://fd13-photos.leclercdrive.fr/image.ashx?id=2742685&use=l&cat=p&typeid=i","cat":284352},{"id":214944,"n":"Bonbons Haribo  Coussin Mini'ween pik - 220g x1","p":1.48,"u":"6,73 €/KG","img":"https://fd13-photos.leclercdrive.fr/image.ashx?id=2913208&use=l&cat=p&typeid=i","cat":304250},{"id":215000,"n":"Crème de Marron Clement Faugier 992g","p":4.65,"u":"4,69 €/KG","img":"https://fd13-photos.leclercdrive.fr/image.ashx?id=3004393&use=l&cat=p&typeid=i","cat":284481},{"id":215017,"n":"Croutons ail Tipiak 220g","p":3.29,"u":"14,95 €/KG","img":"https://fd13-photos.leclercdrive.fr/image.ashx?id=2688872&use=l&cat=p&typeid=i","cat":284464},{"id":215135,"n":"Feuille de chêne rouge  Les Crudettes - 125g","p":1.58,"u":"12,64 €/KG","img":"https://fd13-photos.leclercdrive.fr/image.ashx?id=2596937&use=l&cat=p&typeid=i","cat":284353},{"id":215138,"n":"Les Légumes Gratinés d'Aucy Épinards pomme de terre - 300g","p":3.99,"u":"13,30 €/KG","img":"https://fd13-photos.leclercdrive.fr/image.ashx?id=2596814&use=l&cat=p&typeid=i","cat":319802},{"id":215153,"n":"Cuisses de poulet Maître Coq 1.4kg","p":5.3,"u":"3,79 €/KG","img":"https://fd13-photos.leclercdrive.fr/image.ashx?id=2597408&use=l&cat=p&typeid=i","cat":319780},{"id":215209,"n":"Spray nettoyant La Croix Bicarbonate de soude - 500ml","p":2.67,"u":"5,34 €/L","img":"https://fd13-photos.leclercdrive.fr/image.ashx?id=2597609&use=l&cat=p&typeid=i","cat":325357},{"id":215210,"n":"Eponge salle de bain Spontex Salsa Power - x2","p":1.97,"u":"0,99 €/P","img":"https://fd13-photos.leclercdrive.fr/image.ashx?id=2742099&use=l&cat=p&typeid=i","cat":284667},{"id":215214,"n":"Brossettes Oral-B Pro Sensitive clean - x2","p":12.99,"u":"6,50 €/PRT","img":"https://fd13-photos.leclercdrive.fr/image.ashx?id=2909254&use=l&cat=p&typeid=i","cat":297133},{"id":215216,"n":"Lames rasoir Wilkinson Intuition - 2 en 1 - 3 lames","p":10.44,"u":"3,48 €/P","img":"https://fd13-photos.leclercdrive.fr/image.ashx?id=2849427&use=l&cat=p&typeid=i","cat":325352},{"id":215377,"n":"Fromage Persillée Bresse Bleu Le véritable - 200g","p":2.93,"u":"14,65 €/KG","img":"https://fd13-photos.leclercdrive.fr/image.ashx?id=2927486&use=l&cat=p&typeid=i","cat":314032},{"id":215378,"n":"Sérum Visage Post-Acné Nivea Anti-taches Luminous - 30ml","p":17.71,"u":"590,33 €/L","img":"https://fd13-photos.leclercdrive.fr/image.ashx?id=2836124&use=l&cat=p&typeid=i","cat":325345},{"id":215379,"n":"Sérum Visage Anti-âge Nivea Anti-taches Luminous - 30ml","p":17.71,"u":"590,33 €/L","img":"https://fd13-photos.leclercdrive.fr/image.ashx?id=2985492&use=l&cat=p&typeid=i","cat":325345},{"id":215400,"n":"Nettoyant ménager Ajax Fête des Feurs Coquelicots - 1.5L","p":3.49,"u":"2,33 €/L","img":"https://fd13-photos.leclercdrive.fr/image.ashx?id=2601277&use=l&cat=p&typeid=i","cat":null},{"id":215647,"n":"Boite Lindt Champs-Elysées  Chocolat noir intense - 168g","p":7.3,"u":"43,45 €/KG","img":"https://fd13-photos.leclercdrive.fr/image.ashx?id=2676621&use=l&cat=p&typeid=i","cat":284499},{"id":215716,"n":"Père Noël blanc Milka 90g","p":3.69,"u":"41,00 €/KG","img":"https://fd13-photos.leclercdrive.fr/image.ashx?id=2599946&use=l&cat=p&typeid=i","cat":327592},{"id":215722,"n":"Boules Noël chocolat Milka Lait blanc - 350g","p":9.24,"u":"26,40 €/KG","img":"https://fd13-photos.leclercdrive.fr/image.ashx?id=2832398&use=l&cat=p&typeid=i","cat":327592},{"id":215724,"n":"Calendrier de l'Avent Crunch chocolat Noël - 182g","p":13.49,"u":"74,12 €/KG","img":"https://fd13-photos.leclercdrive.fr/image.ashx?id=2763984&use=l&cat=p&typeid=i","cat":336112},{"id":215737,"n":"Smarties chocolat Mini Figurines - 147g","p":5.99,"u":"40,75 €/KG","img":"https://fd13-photos.leclercdrive.fr/image.ashx?id=3000450&use=l&cat=p&typeid=i","cat":327592},{"id":215738,"n":"KitKat Chocolat Noël Mini Figurines - 147g","p":5.99,"u":"40,75 €/KG","img":"https://fd13-photos.leclercdrive.fr/image.ashx?id=2763978&use=l&cat=p&typeid=i","cat":327592},{"id":215739,"n":"Galak Chocolat Noël Mini Figurines - 147g","p":5.99,"u":"40,75 €/KG","img":"https://fd13-photos.leclercdrive.fr/image.ashx?id=2897375&use=l&cat=p&typeid=i","cat":327592},{"id":215740,"n":"Crunch Chocolat Noël Mini Figurines - 144g","p":5.99,"u":"41,60 €/KG","img":"https://fd13-photos.leclercdrive.fr/image.ashx?id=2763987&use=l&cat=p&typeid=i","cat":327592},{"id":215890,"n":"Piles alcalines Varta V23GA - x2","p":5.49,"u":"2,75 €/P","img":"https://fd13-photos.leclercdrive.fr/image.ashx?id=2600770&use=l&cat=p&typeid=i","cat":300572},{"id":215917,"n":"Liquide de Rinçage Finish  800ml","p":5.17,"u":"6,46 €/L","img":"https://fd13-photos.leclercdrive.fr/image.ashx?id=2864678&use=l&cat=p&typeid=i","cat":284657},{"id":215932,"n":"Eponges Spontex Fibres recyclées - x2","p":1.62,"u":"0,81 €/P","img":"https://fd13-photos.leclercdrive.fr/image.ashx?id=2758078&use=l&cat=p&typeid=i","cat":284667},{"id":215948,"n":"Savon mains recharge  Sans parfum - 280ml","p":3.59,"u":"12,82 €/L","img":"https://fd13-photos.leclercdrive.fr/image.ashx?id=2769708&use=l&cat=p&typeid=i","cat":284597},{"id":215981,"n":"Petits pois D'Aucy Extra tendres - 3x560g","p":5.35,"u":"3,18 €/KG","img":"https://fd13-photos.leclercdrive.fr/image.ashx?id=2601404&use=l&cat=p&typeid=i","cat":312607},{"id":216007,"n":"Petits pots bébé P'TIT SOUPER Quinotto carottes 8M+ - 2x200g","p":2.14,"u":"5,35 €/KG","img":"https://fd13-photos.leclercdrive.fr/image.ashx?id=2737762&use=l&cat=p&typeid=i","cat":312239},{"id":216095,"n":"Chips Tortilla Doritos Goût nacho cheese - 160g","p":1.97,"u":"12,31 €/KG","img":"https://fd13-photos.leclercdrive.fr/image.ashx?id=2990478&use=l&cat=p&typeid=i","cat":287899},{"id":216096,"n":"Chips Tortilla Doritos Goût Nature Sel - 160g","p":1.97,"u":"12,31 €/KG","img":"https://fd13-photos.leclercdrive.fr/image.ashx?id=2880715&use=l&cat=p&typeid=i","cat":287899},{"id":216097,"n":"Chips Tortilla Doritos Goût paprika - 160g","p":1.89,"u":"11,81 €/KG","img":"https://fd13-photos.leclercdrive.fr/image.ashx?id=2890091&use=l&cat=p&typeid=i","cat":287899},{"id":216098,"n":"Chips Tortilla Doritos Goût sweet chili - 160g","p":1.93,"u":"12,06 €/KG","img":"https://fd13-photos.leclercdrive.fr/image.ashx?id=2990475&use=l&cat=p&typeid=i","cat":287899},{"id":216099,"n":"Chips Tortilla Doritos Goût sour cream - 160g","p":1.98,"u":"12,38 €/KG","img":"https://fd13-photos.leclercdrive.fr/image.ashx?id=2890088&use=l&cat=p&typeid=i","cat":287899},{"id":216114,"n":"Yaourt Fruits Panier de Yoplait Abricot Nectarine - 4x125g","p":1.96,"u":"3,92 €/KG","img":"https://fd13-photos.leclercdrive.fr/image.ashx?id=2884474&use=l&cat=p&typeid=i","cat":284410},{"id":216119,"n":"Yaourt Panier de Yoplait Fruits Jaunes - 8x125g","p":2.76,"u":"2,76 €/KG","img":"https://fd13-photos.leclercdrive.fr/image.ashx?id=2811965&use=l&cat=p&typeid=i","cat":284410},{"id":216120,"n":"Yaourt Fruits Panier de Yoplait Fraise Framboise Cerise -8x125g","p":2.77,"u":"2,77 €/KG","img":"https://fd13-photos.leclercdrive.fr/image.ashx?id=2811968&use=l&cat=p&typeid=i","cat":284410},{"id":216123,"n":"Yaourt Fruits Panier de Yoplait Panaché - 16x125g","p":4.68,"u":"2,34 €/KG","img":"https://fd13-photos.leclercdrive.fr/image.ashx?id=2884489&use=l&cat=p&typeid=i","cat":284410},{"id":216126,"n":"Yaourt Panier de Yoplait Fruits Rouges 0%Mg - 8x125g","p":2.9,"u":"2,90 €/KG","img":"https://fd13-photos.leclercdrive.fr/image.ashx?id=2830399&use=l&cat=p&typeid=i","cat":284410},{"id":216277,"n":"Piège anti mites Raid Mites alimentaires  - x3","p":5.45,"u":"1,82 €/P","img":"https://fd13-photos.leclercdrive.fr/image.ashx?id=2604837&use=l&cat=p&typeid=i","cat":298368},{"id":216295,"n":"Raclette nature Eco+ 400g","p":3.37,"u":"8,43 €/KG","img":"https://fd13-photos.leclercdrive.fr/image.ashx?id=2611852&use=l&cat=p&typeid=i","cat":314037},{"id":216303,"n":"Riz Méditerranée Ben's original  Express 2mn - 220g","p":1.25,"u":"5,00 €/KG","img":"https://fd13-photos.leclercdrive.fr/image.ashx?id=2995301&use=l&cat=p&typeid=i","cat":287600},{"id":216352,"n":"Émincés de porc thaï L'Atelier Boucherie - 300g","p":4.59,"u":"15,30 €/KG","img":"https://fd13-photos.leclercdrive.fr/image.ashx?id=2854294&use=l&cat=p&typeid=i","cat":284331},{"id":216381,"n":"Émincés de boeuf Tex-Mex L'Atelier Boucherie - 200g","p":4.79,"u":"23,95 €/KG","img":"https://fd13-photos.leclercdrive.fr/image.ashx?id=2854282&use=l&cat=p&typeid=i","cat":284328},{"id":216462,"n":"Spray Prêt à l'emploi St Marc  Acide Citrique - 500ml","p":2.52,"u":"5,04 €/L","img":"https://fd13-photos.leclercdrive.fr/image.ashx?id=2653867&use=l&cat=p&typeid=i","cat":325357},{"id":216463,"n":"Lingettes désinfectantes St  Marc Anti-Bactériennes - x80","p":2.4,"u":"0,03 €/P","img":"https://fd13-photos.leclercdrive.fr/image.ashx?id=2811341&use=l&cat=p&typeid=i","cat":325358},{"id":216520,"n":"Skyr Siggi's  Noix de Coco - 2x140g","p":2.21,"u":"7,89 €/KG","img":"https://fd13-photos.leclercdrive.fr/image.ashx?id=2938623&use=l&cat=p&typeid=i","cat":315000},{"id":216521,"n":"Yaourt à la grecque YAOS  Nature - 850g","p":2.88,"u":"3,39 €/KG","img":"https://fd13-photos.leclercdrive.fr/image.ashx?id=2729776&use=l&cat=p&typeid=i","cat":314999},{"id":216525,"n":"Nesquik Chocoballs 4x120g","p":2.49,"u":"5,19 €/KG","img":"https://fd13-photos.leclercdrive.fr/image.ashx?id=2606876&use=l&cat=p&typeid=i","cat":284414},{"id":216597,"n":"Pâte à tartiner Andros be nuts Cacahuète crémeux - 325g","p":3.22,"u":"9,91 €/KG","img":"https://fd13-photos.leclercdrive.fr/image.ashx?id=2916201&use=l&cat=p&typeid=i","cat":284481},{"id":216624,"n":"Thé glacé Lipton Ice Tea Citron/citron vert - 4x1.25L","p":5.85,"u":"1,17 €/L","img":"https://fd13-photos.leclercdrive.fr/image.ashx?id=2608761&use=l&cat=p&typeid=i","cat":295019},{"id":216741,"n":"Sauce tomate Gusti Amo Bio tomate basilic  - 350g","p":3.45,"u":"9,86 €/KG","img":"https://fd13-photos.leclercdrive.fr/image.ashx?id=2608872&use=l&cat=p&typeid=i","cat":288384},{"id":216746,"n":"Sauce tomate Gusti Amo Bio ricotta - 350g","p":3.45,"u":"9,86 €/KG","img":"https://fd13-photos.leclercdrive.fr/image.ashx?id=2608869&use=l&cat=p&typeid=i","cat":288384},{"id":217003,"n":"Céréales coco pops Kellogg's Au chocolat - 550g","p":3.85,"u":"7,00 €/KG","img":"https://fd13-photos.leclercdrive.fr/image.ashx?id=2611080&use=l&cat=p&typeid=i","cat":309513},{"id":217096,"n":"Boisson énergisante Crazy Tiger Tropical - 1L","p":2.32,"u":"2,32 €/L","img":"https://fd13-photos.leclercdrive.fr/image.ashx?id=2861078&use=l&cat=p&typeid=i","cat":284533},{"id":217097,"n":"Boisson énergisante Crazy Tiger Cerise - 1L","p":2.23,"u":"2,23 €/L","img":"https://fd13-photos.leclercdrive.fr/image.ashx?id=2859509&use=l&cat=p&typeid=i","cat":284533},{"id":217118,"n":"Dosettes café Senseo Espresso Intense x32","p":5.98,"u":"26,94 €/KG","img":"https://fd13-photos.leclercdrive.fr/image.ashx?id=2788055&use=l&cat=p&typeid=i","cat":293238},{"id":217119,"n":"Dosettes café Senseo Espresso Colombia x32","p":5.78,"u":"26,04 €/KG","img":"https://fd13-photos.leclercdrive.fr/image.ashx?id=2764646&use=l&cat=p&typeid=i","cat":293238},{"id":217145,"n":"Rhum Don Papa Baroko  40% vol. - 70cl","p":39.29,"u":"56,13 €/L","img":"https://fd13-photos.leclercdrive.fr/image.ashx?id=2654017&use=l&cat=p&typeid=i","cat":284550},{"id":217237,"n":"Crème visage hydratante L'Oréal Men Expert - 50ml","p":7.33,"u":"146,60 €/L","img":"https://fd13-photos.leclercdrive.fr/image.ashx?id=2613573&use=l&cat=p&typeid=i","cat":284622},{"id":217610,"n":"Café en grain  Bio Village Bio Pur arabica - 500g","p":8.39,"u":"16,78 €/KG","img":"https://fd13-photos.leclercdrive.fr/image.ashx?id=2615376&use=l&cat=p&typeid=i","cat":293237},{"id":217612,"n":"Café en grain Plantation Pur arabica - 1kg","p":13.06,"u":"13,06 €/KG","img":"https://fd13-photos.leclercdrive.fr/image.ashx?id=2824307&use=l&cat=p&typeid=i","cat":293237},{"id":217613,"n":"Café en grain Plantation Ethiopie - 500g","p":7.99,"u":"15,98 €/KG","img":"https://fd13-photos.leclercdrive.fr/image.ashx?id=2824310&use=l&cat=p&typeid=i","cat":293237},{"id":217618,"n":"Velouté bio Jardin Bio Potiron patate douce 1L","p":3.89,"u":"3,89 €/L","img":"https://fd13-photos.leclercdrive.fr/image.ashx?id=2615077&use=l&cat=p&typeid=i","cat":284462},{"id":217622,"n":"Concassé de tomates bio Jardin Bio - 400g","p":1.54,"u":"3,85 €/KG","img":"https://fd13-photos.leclercdrive.fr/image.ashx?id=2615071&use=l&cat=p&typeid=i","cat":288384},{"id":217623,"n":"Complément alimentaire Biosens  Charbon actif bio","p":5.52,"u":"50,18 €/KG","img":"https://fd13-photos.leclercdrive.fr/image.ashx?id=2615074&use=l&cat=p&typeid=i","cat":313217},{"id":217696,"n":"Déodorant bille Dove Invisible Dry - 2x50ml","p":6.85,"u":"68,50 €/L","img":"https://fd13-photos.leclercdrive.fr/image.ashx?id=2838565&use=l&cat=p&typeid=i","cat":284595},{"id":217726,"n":"Ravioles de la Drôme NRT Saint-Marcellin - 240g","p":3.39,"u":"14,13 €/KG","img":"https://fd13-photos.leclercdrive.fr/image.ashx?id=2613951&use=l&cat=p&typeid=i","cat":333682},{"id":217912,"n":"Pistaches  Tramier Natura Grillées - 160g","p":3.99,"u":"24,94 €/KG","img":"https://fd13-photos.leclercdrive.fr/image.ashx?id=2948510&use=l&cat=p&typeid=i","cat":284448},{"id":217935,"n":"Désodorisant diffuseur Airwick  Active Fresh Coton - 75ml","p":3.62,"u":"48,27 €/L","img":"https://fd13-photos.leclercdrive.fr/image.ashx?id=2616186&use=l&cat=p&typeid=i","cat":311629},{"id":217936,"n":"Désodorisant diffuseur Airwick  Active Fresh Magnolia - 75ml","p":3.64,"u":"48,53 €/L","img":"https://fd13-photos.leclercdrive.fr/image.ashx?id=2616435&use=l&cat=p&typeid=i","cat":311629},{"id":217945,"n":"Lessive capsule Ariel 3-en-1 Original - 389.5g - x19","p":9.28,"u":"23,79 €/KG","img":"https://fd13-photos.leclercdrive.fr/image.ashx?id=2675238&use=l&cat=p&typeid=i","cat":284641},{"id":217965,"n":"Brossettes Oral-B Pro Cross Action - x2","p":13.12,"u":"6,56 €/P","img":"https://fd13-photos.leclercdrive.fr/image.ashx?id=2741557&use=l&cat=p&typeid=i","cat":297133},{"id":218000,"n":"Dentifrice Signal Système Blancheur 1 semaine - 75ml","p":1.79,"u":"23,87 €/L","img":"https://fd13-photos.leclercdrive.fr/image.ashx?id=2777516&use=l&cat=p&typeid=i","cat":284612},{"id":218050,"n":"Crème glacée L'Angélys Pistache - 450g","p":5.78,"u":"12,84 €/KG","img":"https://fd13-photos.leclercdrive.fr/image.ashx?id=2963589&use=l&cat=p&typeid=i","cat":284263},{"id":218052,"n":"Crème glacée L'Angélys Pâte à tartiner - 450g","p":5.6,"u":"12,44 €/KG","img":"https://fd13-photos.leclercdrive.fr/image.ashx?id=2867146&use=l&cat=p&typeid=i","cat":284263},{"id":218212,"n":"Gummies Appetit' Control Vitea 90g","p":7.59,"u":"84,33 €/KG","img":"https://fd13-photos.leclercdrive.fr/image.ashx?id=2744896&use=l&cat=p&typeid=i","cat":313217},{"id":218254,"n":"Couches Pampers  Baby Dry x28 17kg+","p":15.87,"u":"0,57 €/P","img":"https://fd13-photos.leclercdrive.fr/image.ashx?id=2655538&use=l&cat=p&typeid=i","cat":284737},{"id":218305,"n":"Saucisses de Montbéliard IGP NRT - 500g","p":5.99,"u":"11,98 €/KG","img":"https://fd13-photos.leclercdrive.fr/image.ashx?id=2991509&use=l&cat=p&typeid=i","cat":316012},{"id":218319,"n":"Foie gras de canard Lartigue  Au poivre noir - 300g","p":23.1,"u":"77,00 €/KG","img":"https://fd13-photos.leclercdrive.fr/image.ashx?id=2618056&use=l&cat=p&typeid=i","cat":316008},{"id":218333,"n":"Yakitori poulet Ajinomoto Sauce Teriaki - 200g","p":4.12,"u":"20,60 €/KG","img":"https://fd13-photos.leclercdrive.fr/image.ashx?id=2692596&use=l&cat=p&typeid=i","cat":319774},{"id":218336,"n":"Bûche glacée Erhard Marron vanille - 420g","p":9.97,"pp":6.98,"u":"16,62 €/KG","img":"https://fd13-photos.leclercdrive.fr/image.ashx?id=2631135&use=l&cat=p&typeid=i","cat":284266},{"id":218423,"n":"Burrata di Bufala Les Croisés - 125g","p":2.91,"u":"23,28 €/KG","img":"https://fd13-photos.leclercdrive.fr/image.ashx?id=3009529&use=l&cat=p&typeid=i","cat":314026},{"id":218432,"n":"Bûche glacée Erhard Chocolat noix de coco - 500g","p":11.9,"u":"23,80 €/KG","img":"https://fd13-photos.leclercdrive.fr/image.ashx?id=2619097&use=l&cat=p&typeid=i","cat":284266},{"id":218475,"n":"Compote Fruit Intense Materne Pomme cerise noire - 400g","p":1.97,"u":"4,93 €/KG","img":"https://fd13-photos.leclercdrive.fr/image.ashx?id=3003116&use=l&cat=p&typeid=i","cat":284416},{"id":218582,"n":"Biscuits Tentation Delacre Chocolat Boîte - 150g","p":2.49,"u":"16,60 €/KG","img":"https://fd13-photos.leclercdrive.fr/image.ashx?id=2673142&use=l&cat=p&typeid=i","cat":284490},{"id":218583,"n":"Gélatine alimentaire 12 feuilles - Sainte Lucie  10g","p":2.75,"u":"275,00 €/KG","img":"https://fd13-photos.leclercdrive.fr/image.ashx?id=2620128&use=l&cat=p&typeid=i","cat":284504},{"id":218800,"n":"Croquettes chat Perfect Fit  Stérilisé Anti Hairball - 1,4kg","p":7.35,"u":"5,25 €/KG","img":"https://fd13-photos.leclercdrive.fr/image.ashx?id=2622756&use=l&cat=p&typeid=i","cat":284680},{"id":218804,"n":"Croquettes chat Perfect Fit Boeuf Stérilisés Adulte 1.4kg","p":5.75,"u":"4,11 €/KG","img":"https://fd13-photos.leclercdrive.fr/image.ashx?id=2622792&use=l&cat=p&typeid=i","cat":284680},{"id":218807,"n":"Croquettes chat Perfect Fit Poulet stérilisés - 1.4kg","p":6.79,"u":"4,85 €/KG","img":"https://fd13-photos.leclercdrive.fr/image.ashx?id=2622795&use=l&cat=p&typeid=i","cat":284680},{"id":219068,"n":"Thym Ducros 35g","p":1.55,"u":"44,29 €/KG","img":"https://fd13-photos.leclercdrive.fr/image.ashx?id=2624589&use=l&cat=p&typeid=i","cat":298297},{"id":219070,"n":"Poivre saveur & épices 40g","p":2.03,"u":"50,75 €/KG","img":"https://fd13-photos.leclercdrive.fr/image.ashx?id=2624592&use=l&cat=p&typeid=i","cat":284457},{"id":219285,"n":"Coffret cocktail Tails  Passion fruit -14,9°  50cl","p":14.78,"u":"29,56 €/L","img":"https://fd13-photos.leclercdrive.fr/image.ashx?id=2629641&use=l&cat=p&typeid=i","cat":284551},{"id":219299,"n":"AOC Crémant d'Alsace Brut Le Millésime Wolfberger - 75cl","p":10.47,"u":"13,96 €/L","img":"https://fd13-photos.leclercdrive.fr/image.ashx?id=2628716&use=l&cat=p&typeid=i","cat":284545},{"id":219602,"n":"Petits pains grillés Pasquier Froment - 225g","p":1.43,"u":"6,36 €/KG","img":"https://fd13-photos.leclercdrive.fr/image.ashx?id=2834455&use=l&cat=p&typeid=i","cat":284479},{"id":219921,"n":"Saumon fumé Ronde des Mers Islande 4 tranches - 140g","p":4.99,"u":"35,64 €/KG","img":"https://fd13-photos.leclercdrive.fr/image.ashx?id=2833138&use=l&cat=p&typeid=i","cat":285188},{"id":220132,"n":"Dosettes café Senseo Espresso Classique x32","p":5.78,"u":"26,27 €/KG","img":"https://fd13-photos.leclercdrive.fr/image.ashx?id=2788061&use=l&cat=p&typeid=i","cat":293238},{"id":220213,"n":"Raisin rosé sans pépins Panier du Primeur - 500g","p":2.99,"u":"5,98 €/KG","img":"https://fd13-photos.leclercdrive.fr/image.ashx?id=2858144&use=l&cat=p&typeid=i","cat":284356},{"id":220280,"n":"Raisin blanc sans pépins Panier du Primeur - 500g","p":2.99,"u":"5,98 €/KG","img":"https://fd13-photos.leclercdrive.fr/image.ashx?id=2858132&use=l&cat=p&typeid=i","cat":284356},{"id":220353,"n":"Foie gras de canard entier  Larnaudie Selection - 160g","p":16.19,"u":"101,19 €/KG","img":"https://fd13-photos.leclercdrive.fr/image.ashx?id=2633929&use=l&cat=p&typeid=i","cat":305148},{"id":220530,"n":"Raisin noir sans pépin Panier du Primeur - 500g","p":2.99,"u":"5,98 €/KG","img":"https://fd13-photos.leclercdrive.fr/image.ashx?id=2858138&use=l&cat=p&typeid=i","cat":284356},{"id":220547,"n":"Raisin blanc sans pépins Panier du Primeur - 500g","p":2.99,"u":"5,98 €/KG","img":"https://fd13-photos.leclercdrive.fr/image.ashx?id=2858132&use=l&cat=p&typeid=i","cat":284356},{"id":220742,"n":"Savon Le Petit Marseillais  Recharge antibacterien - 250ml","p":1.43,"u":"5,72 €/L","img":"https://fd13-photos.leclercdrive.fr/image.ashx?id=2684230&use=l&cat=p&typeid=i","cat":284597},{"id":220783,"n":"Coloration Permanente Olia 6.0 Chatain Très Clair","p":9.0,"img":"https://fd13-photos.leclercdrive.fr/image.ashx?id=2635958&use=l&cat=p&typeid=i","cat":288899},{"id":220786,"n":"Papier toilette humide Lotus Confort - x38","p":1.69,"u":"0,04 €/P","img":"https://fd13-photos.leclercdrive.fr/image.ashx?id=2864843&use=l&cat=p&typeid=i","cat":284634},{"id":220788,"n":"Recharge crème lavante mains Le Petit Marseillais Lait 250ml","p":0.82,"u":"3,28 €/L","img":"https://fd13-photos.leclercdrive.fr/image.ashx?id=2735242&use=l&cat=p&typeid=i","cat":284597},{"id":220789,"n":"Coloration Permanente Olia 5.15 Chocolat Glacé","p":8.32,"img":"https://fd13-photos.leclercdrive.fr/image.ashx?id=2635961&use=l&cat=p&typeid=i","cat":288899},{"id":220791,"n":"Après-shampooing Garnier Cheveu coloré ou méché - 250ml","p":2.44,"u":"9,76 €/L","img":"https://fd13-photos.leclercdrive.fr/image.ashx?id=2828049&use=l&cat=p&typeid=i","cat":284607},{"id":220797,"n":"Rasoirs rechargeables Bic Hybrid Flex 3 - Hommes - x4","p":6.11,"u":"1,53 €/P","img":"https://fd13-photos.leclercdrive.fr/image.ashx?id=2636066&use=l&cat=p&typeid=i","cat":284616},{"id":220799,"n":"Rasoirs rechargeables Bic Hybrid Flex 5 - Hommes - x4","p":6.7,"u":"1,68 €/P","img":"https://fd13-photos.leclercdrive.fr/image.ashx?id=2636069&use=l&cat=p&typeid=i","cat":284616},{"id":220804,"n":"Rasoirs rechargeables Homme Bic Hybrid Flex 3 - x1+4 recharges","p":5.87,"u":"1,17 €/P","img":"https://fd13-photos.leclercdrive.fr/image.ashx?id=2636075&use=l&cat=p&typeid=i","cat":284616},{"id":220813,"n":"Rasoirs rechargeables Homme Bic Hybrid 5 Flex - 1+ x4recharges","p":9.5,"u":"2,38 €/P","img":"https://fd13-photos.leclercdrive.fr/image.ashx?id=3004822&use=l&cat=p&typeid=i","cat":284616},{"id":220821,"n":"Crème lavante mains Le Petit Marseillais - Amande - 250ml","p":0.85,"u":"3,40 €/L","img":"https://fd13-photos.leclercdrive.fr/image.ashx?id=2684209&use=l&cat=p&typeid=i","cat":284597},{"id":220822,"n":"Gel lavant mains Le Petit Marseillais Antibactérien 300ml","p":1.88,"u":"6,27 €/L","img":"https://fd13-photos.leclercdrive.fr/image.ashx?id=2684557&use=l&cat=p&typeid=i","cat":284597},{"id":220823,"n":"Gel lavant mains Le Petit Marseillais - Lavande - 300ml","p":1.64,"u":"5,47 €/L","img":"https://fd13-photos.leclercdrive.fr/image.ashx?id=2684221&use=l&cat=p&typeid=i","cat":284597},{"id":220824,"n":"Crème lavante mains Le Petit Marseillais - Lait - 300ml","p":1.82,"u":"6,07 €/L","img":"https://fd13-photos.leclercdrive.fr/image.ashx?id=2684224&use=l&cat=p&typeid=i","cat":284597},{"id":220861,"n":"Viande hâchée Tendre et plus Hach'ment Bon - 15%mg - 500g","p":7.9,"u":"15,80 €/KG","img":"https://fd13-photos.leclercdrive.fr/image.ashx?id=2638205&use=l&cat=p&typeid=i","cat":284332},{"id":221174,"n":"Tablette de chocolat L'Atelier Blanc noisettes - 150g","p":3.55,"u":"23,67 €/KG","img":"https://fd13-photos.leclercdrive.fr/image.ashx?id=2807915&use=l&cat=p&typeid=i","cat":284957},{"id":221208,"n":"Disques à démaquiller x120","p":0.39,"img":"https://fd13-photos.leclercdrive.fr/image.ashx?id=2640119&use=l&cat=p&typeid=i","cat":285593},{"id":221217,"n":"Maxi croustis Cheesy Bonduelle Potiron lentille emmental -240g","p":2.73,"u":"11,38 €/KG","img":"https://fd13-photos.leclercdrive.fr/image.ashx?id=2979650&use=l&cat=p&typeid=i","cat":319822},{"id":221221,"n":"Mini croustis Frenchy Bonduelle Epinards courgette chèvre -240g","p":3.39,"img":"https://fd13-photos.leclercdrive.fr/image.ashx?id=2979656&use=l&cat=p&typeid=i","cat":319822},{"id":221272,"n":"Triangolo Fromage enfants vache Les Croisés 32 portions - 533g","p":3.5,"u":"6,57 €/KG","img":"https://fd13-photos.leclercdrive.fr/image.ashx?id=2791893&use=l&cat=p&typeid=i","cat":314030},{"id":221340,"n":"AOP Feta affinée En fût - 150g","p":2.9,"u":"19,33 €/KG","img":"https://fd13-photos.leclercdrive.fr/image.ashx?id=2856359&use=l&cat=p&typeid=i","cat":314026},{"id":221493,"n":"Stevia en comprimés Eco+ x650 - 42,25g","p":1.52,"u":"36,19 €/KG","img":"https://fd13-photos.leclercdrive.fr/image.ashx?id=2641789&use=l&cat=p&typeid=i","cat":284502},{"id":221507,"n":"Infusion nuit tranquille  Elephant - x20 - 30g","p":1.55,"u":"51,67 €/KG","img":"https://fd13-photos.leclercdrive.fr/image.ashx?id=2655647&use=l&cat=p&typeid=i","cat":293234},{"id":221882,"n":"Dentifrice Oral-B Pro Repair Original - 2x75ml","p":6.85,"u":"45,67 €/L","img":"https://fd13-photos.leclercdrive.fr/image.ashx?id=2745367&use=l&cat=p&typeid=i","cat":284612},{"id":221883,"n":"Dentifrice Oral-B Calm Sensibilité et gencives 2x75ml","p":6.85,"u":"45,67 €/L","img":"https://fd13-photos.leclercdrive.fr/image.ashx?id=2831125&use=l&cat=p&typeid=i","cat":284612},{"id":221933,"n":"Dentifrice Oral-B 3D White Advanced Luxe blancheur 2x75ml","p":6.89,"u":"45,93 €/L","img":"https://fd13-photos.leclercdrive.fr/image.ashx?id=2795914&use=l&cat=p&typeid=i","cat":284612},{"id":222027,"n":"Sérum physiologique Prorhinel 2x15cl","p":6.2,"u":"20,67 €/L","img":"https://fd13-photos.leclercdrive.fr/image.ashx?id=2826834&use=l&cat=p&typeid=i","cat":284741},{"id":222028,"n":"Dentifrice Oral-B Pro Science Nettoyage intense 2x75ml","p":6.9,"u":"46,00 €/L","img":"https://fd13-photos.leclercdrive.fr/image.ashx?id=2745361&use=l&cat=p&typeid=i","cat":284612},{"id":222052,"n":"Fruit de la passion 1p","p":0.99,"img":"https://fd13-photos.leclercdrive.fr/image.ashx?id=1633904&use=l&cat=p&typeid=i","cat":284356},{"id":222064,"n":"Grenade 1p","p":2.49,"img":"https://fd13-photos.leclercdrive.fr/image.ashx?id=1633898&use=l&cat=p&typeid=i","cat":284356},{"id":222082,"n":"Shampoing nutrition Ultra Doux Argan et Camélia - 600ml","p":5.06,"u":"8,43 €/L","img":"https://fd13-photos.leclercdrive.fr/image.ashx?id=2648781&use=l&cat=p&typeid=i","cat":284606},{"id":222083,"n":"Shampoing illuminant Ultra Doux Camomille Miel - 600ml","p":3.69,"u":"6,15 €/L","img":"https://fd13-photos.leclercdrive.fr/image.ashx?id=2926602&use=l&cat=p&typeid=i","cat":284606},{"id":222087,"n":"Shampoing Enfants Ultra Doux Abricot - 600ml","p":3.69,"u":"6,15 €/L","img":"https://fd13-photos.leclercdrive.fr/image.ashx?id=2851096&use=l&cat=p&typeid=i","cat":284606},{"id":222089,"n":"Shampoing nutrition Ultra Doux Avocat et Karité - 600ml","p":3.69,"u":"6,15 €/L","img":"https://fd13-photos.leclercdrive.fr/image.ashx?id=2944852&use=l&cat=p&typeid=i","cat":284606},{"id":222109,"n":"Avocat  1p","p":1.1,"img":"https://fd13-photos.leclercdrive.fr/image.ashx?id=1633637&use=l&cat=p&typeid=i","cat":284352},{"id":222473,"n":"Thé blanc bio Joyce Fraise menthe - 30g","p":2.86,"u":"95,33 €/KG","img":"https://fd13-photos.leclercdrive.fr/image.ashx?id=2924140&use=l&cat=p&typeid=i","cat":293233},{"id":222474,"n":"Thé blanc Bio Joyce  Saveur tarte au citron - 30g","p":2.86,"u":"95,33 €/KG","img":"https://fd13-photos.leclercdrive.fr/image.ashx?id=2651624&use=l&cat=p&typeid=i","cat":293233},{"id":222475,"n":"Thé noir Joyce Bio Earl grey fleuri - 30g","p":2.86,"u":"95,33 €/KG","img":"https://fd13-photos.leclercdrive.fr/image.ashx?id=2651627&use=l&cat=p&typeid=i","cat":293233},{"id":222478,"n":"Pop corn Vico Micro-ondable poivre&sel 240g","p":1.97,"u":"8,21 €/KG","img":"https://fd13-photos.leclercdrive.fr/image.ashx?id=2651582&use=l&cat=p&typeid=i","cat":304249},{"id":222479,"n":"Pop corn sucre de canne Vico Micro-ondable 240g","p":2.01,"u":"8,38 €/KG","img":"https://fd13-photos.leclercdrive.fr/image.ashx?id=2651585&use=l&cat=p&typeid=i","cat":304249},{"id":222480,"n":"Pop corn Vico Salé - 240g","p":1.85,"u":"7,71 €/KG","img":"https://fd13-photos.leclercdrive.fr/image.ashx?id=2815049&use=l&cat=p&typeid=i","cat":304249},{"id":222486,"n":"Thé noir bio Joyce Pain d'épices - 30g","p":2.86,"u":"95,33 €/KG","img":"https://fd13-photos.leclercdrive.fr/image.ashx?id=2896651&use=l&cat=p&typeid=i","cat":293233},{"id":222487,"n":"Punch planteur Eco+ 70cl","p":3.97,"u":"5,67 €/L","img":"https://fd13-photos.leclercdrive.fr/image.ashx?id=2675750&use=l&cat=p&typeid=i","cat":284551},{"id":222516,"n":"Frites de poulet Maître Coq 800g","p":5.95,"u":"7,44 €/KG","img":"https://fd13-photos.leclercdrive.fr/image.ashx?id=2853931&use=l&cat=p&typeid=i","cat":333684},{"id":222518,"n":"Cubes de poulet Maître Coq Jaune - 450g","p":6.23,"u":"13,84 €/KG","img":"https://fd13-photos.leclercdrive.fr/image.ashx?id=2651936&use=l&cat=p&typeid=i","cat":284336},{"id":222519,"n":"Cubes de poulet Maître Coq Blanc - 450g","p":6.12,"u":"13,60 €/KG","img":"https://fd13-photos.leclercdrive.fr/image.ashx?id=2651939&use=l&cat=p&typeid=i","cat":284336},{"id":222584,"n":"Pâte à tartiner Nutella 220g","p":2.42,"u":"11,00 €/KG","img":"https://fd13-photos.leclercdrive.fr/image.ashx?id=2755216&use=l&cat=p&typeid=i","cat":284481},{"id":222593,"n":"Dentifrice Aquafresh Naturals Blancheur Charbon - 2x75ml","p":3.26,"u":"21,73 €/L","img":"https://fd13-photos.leclercdrive.fr/image.ashx?id=2889289&use=l&cat=p&typeid=i","cat":284612},{"id":222594,"n":"Pur jus de raisin Jafaden  90cl","p":2.21,"u":"2,46 €/L","img":"https://fd13-photos.leclercdrive.fr/image.ashx?id=2723183&use=l&cat=p&typeid=i","cat":285435},{"id":222595,"n":"Pur jus d'ananas passion  Jafaden - 90cl","p":2.29,"u":"2,54 €/L","img":"https://fd13-photos.leclercdrive.fr/image.ashx?id=2723189&use=l&cat=p&typeid=i","cat":285435},{"id":222596,"n":"Pur jus de pomme mangue Jafaden - 90cl","p":2.49,"u":"2,77 €/L","img":"https://fd13-photos.leclercdrive.fr/image.ashx?id=2723192&use=l&cat=p&typeid=i","cat":285435},{"id":222598,"n":"Pur jus de pomme framboise Jafaden - 90cl","p":2.43,"u":"2,70 €/L","img":"https://fd13-photos.leclercdrive.fr/image.ashx?id=2723195&use=l&cat=p&typeid=i","cat":285435},{"id":222599,"n":"Sérum correcteur L'Oréal Paris  Age Perfect - 30ml","p":11.97,"pp":7.9,"u":"263,33 €/L","img":"https://fd13-photos.leclercdrive.fr/image.ashx?id=2664491&use=l&cat=p&typeid=i","cat":325345},{"id":222604,"n":"Lait Amande Cuisine Bio Bjorg 3x20cl","p":3.46,"u":"5,77 €/L","img":"https://fd13-photos.leclercdrive.fr/image.ashx?id=2653528&use=l&cat=p&typeid=i","cat":294991},{"id":222608,"n":"Jambon cru Serrano Aoste  6 tranches + 3 offertes - 150g","p":5.03,"u":"33,53 €/KG","img":"https://fd13-photos.leclercdrive.fr/image.ashx?id=2653669&use=l&cat=p&typeid=i","cat":316007},{"id":222653,"n":"Sauce de poisson Mei Asia 125ml","p":1.07,"u":"8,56 €/L","img":"https://fd13-photos.leclercdrive.fr/image.ashx?id=2653831&use=l&cat=p&typeid=i","cat":288992},{"id":222740,"n":"Pommes bicolores Eco+ x4","p":0.99,"u":"0,25 €/P","img":"https://fd13-photos.leclercdrive.fr/image.ashx?id=2928210&use=l&cat=p&typeid=i","cat":284356},{"id":222742,"n":"Swiffer wetjet Kit Lavable Système anti-poussière - x1","p":30.48,"pp":18.29,"img":"https://fd13-photos.leclercdrive.fr/image.ashx?id=2927708&use=l&cat=p&typeid=i","cat":325364},{"id":222779,"n":"Eau de javel La Croix Traditionnelle - 1.5L","p":1.49,"u":"0,99 €/L","img":"https://fd13-photos.leclercdrive.fr/image.ashx?id=2667556&use=l&cat=p&typeid=i","cat":284661},{"id":222782,"n":"Adoucissant Soupline Lingettes Voile Sèche-linge Grand air-x20","p":2.83,"u":"0,14 €/P","img":"https://fd13-photos.leclercdrive.fr/image.ashx?id=2654435&use=l&cat=p&typeid=i","cat":325302},{"id":222820,"n":"Bonbons Haribo Pocket Assortiment mini sachets - 340g","p":2.39,"u":"7,03 €/KG","img":"https://fd13-photos.leclercdrive.fr/image.ashx?id=2654653&use=l&cat=p&typeid=i","cat":304250},{"id":222844,"n":"Gel douche Le Petit Marseillais Fleur de tiaré - 650ml","p":3.17,"u":"4,88 €/L","img":"https://fd13-photos.leclercdrive.fr/image.ashx?id=2656060&use=l&cat=p&typeid=i","cat":284594},{"id":222846,"n":"Gel douche Le Petit Marseillais Cerise & jasmin - 250ml","p":1.77,"u":"7,08 €/L","img":"https://fd13-photos.leclercdrive.fr/image.ashx?id=2685198&use=l&cat=p&typeid=i","cat":284594},{"id":222849,"n":"Mélange gourmand Notre Jardin 320g","p":1.58,"u":"4,94 €/KG","img":"https://fd13-photos.leclercdrive.fr/image.ashx?id=2720190&use=l&cat=p&typeid=i","cat":284353},{"id":222854,"n":"Lingette lavable Swiffer Wetj Wetjet - Microfibre - x1","p":8.65,"pp":5.19,"img":"https://fd13-photos.leclercdrive.fr/image.ashx?id=2656240&use=l&cat=p&typeid=i","cat":325364},{"id":222898,"n":"Dentifrice Sensodyne Anti-Tâches - 75ml","p":5.82,"u":"77,60 €/L","img":"https://fd13-photos.leclercdrive.fr/image.ashx?id=2997775&use=l&cat=p&typeid=i","cat":284612},{"id":222958,"n":"Sérum bio So'Bio Etic Anti-âge global - Argan - 30ml","p":18.51,"u":"617,00 €/L","img":"https://fd13-photos.leclercdrive.fr/image.ashx?id=2977480&use=l&cat=p&typeid=i","cat":325345},{"id":222959,"n":"Soin jour bio So'Bio Etic Anti-tâches - Lys - 50ml","p":14.84,"u":"296,80 €/L","img":"https://fd13-photos.leclercdrive.fr/image.ashx?id=3000207&use=l&cat=p&typeid=i","cat":325345},{"id":222960,"n":"Soin nuit bio So'Bio Etic Peeling - Anti-tâche - Lys 50ml","p":18.51,"u":"370,20 €/L","img":"https://fd13-photos.leclercdrive.fr/image.ashx?id=2997019&use=l&cat=p&typeid=i","cat":325345},{"id":222961,"n":"Soin regard So'Bio Etic Lift Grenade bio - 15ml","p":13.24,"u":"882,67 €/L","img":"https://fd13-photos.leclercdrive.fr/image.ashx?id=2787113&use=l&cat=p&typeid=i","cat":325345},{"id":222964,"n":"Colin d'Alaska MSC Pêche Océan Façon Fish & Chips - 400g","p":2.69,"u":"6,73 €/KG","img":"https://fd13-photos.leclercdrive.fr/image.ashx?id=2856211&use=l&cat=p&typeid=i","cat":319788},{"id":222995,"n":"Nouilles Banzai Noodle Curry cup - 67g","p":1.25,"u":"18,66 €/KG","img":"https://fd13-photos.leclercdrive.fr/image.ashx?id=2730007&use=l&cat=p&typeid=i","cat":288992},{"id":223019,"n":"Shampooing Herbal Essences Argan - 250ml","p":3.48,"u":"13,92 €/L","img":"https://fd13-photos.leclercdrive.fr/image.ashx?id=2684629&use=l&cat=p&typeid=i","cat":284606},{"id":223108,"n":"Oeufs frais sol Eco+ x30","p":4.93,"u":"0,16 €/P","img":"https://fd13-photos.leclercdrive.fr/image.ashx?id=2708859&use=l&cat=p&typeid=i","cat":284378},{"id":223157,"n":"Vinaigre blanc 5L - 10°","p":3.57,"u":"0,71 €/L","img":"https://fd13-photos.leclercdrive.fr/image.ashx?id=2659792&use=l&cat=p&typeid=i","cat":298543},{"id":223171,"n":"Dentifrice Oral B Pro Repair Gencives et émail - 2x75ml","p":6.85,"u":"45,67 €/L","img":"https://fd13-photos.leclercdrive.fr/image.ashx?id=2661835&use=l&cat=p&typeid=i","cat":284612},{"id":223173,"n":"Dentifrice Oral B Calm Sensibilité et gencives  2x75ml","p":9.79,"u":"65,27 €/L","img":"https://fd13-photos.leclercdrive.fr/image.ashx?id=2661832&use=l&cat=p&typeid=i","cat":284612},{"id":223295,"n":"Brioche La Fournée Dorée Tressée et tranchée - 500g","p":2.69,"u":"5,38 €/KG","img":"https://fd13-photos.leclercdrive.fr/image.ashx?id=2661079&use=l&cat=p&typeid=i","cat":284478},{"id":223394,"n":"Boisson aux fruits Jafun Tropical - 4x20cl","p":1.49,"u":"1,86 €/L","img":"https://fd13-photos.leclercdrive.fr/image.ashx?id=2992576&use=l&cat=p&typeid=i","cat":295018},{"id":223423,"n":"Donuts Curly Cacahuète - 190g","p":2.19,"u":"11,53 €/KG","img":"https://fd13-photos.leclercdrive.fr/image.ashx?id=2662370&use=l&cat=p&typeid=i","cat":284449},{"id":223437,"n":"Gratte-éponge Spontex Secret d'antan - x4","p":3.49,"u":"0,87 €/P","img":"https://fd13-photos.leclercdrive.fr/image.ashx?id=2673214&use=l&cat=p&typeid=i","cat":284667},{"id":223445,"n":"Shampoing fortifiant Fructis Force et Brillance - 300ml","p":2.77,"u":"9,23 €/L","img":"https://fd13-photos.leclercdrive.fr/image.ashx?id=2669271&use=l&cat=p&typeid=i","cat":284606},{"id":223498,"n":"Ketchup Rustica 900g","p":1.79,"u":"1,99 €/KG","img":"https://fd13-photos.leclercdrive.fr/image.ashx?id=2954394&use=l&cat=p&typeid=i","cat":284455},{"id":223499,"n":"Ketchup Rustica 390g","p":1.09,"u":"2,79 €/KG","img":"https://fd13-photos.leclercdrive.fr/image.ashx?id=2954391&use=l&cat=p&typeid=i","cat":284455},{"id":223500,"n":"Mais croquant Notre Jardin 2x285g","p":1.7,"u":"2,98 €/KG","img":"https://fd13-photos.leclercdrive.fr/image.ashx?id=3005694&use=l&cat=p&typeid=i","cat":312611},{"id":223521,"n":"Biscuit bio  Nocciolata bianca Fourré pâte à tartiner - 250g","p":3.38,"u":"13,52 €/KG","img":"https://fd13-photos.leclercdrive.fr/image.ashx?id=2664554&use=l&cat=p&typeid=i","cat":284487},{"id":223524,"n":"Cahier de textes Eco+ Renard - 100 pages - 17x22cm","p":0.97,"img":"https://fd13-photos.leclercdrive.fr/image.ashx?id=2664665&use=l&cat=p&typeid=i","cat":334133},{"id":223542,"n":"Bloc Energy WC Net Eau bleue / Marine fresh 40g","p":1.8,"u":"45,00 €/KG","img":"https://fd13-photos.leclercdrive.fr/image.ashx?id=2664464&use=l&cat=p&typeid=i","cat":284662},{"id":223558,"n":"Culottes fuites urinaires Always Discreet - Taille L x16","p":15.73,"u":"0,98 €/P","img":"https://fd13-photos.leclercdrive.fr/image.ashx?id=2680458&use=l&cat=p&typeid=i","cat":284628},{"id":223572,"n":"Serviettes fuites urinaires Always Discreet - Normal x24","p":8.25,"u":"0,34 €/P","img":"https://fd13-photos.leclercdrive.fr/image.ashx?id=2680467&use=l&cat=p&typeid=i","cat":284628},{"id":223574,"n":"Serviettes fuites urinaires Always Discreet - Nuit - x12","p":8.46,"u":"0,71 €/P","img":"https://fd13-photos.leclercdrive.fr/image.ashx?id=2685459&use=l&cat=p&typeid=i","cat":284628},{"id":223575,"n":"Serviettes fuites urinaires Always Discreet - x12","p":8.39,"u":"0,70 €/P","img":"https://fd13-photos.leclercdrive.fr/image.ashx?id=2845650&use=l&cat=p&typeid=i","cat":284628},{"id":223577,"n":"Serviettes fuites urinaires Always Discreet - Nuit - x6","p":4.38,"u":"0,73 €/P","img":"https://fd13-photos.leclercdrive.fr/image.ashx?id=3005383&use=l&cat=p&typeid=i","cat":284628},{"id":223579,"n":"Serviettes fuites urinaires Always Discreet - Long+ - x8","p":4.36,"u":"0,55 €/P","img":"https://fd13-photos.leclercdrive.fr/image.ashx?id=3005386&use=l&cat=p&typeid=i","cat":284628},{"id":223581,"n":"Serviettes fuites urinaires Always Discreet - Long+ - x16","p":8.22,"u":"0,51 €/P","img":"https://fd13-photos.leclercdrive.fr/image.ashx?id=2685471&use=l&cat=p&typeid=i","cat":284628},{"id":223583,"n":"Serviettes fuites urinaires Always Discreet - Normal - x12","p":2.9,"u":"0,24 €/P","img":"https://fd13-photos.leclercdrive.fr/image.ashx?id=2665517&use=l&cat=p&typeid=i","cat":284628},{"id":223586,"n":"Serviettes fuites urinaires Always Discreet - Taille S x20","p":4.32,"u":"0,22 €/P","img":"https://fd13-photos.leclercdrive.fr/image.ashx?id=3009221&use=l&cat=p&typeid=i","cat":284628},{"id":223587,"n":"Serviettes fuites urinaires Always Discreet - Long - x10","p":2.87,"u":"0,29 €/P","img":"https://fd13-photos.leclercdrive.fr/image.ashx?id=2685474&use=l&cat=p&typeid=i","cat":284628},{"id":223588,"n":"Serviettes fuites urinaires Always Discreet - Nuit - x16","p":9.34,"u":"0,58 €/P","img":"https://fd13-photos.leclercdrive.fr/image.ashx?id=2680479&use=l&cat=p&typeid=i","cat":284628},{"id":223589,"n":"Serviettes fuites urinaires Always Discreet - x8","p":5.74,"u":"0,72 €/P","img":"https://fd13-photos.leclercdrive.fr/image.ashx?id=2953995&use=l&cat=p&typeid=i","cat":284628},{"id":223611,"n":"Désodorisant Febreze Petit coin Fleur naissante - 7.5ml","p":3.2,"u":"400,00 €/L","img":"https://fd13-photos.leclercdrive.fr/image.ashx?id=2955230&use=l&cat=p&typeid=i","cat":311628},{"id":223613,"n":"Désodorisant Febreze Petit coin Coton - 7.5ml","p":3.2,"u":"400,00 €/L","img":"https://fd13-photos.leclercdrive.fr/image.ashx?id=2955236&use=l&cat=p&typeid=i","cat":311628},{"id":223631,"n":"Huile précieuse Gliss Hair Repair - Schwarzkopf - 75ml","p":6.43,"u":"85,73 €/L","img":"https://fd13-photos.leclercdrive.fr/image.ashx?id=2665274&use=l&cat=p&typeid=i","cat":284608},{"id":223649,"n":"Shampooing Head & shoulder 2-en-1 - Classic - 300ml","p":4.66,"u":"15,53 €/L","img":"https://fd13-photos.leclercdrive.fr/image.ashx?id=2863003&use=l&cat=p&typeid=i","cat":284606},{"id":223703,"n":"Petits oeufs  novi 280g","p":8.39,"u":"29,96 €/KG","img":"https://fd13-photos.leclercdrive.fr/image.ashx?id=2666333&use=l&cat=p&typeid=i","cat":284499},{"id":223834,"n":"Shampooing Head & shoulders Apple fresh - 330ml","p":5.06,"u":"15,33 €/L","img":"https://fd13-photos.leclercdrive.fr/image.ashx?id=2668767&use=l&cat=p&typeid=i","cat":284606},{"id":223839,"n":"Shampooing Head & shoulders 1in1 - Anti-démangeaisons 330ml","p":5.57,"u":"16,88 €/L","img":"https://fd13-photos.leclercdrive.fr/image.ashx?id=2681329&use=l&cat=p&typeid=i","cat":284606},{"id":223841,"n":"Shampooing Head & shoulders Menthol fresh - 1in1 - 330ml","p":4.92,"u":"14,91 €/L","img":"https://fd13-photos.leclercdrive.fr/image.ashx?id=2668770&use=l&cat=p&typeid=i","cat":284606},{"id":223850,"n":"Déodorant Spray Femme Narta Anti-Trace Blanche 48h - 200ml","p":2.32,"u":"11,60 €/L","img":"https://fd13-photos.leclercdrive.fr/image.ashx?id=2678589&use=l&cat=p&typeid=i","cat":284595},{"id":223851,"n":"Déodorant Spray Homme 48h Narta Fraîcheur Classique - 200mL","p":2.34,"u":"11,70 €/L","img":"https://fd13-photos.leclercdrive.fr/image.ashx?id=2675511&use=l&cat=p&typeid=i","cat":284618},{"id":223853,"n":"Déodorant Spray Femme Narta Fraîcheur Cologne 48h - 200ml","p":2.32,"u":"11,60 €/L","img":"https://fd13-photos.leclercdrive.fr/image.ashx?id=2678592&use=l&cat=p&typeid=i","cat":284595},{"id":223873,"n":"Adoucissant Lenor Envolée d'air - 840ml - x40","p":4.14,"u":"4,93 €/L","img":"https://fd13-photos.leclercdrive.fr/image.ashx?id=2666396&use=l&cat=p&typeid=i","cat":284650},{"id":223874,"n":"Adoucissant Lenor Ambre et orchidée - 840ml - x40","p":4.69,"u":"5,58 €/L","img":"https://fd13-photos.leclercdrive.fr/image.ashx?id=2693270&use=l&cat=p&typeid=i","cat":284650},{"id":223885,"n":"Crème de douche Ushuaïa Coco - 300ml","p":2.23,"u":"7,43 €/L","img":"https://fd13-photos.leclercdrive.fr/image.ashx?id=2682303&use=l&cat=p&typeid=i","cat":284594},{"id":223893,"n":"Lingettes de nettoyage Swiffer Wet Jet - x12","p":7.19,"pp":4.31,"u":"0,36 €/P","img":"https://fd13-photos.leclercdrive.fr/image.ashx?id=2948525&use=l&cat=p&typeid=i","cat":325364},{"id":223904,"n":"Couches Pampers Harmonie Géant - T3 - 6-10kg - x42","p":16.35,"u":"0,39 €/P","img":"https://fd13-photos.leclercdrive.fr/image.ashx?id=2685447&use=l&cat=p&typeid=i","cat":284737},{"id":223913,"n":"Rasoir Gillette Venus Classic - +1 recharge","p":13.29,"img":"https://fd13-photos.leclercdrive.fr/image.ashx?id=2667187&use=l&cat=p&typeid=i","cat":325352},{"id":223922,"n":"Bonbon Fun for all Trolli  1kg","p":5.95,"u":"5,95 €/KG","img":"https://fd13-photos.leclercdrive.fr/image.ashx?id=2890352&use=l&cat=p&typeid=i","cat":304250},{"id":223923,"n":"Chocolat crousti Poulain  375g","p":1.67,"u":"4,45 €/KG","img":"https://fd13-photos.leclercdrive.fr/image.ashx?id=2815103&use=l&cat=p&typeid=i","cat":309513},{"id":223925,"n":"Riz Long grain Ben's original Vrac 10mn - 1kg","p":3.07,"u":"3,07 €/KG","img":"https://fd13-photos.leclercdrive.fr/image.ashx?id=2990961&use=l&cat=p&typeid=i","cat":284428},{"id":224082,"n":"Biscuits croquants Délichoc Chocolat au lait pocket - 250g","p":3.19,"u":"12,76 €/KG","img":"https://fd13-photos.leclercdrive.fr/image.ashx?id=2682192&use=l&cat=p&typeid=i","cat":284488},{"id":224232,"n":"Dentrifrice Sanogyl Soin global - 3x75ml","p":5.98,"u":"26,58 €/L","img":"https://fd13-photos.leclercdrive.fr/image.ashx?id=2669172&use=l&cat=p&typeid=i","cat":284612},{"id":224248,"n":"Eau micellaire So'Bio Etic Hydratante Bio 500ml","p":7.67,"u":"15,34 €/L","img":"https://fd13-photos.leclercdrive.fr/image.ashx?id=2669235&use=l&cat=p&typeid=i","cat":284603},{"id":224263,"n":"Monster Energy zéro sucres 50cl","p":1.61,"u":"3,22 €/L","img":"https://fd13-photos.leclercdrive.fr/image.ashx?id=2669358&use=l&cat=p&typeid=i","cat":284533},{"id":224355,"n":"Masque Nutrition Intense Elsève Cheveux très Secs - 310ml","p":6.17,"u":"19,90 €/L","img":"https://fd13-photos.leclercdrive.fr/image.ashx?id=2739312&use=l&cat=p&typeid=i","cat":284608},{"id":224359,"n":"Crème Visage Homme Nivea Men Anti-taches Power 2en1 - 50ml","p":13.4,"pp":8.84,"u":"176,80 €/L","img":"https://fd13-photos.leclercdrive.fr/image.ashx?id=3014617&use=l&cat=p&typeid=i","cat":284622},{"id":224360,"n":"Sérum Visage Homme Nivea Men Anti-taches Power 2en1 - 30ml","p":14.62,"pp":9.65,"u":"321,67 €/L","img":"https://fd13-photos.leclercdrive.fr/image.ashx?id=2944915&use=l&cat=p&typeid=i","cat":284622},{"id":224415,"n":"Déodorant femme Narta Cologne - 2x200ml","p":4.39,"u":"10,98 €/L","img":"https://fd13-photos.leclercdrive.fr/image.ashx?id=2679930&use=l&cat=p&typeid=i","cat":284595},{"id":224434,"n":"Yaourt à la grecque Délisse Vanille - 4x150g","p":2.39,"u":"3,98 €/KG","img":"https://fd13-photos.leclercdrive.fr/image.ashx?id=2885143&use=l&cat=p&typeid=i","cat":314999},{"id":224630,"n":"Déodorant bille femme Narta Peaux épilées - 2x50ml","p":4.39,"u":"43,90 €/L","img":"https://fd13-photos.leclercdrive.fr/image.ashx?id=2680248&use=l&cat=p&typeid=i","cat":284595},{"id":224632,"n":"Déodorant bille femme Narta Protection 5 - 2x50ml","p":4.39,"u":"43,90 €/L","img":"https://fd13-photos.leclercdrive.fr/image.ashx?id=2680251&use=l&cat=p&typeid=i","cat":284595},{"id":224634,"n":"Déodorant bille femme Narta Bio-efficacité - 2x50ml","p":4.89,"u":"48,90 €/L","img":"https://fd13-photos.leclercdrive.fr/image.ashx?id=2680254&use=l&cat=p&typeid=i","cat":284595},{"id":224638,"n":"Déodorant bille femme Narta Invisible - 2x50ml","p":4.39,"u":"43,90 €/L","img":"https://fd13-photos.leclercdrive.fr/image.ashx?id=2680257&use=l&cat=p&typeid=i","cat":284595},{"id":224670,"n":"Eau minérale naturelle Hépar 6x75cl","p":3.93,"u":"0,87 €/L","img":"https://fd13-photos.leclercdrive.fr/image.ashx?id=2673361&use=l&cat=p&typeid=i","cat":284535},{"id":224706,"n":"Gnocchi star à poêler Lustucru  300g","p":1.82,"u":"6,07 €/KG","img":"https://fd13-photos.leclercdrive.fr/image.ashx?id=2921630&use=l&cat=p&typeid=i","cat":333682},{"id":224780,"n":"Tronches de cake St-Michel 350g","p":3.16,"u":"9,03 €/KG","img":"https://fd13-photos.leclercdrive.fr/image.ashx?id=2953498&use=l&cat=p&typeid=i","cat":284495},{"id":224787,"n":"Liqueur Rivière du Mat Vanille Bourbon 17° - 70cl","p":13.45,"u":"19,21 €/L","img":"https://fd13-photos.leclercdrive.fr/image.ashx?id=2740001&use=l&cat=p&typeid=i","cat":286032},{"id":224805,"n":"Biscuits Kinder Kinderini Nature et cacao - 250g","p":2.96,"u":"11,84 €/KG","img":"https://fd13-photos.leclercdrive.fr/image.ashx?id=2708372&use=l&cat=p&typeid=i","cat":284488},{"id":224808,"n":"Riz Citron Ben's original  Express 2mn - 220g","p":1.15,"u":"5,23 €/KG","img":"https://fd13-photos.leclercdrive.fr/image.ashx?id=2906442&use=l&cat=p&typeid=i","cat":287600},{"id":224810,"n":"Riz Tomate Ben's original  Express 2mn - 220g","p":1.28,"u":"5,82 €/KG","img":"https://fd13-photos.leclercdrive.fr/image.ashx?id=2995295&use=l&cat=p&typeid=i","cat":287600},{"id":224818,"n":"Riz Basmati Ben's original  Express 2mn - 220g","p":1.23,"u":"5,59 €/KG","img":"https://fd13-photos.leclercdrive.fr/image.ashx?id=2995292&use=l&cat=p&typeid=i","cat":287600},{"id":224822,"n":"Muesli energie Bjorg Bio - 375g","p":3.89,"u":"10,37 €/KG","img":"https://fd13-photos.leclercdrive.fr/image.ashx?id=2906259&use=l&cat=p&typeid=i","cat":309512},{"id":224825,"n":"Croustillant Bjorg Bio Chocolat intense - 450g","p":4.45,"u":"9,89 €/KG","img":"https://fd13-photos.leclercdrive.fr/image.ashx?id=2939472&use=l&cat=p&typeid=i","cat":309512},{"id":224839,"n":"Riz a la Creole Ben's original  Express 2mn - 220g","p":1.76,"u":"8,00 €/KG","img":"https://fd13-photos.leclercdrive.fr/image.ashx?id=2886265&use=l&cat=p&typeid=i","cat":287600},{"id":224856,"n":"Jus innocent ananas fraise 900ml","p":2.89,"u":"3,21 €/L","img":"https://fd13-photos.leclercdrive.fr/image.ashx?id=2879122&use=l&cat=p&typeid=i","cat":285435},{"id":224872,"n":"Riz Complet Ben's original  Express 2mn - 220g","p":1.64,"u":"7,45 €/KG","img":"https://fd13-photos.leclercdrive.fr/image.ashx?id=2886969&use=l&cat=p&typeid=i","cat":287600},{"id":224873,"n":"Riz Paella Ben's original Express 2mn - 220g","p":1.6,"u":"7,27 €/KG","img":"https://fd13-photos.leclercdrive.fr/image.ashx?id=2995310&use=l&cat=p&typeid=i","cat":287600},{"id":224874,"n":"Riz Champignons Ben's original Express 2mn - 220g","p":1.25,"u":"5,68 €/KG","img":"https://fd13-photos.leclercdrive.fr/image.ashx?id=2995307&use=l&cat=p&typeid=i","cat":287600},{"id":224877,"n":"Riz Cantonais Ben's original  Express 2mn - 220g","p":1.48,"u":"6,73 €/KG","img":"https://fd13-photos.leclercdrive.fr/image.ashx?id=2995304&use=l&cat=p&typeid=i","cat":287600},{"id":224879,"n":"Riz Curry Ben's original Express 2mn - 220g","p":1.51,"u":"6,86 €/KG","img":"https://fd13-photos.leclercdrive.fr/image.ashx?id=2906433&use=l&cat=p&typeid=i","cat":287600},{"id":224880,"n":"Riz aux Légumes Ben's original Express 2mn - 220g","p":1.55,"u":"7,05 €/KG","img":"https://fd13-photos.leclercdrive.fr/image.ashx?id=2906430&use=l&cat=p&typeid=i","cat":287600},{"id":224882,"n":"Riz Long grain Ben's original  Sachet cuisson 10mn - 1kg","p":3.23,"u":"3,23 €/KG","img":"https://fd13-photos.leclercdrive.fr/image.ashx?id=2957272&use=l&cat=p&typeid=i","cat":284428},{"id":224888,"n":"Riz Long grain Ben's original Vrac 20mn - 1kg","p":3.53,"u":"3,53 €/KG","img":"https://fd13-photos.leclercdrive.fr/image.ashx?id=2886301&use=l&cat=p&typeid=i","cat":284428},{"id":224924,"n":"Tomates cerises gustatives Panier du Primeur - 300g","p":2.99,"u":"9,97 €/KG","img":"https://fd13-photos.leclercdrive.fr/image.ashx?id=2686350&use=l&cat=p&typeid=i","cat":284352},{"id":224930,"n":"Lait d'avoine Bjorg Bio Vanille - 1L","p":2.71,"u":"2,71 €/L","img":"https://fd13-photos.leclercdrive.fr/image.ashx?id=2906253&use=l&cat=p&typeid=i","cat":316067},{"id":224932,"n":"Boisson végétale Bjorg Bio noisettes sans sucres - 1L","p":2.98,"u":"2,98 €/L","img":"https://fd13-photos.leclercdrive.fr/image.ashx?id=2939466&use=l&cat=p&typeid=i","cat":316067},{"id":224937,"n":"Plat en morceaux Bledina 200g","p":2.38,"u":"11,90 €/KG","img":"https://fd13-photos.leclercdrive.fr/image.ashx?id=2866298&use=l&cat=p&typeid=i","cat":312239},{"id":224940,"n":"Liqueur au rhum Valois & Cie Ananas & passion - 70cl","p":18.8,"u":"26,86 €/L","img":"https://fd13-photos.leclercdrive.fr/image.ashx?id=2954815&use=l&cat=p&typeid=i","cat":284550},{"id":224964,"n":"Déodorant bille homme Narta Invisimax - 2x50ml","p":4.39,"u":"43,90 €/L","img":"https://fd13-photos.leclercdrive.fr/image.ashx?id=2680263&use=l&cat=p&typeid=i","cat":284618},{"id":224970,"n":"Camembert Eco+ 240g","p":1.34,"u":"5,58 €/KG","img":"https://fd13-photos.leclercdrive.fr/image.ashx?id=2675036&use=l&cat=p&typeid=i","cat":314033},{"id":224976,"n":"Shampooing Kératine Ogx Du brésil Cheveux frisés 385ml","p":6.75,"u":"17,53 €/L","img":"https://fd13-photos.leclercdrive.fr/image.ashx?id=2805075&use=l&cat=p&typeid=i","cat":284606},{"id":224980,"n":"Après-shamppoing Kératine OGX Du Brésil Cheveux frisés 385ml","p":6.6,"u":"17,14 €/L","img":"https://fd13-photos.leclercdrive.fr/image.ashx?id=2805078&use=l&cat=p&typeid=i","cat":284607},{"id":225047,"n":"Vinaigre ménager 20% Biovie Citron 1L","p":2.32,"u":"2,32 €/L","img":"https://fd13-photos.leclercdrive.fr/image.ashx?id=2676081&use=l&cat=p&typeid=i","cat":325365},{"id":225049,"n":"PIerre d'argile Biovie Pot 300g","p":7.37,"u":"24,57 €/KG","img":"https://fd13-photos.leclercdrive.fr/image.ashx?id=2676072&use=l&cat=p&typeid=i","cat":325365},{"id":225050,"n":"Dentifrice Oral-B 3D White Artic fresh - 3x75ml","p":7.48,"u":"33,24 €/L","img":"https://fd13-photos.leclercdrive.fr/image.ashx?id=2676225&use=l&cat=p&typeid=i","cat":284612},{"id":225052,"n":"Dentifrice Oral-B 3D White Charbon - 3x75ml","p":7.48,"u":"33,24 €/L","img":"https://fd13-photos.leclercdrive.fr/image.ashx?id=2676228&use=l&cat=p&typeid=i","cat":284612},{"id":225210,"n":"Infusion Yogi Bio Gingembre Citron  X15 - 30g","p":2.4,"u":"80,00 €/KG","img":"https://fd13-photos.leclercdrive.fr/image.ashx?id=2677498&use=l&cat=p&typeid=i","cat":293234},{"id":225213,"n":"Thé Matcha Energie Yogi Bio x15 - 27g","p":2.09,"u":"77,41 €/KG","img":"https://fd13-photos.leclercdrive.fr/image.ashx?id=2677495&use=l&cat=p&typeid=i","cat":293234},{"id":225215,"n":"Infusion Yogi detox Bio énergie - x15 - 27g","p":2.49,"u":"92,22 €/KG","img":"https://fd13-photos.leclercdrive.fr/image.ashx?id=2677489&use=l&cat=p&typeid=i","cat":293234},{"id":225218,"n":"Thé Chaï aux Epices Yogi Bio  x15 - 27g","p":1.99,"u":"66,33 €/KG","img":"https://fd13-photos.leclercdrive.fr/image.ashx?id=2677483&use=l&cat=p&typeid=i","cat":293234},{"id":225250,"n":"Recettes du Marché Tramier  Marinade Citron & Thym 150g","p":2.99,"u":"19,93 €/KG","img":"https://fd13-photos.leclercdrive.fr/image.ashx?id=2882617&use=l&cat=p&typeid=i","cat":284458},{"id":225252,"n":"Vinaigre de cidre Clovis 50cl","p":3.75,"u":"7,50 €/L","img":"https://fd13-photos.leclercdrive.fr/image.ashx?id=2677258&use=l&cat=p&typeid=i","cat":298543},{"id":225254,"n":"Complément alimentaires  Juvamine  articulations","p":6.39,"u":"399,38 €/KG","img":"https://fd13-photos.leclercdrive.fr/image.ashx?id=2960153&use=l&cat=p&typeid=i","cat":313217},{"id":225276,"n":"Galette moelleuse tigrée Choco blanc - St Michel - 180g","p":1.99,"u":"11,06 €/KG","img":"https://fd13-photos.leclercdrive.fr/image.ashx?id=2953501&use=l&cat=p&typeid=i","cat":284495},{"id":225297,"n":"Dentifrice Oral-B Pro-repair Gencives & émail - 3x75ml","p":9.96,"u":"44,27 €/L","img":"https://fd13-photos.leclercdrive.fr/image.ashx?id=2774718&use=l&cat=p&typeid=i","cat":284612},{"id":225298,"n":"Dentifrice Oral-B Pro-science Sensibilité & gencives - 3x75ml","p":9.96,"u":"44,27 €/L","img":"https://fd13-photos.leclercdrive.fr/image.ashx?id=2679404&use=l&cat=p&typeid=i","cat":284612},{"id":225309,"n":"Bière blonde Kronenbourg 4,2° - 30x25cl","p":15.53,"u":"2,07 €/L","img":"https://fd13-photos.leclercdrive.fr/image.ashx?id=2992759&use=l&cat=p&typeid=i","cat":334873},{"id":225310,"n":"Boisson aux Fruits Tropico Tropical - Bouteille - 1,25L","p":1.92,"u":"1,54 €/L","img":"https://fd13-photos.leclercdrive.fr/image.ashx?id=2736811&use=l&cat=p&typeid=i","cat":295018},{"id":225311,"n":"Boisson Tropico Orange Ananas - 1.25 L","p":1.86,"u":"1,49 €/L","img":"https://fd13-photos.leclercdrive.fr/image.ashx?id=2977702&use=l&cat=p&typeid=i","cat":295018},{"id":225313,"n":"Complément alimentaire Juvamine Charbon - x40 - 16g","p":6.58,"u":"411,25 €/KG","img":"https://fd13-photos.leclercdrive.fr/image.ashx?id=2785853&use=l&cat=p&typeid=i","cat":313217},{"id":225332,"n":"Complément alimentaire Vitavea Gummies sommeil","p":8.47,"u":"0,28 €/P","img":"https://fd13-photos.leclercdrive.fr/image.ashx?id=2744899&use=l&cat=p&typeid=i","cat":313217},{"id":225341,"n":"Dentifrice Oral-B 3D White Advanced Luxe perfection 3x75ml","p":9.96,"u":"44,27 €/L","img":"https://fd13-photos.leclercdrive.fr/image.ashx?id=2788010&use=l&cat=p&typeid=i","cat":284612},{"id":225356,"n":"Déodorant bille Sanex Dermo Active freshness - 2x50ml","p":8.09,"u":"80,90 €/L","img":"https://fd13-photos.leclercdrive.fr/image.ashx?id=2679446&use=l&cat=p&typeid=i","cat":284595},{"id":225357,"n":"Déodorant spray Sanex Dermo Anti-irritation - 2x200ml","p":6.49,"u":"16,23 €/L","img":"https://fd13-photos.leclercdrive.fr/image.ashx?id=2679449&use=l&cat=p&typeid=i","cat":284595},{"id":225358,"n":"Dentifrice Colgate Tonigencyl Gencive - 3x75ml","p":5.99,"u":"26,62 €/L","img":"https://fd13-photos.leclercdrive.fr/image.ashx?id=2679452&use=l&cat=p&typeid=i","cat":284612},{"id":225359,"n":"Culottes menstruelles Feel Natural - Taille xs - x3","p":41.57,"img":"https://fd13-photos.leclercdrive.fr/image.ashx?id=2679287&use=l&cat=p&typeid=i","cat":284624},{"id":225370,"n":"Boisson énergisante Rockstar Orange sanguine - 50cl","p":1.29,"u":"2,58 €/L","img":"https://fd13-photos.leclercdrive.fr/image.ashx?id=2679011&use=l&cat=p&typeid=i","cat":284533},{"id":225445,"n":"Les tranches Fleury Michon Pois chiches x4 - 120g","p":2.12,"u":"17,67 €/KG","img":"https://fd13-photos.leclercdrive.fr/image.ashx?id=2902007&use=l&cat=p&typeid=i","cat":316036},{"id":225446,"n":"Les tranches Fleury Michon Lentilles corail  x4 - 120g","p":2.13,"u":"17,75 €/KG","img":"https://fd13-photos.leclercdrive.fr/image.ashx?id=2900905&use=l&cat=p&typeid=i","cat":316036},{"id":225447,"n":"Les tranches Fleury Michon Haricots blancs x4 - 120g","p":2.15,"u":"17,92 €/KG","img":"https://fd13-photos.leclercdrive.fr/image.ashx?id=2902010&use=l&cat=p&typeid=i","cat":316036},{"id":225463,"n":"Déodorant Bille Homme 48h Narta Fraîcheur Polaire - 50ml","p":2.31,"u":"46,20 €/L","img":"https://fd13-photos.leclercdrive.fr/image.ashx?id=2681865&use=l&cat=p&typeid=i","cat":284618},{"id":225467,"n":"Déodorant Bille Homme 48h Narta Invisible Sans Alcool - 50ml","p":4.36,"u":"87,20 €/L","img":"https://fd13-photos.leclercdrive.fr/image.ashx?id=2681877&use=l&cat=p&typeid=i","cat":284618},{"id":225468,"n":"Déodorant Bille Homme 48h Narta Anti-Traces Blanches - 50ml","p":2.31,"u":"46,20 €/L","img":"https://fd13-photos.leclercdrive.fr/image.ashx?id=2681886&use=l&cat=p&typeid=i","cat":284618},{"id":225483,"n":"Feuilletés au chèvre Soignon La Compagnie Artique x4 - 320g","p":3.87,"u":"12,09 €/KG","img":"https://fd13-photos.leclercdrive.fr/image.ashx?id=2681080&use=l&cat=p&typeid=i","cat":319774},{"id":225496,"n":"Empanadas Haché végétal Hari&Co  Et poivrons rouges - 120g","p":3.99,"u":"33,25 €/KG","img":"https://fd13-photos.leclercdrive.fr/image.ashx?id=2903608&use=l&cat=p&typeid=i","cat":316036},{"id":225614,"n":"Désinfectant Sanytol Eucalyptus - Multi-usage 500ml","p":2.28,"u":"4,56 €/L","img":"https://fd13-photos.leclercdrive.fr/image.ashx?id=2894800&use=l&cat=p&typeid=i","cat":325357},{"id":225615,"n":"Chips NRT Sel du Morbihan - 125g","p":1.79,"u":"14,32 €/KG","img":"https://fd13-photos.leclercdrive.fr/image.ashx?id=2771432&use=l&cat=p&typeid=i","cat":284447},{"id":225617,"n":"Désinfectant Sanytol Pamplemousse Multi-usage 500ml","p":2.82,"u":"5,64 €/L","img":"https://fd13-photos.leclercdrive.fr/image.ashx?id=2682144&use=l&cat=p&typeid=i","cat":325357},{"id":225640,"n":"Glace miel Nuii  Nouvelle-Zelande &amandes  272g","p":4.95,"u":"18,20 €/KG","img":"https://fd13-photos.leclercdrive.fr/image.ashx?id=2736835&use=l&cat=p&typeid=i","cat":284265},{"id":225641,"n":"Batonnet de glace Raffaello Noix de coco - x6  282g","p":5.43,"u":"19,26 €/KG","img":"https://fd13-photos.leclercdrive.fr/image.ashx?id=2940528&use=l&cat=p&typeid=i","cat":284265},{"id":225642,"n":"Batonnet de glace Ferrero  Rocher lait noisettes - x6 300g","p":3.99,"u":"13,30 €/KG","img":"https://fd13-photos.leclercdrive.fr/image.ashx?id=2964036&use=l&cat=p&typeid=i","cat":284265},{"id":225643,"n":"Sirop Monin Vanille expérience - 33cl","p":2.78,"u":"8,42 €/L","img":"https://fd13-photos.leclercdrive.fr/image.ashx?id=2682941&use=l&cat=p&typeid=i","cat":295020},{"id":225647,"n":"Maïs Géant Vert extra tendre sans résidu pesticides - 3x140g","p":2.25,"u":"5,36 €/KG","img":"https://fd13-photos.leclercdrive.fr/image.ashx?id=2977366&use=l&cat=p&typeid=i","cat":312611},{"id":225657,"n":"Mon Huile d'Olive Tramier  Subtile 1l","p":11.65,"u":"11,65 €/L","img":"https://fd13-photos.leclercdrive.fr/image.ashx?id=2834047&use=l&cat=p&typeid=i","cat":284453},{"id":225661,"n":"Biscuit soufflés Curly Le Crunch Emmental - 80g","p":0.99,"u":"12,38 €/KG","img":"https://fd13-photos.leclercdrive.fr/image.ashx?id=3008446&use=l&cat=p&typeid=i","cat":284449},{"id":225662,"n":"Purée lisse petits pois Yooji Bio - 4 mois - 400g","p":3.75,"u":"9,38 €/KG","img":"https://fd13-photos.leclercdrive.fr/image.ashx?id=2683187&use=l&cat=p&typeid=i","cat":319805},{"id":225666,"n":"Brochettes boeuf fromage Tables du Monde x6 - 226g","p":5.99,"u":"26,50 €/KG","img":"https://fd13-photos.leclercdrive.fr/image.ashx?id=2682021&use=l&cat=p&typeid=i","cat":319774},{"id":225700,"n":"Bière blonde Leffe Prestige 124 8,5% - 6x25cl","p":7.4,"u":"4,93 €/L","img":"https://fd13-photos.leclercdrive.fr/image.ashx?id=2695007&use=l&cat=p&typeid=i","cat":334852},{"id":225703,"n":"Aérosol répulsif Raid Moustiques - 300ml","p":3.46,"u":"11,53 €/L","img":"https://fd13-photos.leclercdrive.fr/image.ashx?id=2736385&use=l&cat=p&typeid=i","cat":298368},{"id":225706,"n":"Aérosol répulsif Raid Fourmis et cafards - 300ml","p":3.02,"u":"10,07 €/L","img":"https://fd13-photos.leclercdrive.fr/image.ashx?id=2736382&use=l&cat=p&typeid=i","cat":298368},{"id":225708,"n":"Recharge électrique Raid Essentials - Moustiques - x2","p":9.37,"u":"4,69 €/P","img":"https://fd13-photos.leclercdrive.fr/image.ashx?id=2683245&use=l&cat=p&typeid=i","cat":298368},{"id":225709,"n":"Piège lumineux Raid Essentials Diffuseur - Insectes - x1","p":12.81,"img":"https://fd13-photos.leclercdrive.fr/image.ashx?id=2911549&use=l&cat=p&typeid=i","cat":298368},{"id":225710,"n":"Piège lumineux Raid Essentials Recharge - Insectes volants x2","p":5.27,"u":"2,64 €/P","img":"https://fd13-photos.leclercdrive.fr/image.ashx?id=2798218&use=l&cat=p&typeid=i","cat":298368},{"id":225722,"n":"Recharge électrique Pyrel Répulsif moustiques x1","p":5.27,"img":"https://fd13-photos.leclercdrive.fr/image.ashx?id=2683235&use=l&cat=p&typeid=i","cat":298368},{"id":225726,"n":"Glaces Pirulo Tropical x4 - 284g","p":2.9,"u":"10,21 €/KG","img":"https://fd13-photos.leclercdrive.fr/image.ashx?id=2694938&use=l&cat=p&typeid=i","cat":285250},{"id":225732,"n":"Bonbons Haribo méga fête Assortiment mini sachets - 880g","p":10.19,"u":"11,58 €/KG","img":"https://fd13-photos.leclercdrive.fr/image.ashx?id=2984961&use=l&cat=p&typeid=i","cat":304250},{"id":225755,"n":"Crème dépilatoire Veet Men Peaux sensibles - 400ml","p":8.86,"u":"22,15 €/L","img":"https://fd13-photos.leclercdrive.fr/image.ashx?id=2785448&use=l&cat=p&typeid=i","cat":284617},{"id":225784,"n":"Bandes de cire Veet Pure Froide - Aisselles - x16","p":4.75,"u":"0,30 €/P","img":"https://fd13-photos.leclercdrive.fr/image.ashx?id=2970795&use=l&cat=p&typeid=i","cat":325351},{"id":225785,"n":"Bandes de cire Veet Pure Jambes - x20","p":4.56,"u":"0,23 €/P","img":"https://fd13-photos.leclercdrive.fr/image.ashx?id=2964956&use=l&cat=p&typeid=i","cat":325351},{"id":225788,"n":"Recharge savon Dettol Karité - 250ml","p":3.14,"u":"12,56 €/L","img":"https://fd13-photos.leclercdrive.fr/image.ashx?id=2969016&use=l&cat=p&typeid=i","cat":284597},{"id":225789,"n":"Bandes de cire Veet Maillot - x16","p":5.25,"u":"0,33 €/P","img":"https://fd13-photos.leclercdrive.fr/image.ashx?id=2865662&use=l&cat=p&typeid=i","cat":325351},{"id":225790,"n":"Gel Intima Régulateur - 500ml","p":7.99,"u":"15,98 €/L","img":"https://fd13-photos.leclercdrive.fr/image.ashx?id=2889274&use=l&cat=p&typeid=i","cat":284627},{"id":225793,"n":"Liquide vaisselle Paic Acti Froid - Menthe - 500ml","p":2.59,"u":"5,18 €/L","img":"https://fd13-photos.leclercdrive.fr/image.ashx?id=2684335&use=l&cat=p&typeid=i","cat":284655},{"id":225891,"n":"Bière blonde 1664 5,5° - 18x25cl","p":11.4,"pp":8.55,"u":"1,90 €/L","img":"https://fd13-photos.leclercdrive.fr/image.ashx?id=2684931&use=l&cat=p&typeid=i","cat":334873},{"id":225931,"n":"Tuiles Monster Munch  Crazy barbecue - 150g","p":1.9,"u":"12,67 €/KG","img":"https://fd13-photos.leclercdrive.fr/image.ashx?id=2923993&use=l&cat=p&typeid=i","cat":287899},{"id":225933,"n":"Jus d'orange avec pulpe Montebelo - 1L","p":2.69,"u":"2,69 €/L","img":"https://fd13-photos.leclercdrive.fr/image.ashx?id=2743502&use=l&cat=p&typeid=i","cat":284354},{"id":225937,"n":"Citronnade duo de citrons Montebelo - 1L","p":2.19,"u":"2,19 €/L","img":"https://fd13-photos.leclercdrive.fr/image.ashx?id=2743523&use=l&cat=p&typeid=i","cat":284354},{"id":225939,"n":"Jus d'orange maracuja Montebelo - 1L","p":3.52,"u":"3,52 €/L","img":"https://fd13-photos.leclercdrive.fr/image.ashx?id=2896381&use=l&cat=p&typeid=i","cat":284354},{"id":225941,"n":"Jus de mangue ananas Montebelo  Citron vert 1L","p":3.48,"u":"3,48 €/L","img":"https://fd13-photos.leclercdrive.fr/image.ashx?id=2903668&use=l&cat=p&typeid=i","cat":284354},{"id":225951,"n":"Riz tandoori Jardin Bio bio 220g","p":3.89,"u":"17,68 €/KG","img":"https://fd13-photos.leclercdrive.fr/image.ashx?id=2686048&use=l&cat=p&typeid=i","cat":284953},{"id":225952,"n":"Purée Jardin Bio Bio lentilles corail - 250g","p":2.41,"u":"9,64 €/KG","img":"https://fd13-photos.leclercdrive.fr/image.ashx?id=2976824&use=l&cat=p&typeid=i","cat":284953},{"id":225953,"n":"Sauce korma Jardin Bio Bio - 330g","p":5.19,"u":"15,73 €/KG","img":"https://fd13-photos.leclercdrive.fr/image.ashx?id=2686054&use=l&cat=p&typeid=i","cat":289012},{"id":225954,"n":"Sauce Jardin Bio Tikka Masala bio - 330g","p":5.69,"u":"17,24 €/KG","img":"https://fd13-photos.leclercdrive.fr/image.ashx?id=2686057&use=l&cat=p&typeid=i","cat":287599},{"id":225963,"n":"Petit beurre fourrés Jardin Bio Bio - 197g","p":3.11,"u":"15,79 €/KG","img":"https://fd13-photos.leclercdrive.fr/image.ashx?id=2859452&use=l&cat=p&typeid=i","cat":284487},{"id":225969,"n":"Cookie Jardin Bio Bio Pepites de chocolat - 175g","p":3.24,"u":"18,51 €/KG","img":"https://fd13-photos.leclercdrive.fr/image.ashx?id=2963208&use=l&cat=p&typeid=i","cat":325066},{"id":225971,"n":"Mouliné Jardin Bio Legumes verts bio - 1L","p":2.84,"u":"2,84 €/L","img":"https://fd13-photos.leclercdrive.fr/image.ashx?id=2692539&use=l&cat=p&typeid=i","cat":284462},{"id":225974,"n":"Mouliné du potager Jardin Bio Bio - 1L","p":3.04,"u":"3,04 €/L","img":"https://fd13-photos.leclercdrive.fr/image.ashx?id=2692536&use=l&cat=p&typeid=i","cat":284462},{"id":226036,"n":"Parfum de linge Lenor Unstoppable aérien x19 235g","p":6.43,"u":"27,36 €/KG","img":"https://fd13-photos.leclercdrive.fr/image.ashx?id=2863018&use=l&cat=p&typeid=i","cat":325302},{"id":226060,"n":"Couches Pampers Harmonie New baby T2 - x48","p":16.35,"u":"0,34 €/P","img":"https://fd13-photos.leclercdrive.fr/image.ashx?id=2871229&use=l&cat=p&typeid=i","cat":284737},{"id":226070,"n":"Pâtes fraîches Saint-Jean Au comté AOP affiné - 250g","p":2.99,"u":"11,96 €/KG","img":"https://fd13-photos.leclercdrive.fr/image.ashx?id=2686873&use=l&cat=p&typeid=i","cat":333682},{"id":226108,"n":"Chocolat Nesquik 800g","p":4.69,"u":"5,86 €/KG","img":"https://fd13-photos.leclercdrive.fr/image.ashx?id=3005377&use=l&cat=p&typeid=i","cat":293235},{"id":226111,"n":"Muesli  Grainea Chocolat noir - 500g","p":2.27,"u":"4,54 €/KG","img":"https://fd13-photos.leclercdrive.fr/image.ashx?id=2931859&use=l&cat=p&typeid=i","cat":309512},{"id":226116,"n":"Chewing-gum Mentos Pure Fresh  Fresh Mint sans sucres - 100g","p":3.0,"u":"30,00 €/KG","img":"https://fd13-photos.leclercdrive.fr/image.ashx?id=2687707&use=l&cat=p&typeid=i","cat":304251},{"id":226122,"n":"Biscuits Delacre Cigarettes Russes - 230g","p":1.49,"u":"6,48 €/KG","img":"https://fd13-photos.leclercdrive.fr/image.ashx?id=2688833&use=l&cat=p&typeid=i","cat":284490},{"id":226296,"n":"Biscuit Flammekueche Savour 100g","p":1.85,"u":"18,50 €/L","img":"https://fd13-photos.leclercdrive.fr/image.ashx?id=2781889&use=l&cat=p&typeid=i","cat":297000},{"id":226307,"n":"Biscuits Savour Chorizo - 100g","p":1.85,"u":"18,50 €/KG","img":"https://fd13-photos.leclercdrive.fr/image.ashx?id=2781883&use=l&cat=p&typeid=i","cat":297000},{"id":226314,"n":"Sucre en morceaux Daddy 1kg","p":1.92,"u":"1,92 €/KG","img":"https://fd13-photos.leclercdrive.fr/image.ashx?id=2908573&use=l&cat=p&typeid=i","cat":284502},{"id":226317,"n":"Croquettes Vitafit Friskies Light Poulet légumes 7 kg","p":18.67,"u":"2,67 €/KG","img":"https://fd13-photos.leclercdrive.fr/image.ashx?id=2986993&use=l&cat=p&typeid=i","cat":284672},{"id":226331,"n":"Crozets nature Alpina Savoie Maxi format - 600g","p":3.99,"u":"6,65 €/KG","img":"https://fd13-photos.leclercdrive.fr/image.ashx?id=2795066&use=l&cat=p&typeid=i","cat":284427},{"id":226348,"n":"Céréales P'tit Déli Caramel & Chocolat - 400g","p":2.12,"u":"5,30 €/KG","img":"https://fd13-photos.leclercdrive.fr/image.ashx?id=2691528&use=l&cat=p&typeid=i","cat":309513},{"id":226402,"n":"Lentilles Bonduelle - 265g","p":1.29,"u":"4,87 €/KG","img":"https://fd13-photos.leclercdrive.fr/image.ashx?id=2691992&use=l&cat=p&typeid=i","cat":312609},{"id":226414,"n":"Roulé Balconi 6x32g","p":2.02,"u":"10,52 €/KG","img":"https://fd13-photos.leclercdrive.fr/image.ashx?id=2922212&use=l&cat=p&typeid=i","cat":284495},{"id":226438,"n":"Soda Coca-Cola Original Canette - Pack 6x20CL","p":3.69,"u":"3,08 €/L","img":"https://fd13-photos.leclercdrive.fr/image.ashx?id=2766571&use=l&cat=p&typeid=i","cat":284530},{"id":226455,"n":"Chewing-gum Mentos Pure Fresh  Fresh Chloro sans sucres - 100g","p":3.0,"u":"30,00 €/KG","img":"https://fd13-photos.leclercdrive.fr/image.ashx?id=2693434&use=l&cat=p&typeid=i","cat":304251},{"id":226470,"n":"Parfum de linge billes Lenor Fraîcheur de coton - 165g","p":5.74,"u":"34,79 €/KG","img":"https://fd13-photos.leclercdrive.fr/image.ashx?id=2693267&use=l&cat=p&typeid=i","cat":325302},{"id":226484,"n":"Cookies Crunchy Kinder Pépites au cacao et lait - 136g","p":2.71,"u":"19,93 €/KG","img":"https://fd13-photos.leclercdrive.fr/image.ashx?id=2691995&use=l&cat=p&typeid=i","cat":325066},{"id":226514,"n":"Filet de cabillaud Fish & Chips L'Atelier Poissonnerie - 200g","p":3.89,"u":"19,45 €/KG","img":"https://fd13-photos.leclercdrive.fr/image.ashx?id=2714456&use=l&cat=p&typeid=i","cat":284344},{"id":226528,"n":"Olives vertes Tramier Dénoyautées - 160g","p":2.18,"u":"13,63 €/KG","img":"https://fd13-photos.leclercdrive.fr/image.ashx?id=2988309&use=l&cat=p&typeid=i","cat":284450},{"id":226534,"n":"Huile de tournesol Tramier  1L","p":5.59,"u":"5,59 €/L","img":"https://fd13-photos.leclercdrive.fr/image.ashx?id=2695097&use=l&cat=p&typeid=i","cat":284453},{"id":226591,"n":"Glace cone Extreme  Lemon cheesecake  x6 - 426g","p":3.88,"u":"9,11 €/KG","img":"https://fd13-photos.leclercdrive.fr/image.ashx?id=2732950&use=l&cat=p&typeid=i","cat":284264},{"id":226636,"n":"Déodorant Homme Adidas Fresh Endurance - 150ml","p":2.65,"u":"17,67 €/L","img":"https://fd13-photos.leclercdrive.fr/image.ashx?id=2990772&use=l&cat=p&typeid=i","cat":284618},{"id":226657,"n":"Boisson Gazeuse Maison Perrier Forever Citron 1L","p":0.9,"u":"0,90 €/L","img":"https://fd13-photos.leclercdrive.fr/image.ashx?id=2887311&use=l&cat=p&typeid=i","cat":284536},{"id":226776,"n":"Thé noir fruits rouges Lipton 20 sachets - 30g","p":1.74,"u":"58,00 €/KG","img":"https://fd13-photos.leclercdrive.fr/image.ashx?id=2695359&use=l&cat=p&typeid=i","cat":293233},{"id":226779,"n":"Thé noir citron Lipton 20 sachets - 34g","p":2.43,"u":"71,47 €/KG","img":"https://fd13-photos.leclercdrive.fr/image.ashx?id=2695365&use=l&cat=p&typeid=i","cat":293233},{"id":226781,"n":"Thé noir pêche mangue Lipton 20 sachets - 34g","p":2.41,"u":"70,88 €/KG","img":"https://fd13-photos.leclercdrive.fr/image.ashx?id=2695362&use=l&cat=p&typeid=i","cat":293233},{"id":226794,"n":"Glace cône Extreme  Choco caramel toffee  x6 - 426g","p":3.85,"u":"9,04 €/KG","img":"https://fd13-photos.leclercdrive.fr/image.ashx?id=2741078&use=l&cat=p&typeid=i","cat":284264},{"id":226795,"n":"Glace mini cone Extreme Café x8 - 312g","p":4.2,"u":"13,46 €/KG","img":"https://fd13-photos.leclercdrive.fr/image.ashx?id=2694668&use=l&cat=p&typeid=i","cat":284264},{"id":226799,"n":"Parfum de linge billes Lenor Envolée d'air - x19 doses","p":6.43,"u":"27,36 €/KG","img":"https://fd13-photos.leclercdrive.fr/image.ashx?id=2839460&use=l&cat=p&typeid=i","cat":325302},{"id":226800,"n":"Parfum de linge billes Lenor Envolée d'air x41","p":9.94,"u":"20,08 €/KG","img":"https://fd13-photos.leclercdrive.fr/image.ashx?id=2857893&use=l&cat=p&typeid=i","cat":325302},{"id":226801,"n":"Parfum de linge billes Lenor  Jasmin Rose de mai x19 doses","p":6.95,"u":"29,57 €/KG","img":"https://fd13-photos.leclercdrive.fr/image.ashx?id=2841598&use=l&cat=p&typeid=i","cat":325302},{"id":226803,"n":"Adoucissant Lenor Fresh Soleil tropical x36 - 0.5L","p":5.15,"u":"10,22 €/L","img":"https://fd13-photos.leclercdrive.fr/image.ashx?id=2696163&use=l&cat=p&typeid=i","cat":284650},{"id":226806,"n":"Liquide de rinçage Sun Brillance - 500ml","p":3.33,"u":"6,66 €/L","img":"https://fd13-photos.leclercdrive.fr/image.ashx?id=2829099&use=l&cat=p&typeid=i","cat":284657},{"id":226807,"n":"Liquide de rinçage Sun Séchage - 500ml","p":3.66,"u":"7,32 €/L","img":"https://fd13-photos.leclercdrive.fr/image.ashx?id=2738716&use=l&cat=p&typeid=i","cat":284657},{"id":226808,"n":"Adoucissant Lenor Fresh air Rayons de soleil x36","p":4.88,"u":"9,68 €/L","img":"https://fd13-photos.leclercdrive.fr/image.ashx?id=2696445&use=l&cat=p&typeid=i","cat":284650},{"id":226810,"n":"Adoucissant Lenor Fraicheur  matinale x36 - 0.5L","p":4.97,"u":"9,86 €/L","img":"https://fd13-photos.leclercdrive.fr/image.ashx?id=2696166&use=l&cat=p&typeid=i","cat":284650},{"id":226811,"n":"Adoucissant Lenor Fresh air Solstice Boréal x36 - 0.5L","p":5.5,"u":"10,91 €/L","img":"https://fd13-photos.leclercdrive.fr/image.ashx?id=2696169&use=l&cat=p&typeid=i","cat":284650},{"id":226818,"n":"Dentifrice Sensodyne Soin  complet Triple action - 75ml","p":3.97,"u":"52,93 €/L","img":"https://fd13-photos.leclercdrive.fr/image.ashx?id=2997778&use=l&cat=p&typeid=i","cat":284612},{"id":226819,"n":"Dentifrice Sensodyne Soin gencives Triple action - 75ml","p":3.95,"u":"52,67 €/L","img":"https://fd13-photos.leclercdrive.fr/image.ashx?id=3000384&use=l&cat=p&typeid=i","cat":284612},{"id":226824,"n":"Dentifrice Sensodyne Soin  Blancheur naturelle 24h - 75ml","p":4.3,"u":"57,33 €/L","img":"https://fd13-photos.leclercdrive.fr/image.ashx?id=2694944&use=l&cat=p&typeid=i","cat":284612},{"id":226826,"n":"Dentifrice Sensodyne Soin Blancheur triple action - 75ml","p":3.9,"u":"52,00 €/L","img":"https://fd13-photos.leclercdrive.fr/image.ashx?id=3000381&use=l&cat=p&typeid=i","cat":284612},{"id":226827,"n":"Nettoyant Machine Sun Lave Vaisselle 3 Doses","p":3.33,"u":"27,75 €/KG","img":"https://fd13-photos.leclercdrive.fr/image.ashx?id=2738710&use=l&cat=p&typeid=i","cat":284657},{"id":226829,"n":"Dentifrice Sensodyne Répare & protège extra fresh - 75ml","p":4.4,"u":"58,67 €/L","img":"https://fd13-photos.leclercdrive.fr/image.ashx?id=2694956&use=l&cat=p&typeid=i","cat":284612},{"id":226830,"n":"Dentifrice Sensodyne Répare & protège Blancheur - 75ml","p":4.49,"u":"59,87 €/L","img":"https://fd13-photos.leclercdrive.fr/image.ashx?id=2872955&use=l&cat=p&typeid=i","cat":284612},{"id":226831,"n":"Nettoyant machine Sun Pendant le cycle x4 - 60g","p":3.82,"u":"7,96 €/KG","img":"https://fd13-photos.leclercdrive.fr/image.ashx?id=2738713&use=l&cat=p&typeid=i","cat":284657},{"id":226856,"n":"P'tit onctueux pêche Nestlé sans sucres ajoutés - 4x90g","p":2.19,"u":"6,08 €/KG","img":"https://fd13-photos.leclercdrive.fr/image.ashx?id=2695124&use=l&cat=p&typeid=i","cat":312392},{"id":226857,"n":"P'tit brassé pomme Nestlé Sans sucre ajoutés 4x90g","p":2.01,"u":"5,58 €/KG","img":"https://fd13-photos.leclercdrive.fr/image.ashx?id=2695127&use=l&cat=p&typeid=i","cat":312392},{"id":226879,"n":"Pate tomate colin Naturnes Dès 6 mois - 2x90g","p":2.18,"u":"12,11 €/KG","img":"https://fd13-photos.leclercdrive.fr/image.ashx?id=2696139&use=l&cat=p&typeid=i","cat":312235},{"id":226882,"n":"Chocolat en poudre Nesquik 300g","p":2.87,"u":"9,57 €/KG","img":"https://fd13-photos.leclercdrive.fr/image.ashx?id=3005374&use=l&cat=p&typeid=i","cat":293235},{"id":226900,"n":"Bière blonde La Bête 8°  50cl canette","p":1.97,"u":"3,94 €/L","img":"https://fd13-photos.leclercdrive.fr/image.ashx?id=2695914&use=l&cat=p&typeid=i","cat":334853},{"id":226913,"n":"Bille au chocolat Maltesers 193g","p":2.67,"u":"13,83 €/KG","img":"https://fd13-photos.leclercdrive.fr/image.ashx?id=2696064&use=l&cat=p&typeid=i","cat":304238},{"id":226938,"n":"Capsules café Dolce Gusto intensité 5 Grande - x30 255g","p":8.44,"u":"0,28 €/P","img":"https://fd13-photos.leclercdrive.fr/image.ashx?id=2891755&use=l&cat=p&typeid=i","cat":284843},{"id":226970,"n":"Tablette lave-vaisselle Sun  Expert Plus x40 -700g","p":7.9,"u":"11,29 €/KG","img":"https://fd13-photos.leclercdrive.fr/image.ashx?id=2738734&use=l&cat=p&typeid=i","cat":284656},{"id":226971,"n":"Sun Tablettes Lave-Vaisselle Tout en 1 Expert Plus x40","p":7.9,"u":"11,29 €/KG","img":"https://fd13-photos.leclercdrive.fr/image.ashx?id=2942012&use=l&cat=p&typeid=i","cat":284656},{"id":226972,"n":"Sun Tablettes Lave-Vaisselle Tout en 1 Regular Ecolabel x46","p":7.9,"u":"10,41 €/KG","img":"https://fd13-photos.leclercdrive.fr/image.ashx?id=3000902&use=l&cat=p&typeid=i","cat":284656},{"id":226973,"n":"Sun Tablettes Lave-Vaisselle Tout en 1 Citron Ecolabel x46","p":7.9,"u":"10,41 €/KG","img":"https://fd13-photos.leclercdrive.fr/image.ashx?id=3000905&use=l&cat=p&typeid=i","cat":284656},{"id":226978,"n":"Crème Anti-Âge Rose Re-Fortifiant - 50ml","p":11.97,"pp":7.9,"u":"158,00 €/L","img":"https://fd13-photos.leclercdrive.fr/image.ashx?id=2757425&use=l&cat=p&typeid=i","cat":325345},{"id":226993,"n":"Capsules de café Café Royal Espresso x54 - 279g","p":15.23,"u":"54,59 €/KG","img":"https://fd13-photos.leclercdrive.fr/image.ashx?id=2696604&use=l&cat=p&typeid=i","cat":284749},{"id":226998,"n":"Capsules de café  Café Royal Espresso forte x54 - 279g","p":15.25,"u":"54,66 €/KG","img":"https://fd13-photos.leclercdrive.fr/image.ashx?id=2696607&use=l&cat=p&typeid=i","cat":284749},{"id":227006,"n":"Crème glacée Häagen-Dazs  Chocolat belge - 400g","p":4.71,"u":"11,78 €/KG","img":"https://fd13-photos.leclercdrive.fr/image.ashx?id=2886891&use=l&cat=p&typeid=i","cat":284725},{"id":227013,"n":"Rasoir Philips OneBlade Original - 1 pièce","p":24.9,"img":"https://fd13-photos.leclercdrive.fr/image.ashx?id=2699029&use=l&cat=p&typeid=i","cat":284616},{"id":227014,"n":"Gelées  fraîcheur Whiskas  28 + 12 offerts - 40x85g","p":10.7,"u":"4,50 €/KG","img":"https://fd13-photos.leclercdrive.fr/image.ashx?id=2697243&use=l&cat=p&typeid=i","cat":285601},{"id":227042,"n":"Sauce vinaigrette moutarde  La Fabrik a saveurs 50cl","p":3.77,"u":"7,54 €/L","img":"https://fd13-photos.leclercdrive.fr/image.ashx?id=2855040&use=l&cat=p&typeid=i","cat":284456},{"id":227053,"n":"Sirop Pomme/Framboise 60cl","p":2.72,"u":"4,53 €/L","img":"https://fd13-photos.leclercdrive.fr/image.ashx?id=2696961&use=l&cat=p&typeid=i","cat":295020},{"id":227070,"n":"Thé glacé pétillant Lipton Ice Tea pêche - bouteille 1.25L","p":1.68,"u":"1,34 €/L","img":"https://fd13-photos.leclercdrive.fr/image.ashx?id=2887704&use=l&cat=p&typeid=i","cat":295019},{"id":227071,"n":"Thé pétillant Lipton Ice Tea Citron citron vert - 1.25L","p":1.69,"u":"1,35 €/L","img":"https://fd13-photos.leclercdrive.fr/image.ashx?id=2887707&use=l&cat=p&typeid=i","cat":295019},{"id":227073,"n":"Sorbet mangue Otantic 500g","p":5.94,"u":"11,88 €/KG","img":"https://fd13-photos.leclercdrive.fr/image.ashx?id=2711428&use=l&cat=p&typeid=i","cat":284263},{"id":227075,"n":"Sorbet passion du Pérou 500g","p":5.6,"u":"11,20 €/KG","img":"https://fd13-photos.leclercdrive.fr/image.ashx?id=2697198&use=l&cat=p&typeid=i","cat":284263},{"id":227103,"n":"Adoucissant Liquide Jardins de fleurs 504ml x36","p":4.97,"u":"9,86 €/L","img":"https://fd13-photos.leclercdrive.fr/image.ashx?id=2698984&use=l&cat=p&typeid=i","cat":284650},{"id":227154,"n":"Couches Carryboo de nos Régions Couches locales Taille 3 - x50","p":12.69,"u":"0,25 €/P","img":"https://fd13-photos.leclercdrive.fr/image.ashx?id=2833801&use=l&cat=p&typeid=i","cat":284737},{"id":227158,"n":"Couches Carryboo de nos Régions Couches locales Taille 4+ - x42","p":15.33,"u":"0,37 €/P","img":"https://fd13-photos.leclercdrive.fr/image.ashx?id=2787407&use=l&cat=p&typeid=i","cat":284737},{"id":227159,"n":"Couche Carryboo de nos Régions Couches locales Taille 5 - x40","p":12.69,"u":"0,32 €/P","img":"https://fd13-photos.leclercdrive.fr/image.ashx?id=2805486&use=l&cat=p&typeid=i","cat":284737},{"id":227165,"n":"Serum Acide Hyaluronique Mixa 30mL","p":6.88,"u":"229,33 €/L","img":"https://fd13-photos.leclercdrive.fr/image.ashx?id=2698711&use=l&cat=p&typeid=i","cat":325345},{"id":227307,"n":"Café capsules Dolce Gusto Starbucks White Moka - 123g","p":4.39,"u":"35,69 €/KG","img":"https://fd13-photos.leclercdrive.fr/image.ashx?id=3000459&use=l&cat=p&typeid=i","cat":284749},{"id":227318,"n":"P'tite Céréale Nestlé Vanille - 415g","p":2.62,"u":"6,31 €/KG","img":"https://fd13-photos.leclercdrive.fr/image.ashx?id=2700773&use=l&cat=p&typeid=i","cat":312225},{"id":227323,"n":"Céréales Crunch Nestlé 675g","p":4.45,"u":"6,59 €/KG","img":"https://fd13-photos.leclercdrive.fr/image.ashx?id=2949085&use=l&cat=p&typeid=i","cat":309513},{"id":227325,"n":"P'tite céréales Nestlé Saveur biscuit - 415g","p":3.22,"u":"7,76 €/KG","img":"https://fd13-photos.leclercdrive.fr/image.ashx?id=2700776&use=l&cat=p&typeid=i","cat":312225},{"id":227329,"n":"P'tite céréale Nestlé 415g","p":3.19,"u":"7,69 €/KG","img":"https://fd13-photos.leclercdrive.fr/image.ashx?id=2700770&use=l&cat=p&typeid=i","cat":312225},{"id":227331,"n":"P'tite céréales Nestlé Cacao - 415g","p":2.62,"u":"6,31 €/KG","img":"https://fd13-photos.leclercdrive.fr/image.ashx?id=2700767&use=l&cat=p&typeid=i","cat":312225},{"id":227339,"n":"Capsules Nescafé Dolce Gusto  Lungo - x16","p":4.51,"u":"50,11 €/KG","img":"https://fd13-photos.leclercdrive.fr/image.ashx?id=2907716&use=l&cat=p&typeid=i","cat":293239},{"id":227341,"n":"Céréales Lion Nestlé 1.05kg","p":5.92,"u":"5,92 €/KG","img":"https://fd13-photos.leclercdrive.fr/image.ashx?id=2995433&use=l&cat=p&typeid=i","cat":309513},{"id":227352,"n":"Céréales Chocapic  645g","p":4.46,"u":"6,91 €/KG","img":"https://fd13-photos.leclercdrive.fr/image.ashx?id=2977732&use=l&cat=p&typeid=i","cat":309513},{"id":227372,"n":"Céréales Lion 675g","p":4.47,"u":"6,62 €/KG","img":"https://fd13-photos.leclercdrive.fr/image.ashx?id=2997256&use=l&cat=p&typeid=i","cat":309513},{"id":227373,"n":"Gelée de viande Eco+ 12x100g","p":2.99,"u":"2,49 €/KG","img":"https://fd13-photos.leclercdrive.fr/image.ashx?id=2744216&use=l&cat=p&typeid=i","cat":285286},{"id":227374,"n":"Céréales Chocapic 375g","p":2.85,"u":"7,60 €/KG","img":"https://fd13-photos.leclercdrive.fr/image.ashx?id=2977408&use=l&cat=p&typeid=i","cat":309513},{"id":227375,"n":"Capsule Nescafé Farmers Origins  Brazil Int 8 - x10","p":2.32,"u":"52,73 €/KG","img":"https://fd13-photos.leclercdrive.fr/image.ashx?id=2952166&use=l&cat=p&typeid=i","cat":284749},{"id":227376,"n":"Croquette Friskies Vitafit  Boeuf - 3kg","p":7.22,"u":"2,41 €/KG","img":"https://fd13-photos.leclercdrive.fr/image.ashx?id=2986999&use=l&cat=p&typeid=i","cat":284672},{"id":227378,"n":"Croquettes Friskies junior Poulet & legumes - 1.5kg","p":5.37,"u":"3,58 €/KG","img":"https://fd13-photos.leclercdrive.fr/image.ashx?id=2699612&use=l&cat=p&typeid=i","cat":284680},{"id":227383,"n":"Lait infantile Hipp Biologique Bio Dès 10 mois Combiotic  800g","p":16.93,"u":"21,16 €/KG","img":"https://fd13-photos.leclercdrive.fr/image.ashx?id=2926834&use=l&cat=p&typeid=i","cat":290219},{"id":227391,"n":"Croquettes Friskies Saumon & legumes - 3 kg","p":10.22,"u":"3,41 €/KG","img":"https://fd13-photos.leclercdrive.fr/image.ashx?id=2940615&use=l&cat=p&typeid=i","cat":284680},{"id":227397,"n":"Croquettes Friskies  Dinde & legumes - 1.5kg","p":5.37,"u":"3,58 €/KG","img":"https://fd13-photos.leclercdrive.fr/image.ashx?id=2699621&use=l&cat=p&typeid=i","cat":284680},{"id":227400,"n":"Croquettes chat Friskies Saumon et legumes - 1.5 kg","p":5.39,"u":"3,59 €/KG","img":"https://fd13-photos.leclercdrive.fr/image.ashx?id=2940600&use=l&cat=p&typeid=i","cat":284680},{"id":227448,"n":"Céréales Crunch 375g","p":2.67,"u":"7,12 €/KG","img":"https://fd13-photos.leclercdrive.fr/image.ashx?id=2939760&use=l&cat=p&typeid=i","cat":309513},{"id":227506,"n":"Capsule Nescafé Farmers Origins  India Int 9 - x18","p":4.32,"u":"54,68 €/KG","img":"https://fd13-photos.leclercdrive.fr/image.ashx?id=2700791&use=l&cat=p&typeid=i","cat":284749},{"id":227512,"n":"Chips Savour  Sel de guerande - 120g","p":1.48,"u":"12,33 €/KG","img":"https://fd13-photos.leclercdrive.fr/image.ashx?id=2743828&use=l&cat=p&typeid=i","cat":284447},{"id":227516,"n":"Chips Savour Cheddar & Ciboulette - 120g","p":1.75,"u":"14,58 €/KG","img":"https://fd13-photos.leclercdrive.fr/image.ashx?id=2743819&use=l&cat=p&typeid=i","cat":284447},{"id":227520,"n":"Chips Lay's Sel & vinaigre - 130g","p":1.29,"u":"9,92 €/KG","img":"https://fd13-photos.leclercdrive.fr/image.ashx?id=3011161&use=l&cat=p&typeid=i","cat":284447},{"id":227528,"n":"Chips Lay's Poulet - 135g","p":1.25,"u":"9,26 €/KG","img":"https://fd13-photos.leclercdrive.fr/image.ashx?id=2995079&use=l&cat=p&typeid=i","cat":284447},{"id":227532,"n":"Chips Lay's Barbecue - 250g","p":2.17,"u":"8,68 €/KG","img":"https://fd13-photos.leclercdrive.fr/image.ashx?id=2994488&use=l&cat=p&typeid=i","cat":284447},{"id":227534,"n":"Chips Lay's Barbecue - 135g","p":1.16,"u":"8,59 €/KG","img":"https://fd13-photos.leclercdrive.fr/image.ashx?id=2994485&use=l&cat=p&typeid=i","cat":284447},{"id":227542,"n":"Croquettes pour chien Friskies Vitafit 12kg","p":25.67,"u":"2,14 €/KG","img":"https://fd13-photos.leclercdrive.fr/image.ashx?id=2986987&use=l&cat=p&typeid=i","cat":284672},{"id":227563,"n":"Serviettes Fuites urinaires  Always Discreet - Normal - x30","p":9.35,"u":"0,31 €/P","img":"https://fd13-photos.leclercdrive.fr/image.ashx?id=2700806&use=l&cat=p&typeid=i","cat":284628},{"id":227592,"n":"Jambon cru Serrano Aoste 6 tranches - 100g","p":3.59,"u":"35,90 €/KG","img":"https://fd13-photos.leclercdrive.fr/image.ashx?id=2937184&use=l&cat=p&typeid=i","cat":316007},{"id":227595,"n":"Jambon Fleury Michon  Simplement Bon x10 - 350g","p":3.82,"u":"10,91 €/KG","img":"https://fd13-photos.leclercdrive.fr/image.ashx?id=2842699&use=l&cat=p&typeid=i","cat":316009},{"id":227600,"n":"Croquettes chat Friskies Boeuf, poulet et légumes - 3kg","p":10.22,"u":"3,41 €/KG","img":"https://fd13-photos.leclercdrive.fr/image.ashx?id=2940603&use=l&cat=p&typeid=i","cat":284680},{"id":227602,"n":"Croquettes Friskies  Poulet & légumes  1,5 kg","p":5.5,"u":"3,67 €/KG","img":"https://fd13-photos.leclercdrive.fr/image.ashx?id=2701400&use=l&cat=p&typeid=i","cat":284680},{"id":227603,"n":"Croquettes chat stérilisé Friskies Agneau légumes - 1.5kg","p":5.59,"u":"3,73 €/KG","img":"https://fd13-photos.leclercdrive.fr/image.ashx?id=2701064&use=l&cat=p&typeid=i","cat":284680},{"id":227605,"n":"Croquettes petit chien Friskies Poulet & légumes - 1.5kg","p":5.05,"u":"3,37 €/KG","img":"https://fd13-photos.leclercdrive.fr/image.ashx?id=2986314&use=l&cat=p&typeid=i","cat":294526},{"id":227608,"n":"Croquettes Friskies Junior  Poulet avec du lait - 3kg","p":8.68,"u":"2,89 €/KG","img":"https://fd13-photos.leclercdrive.fr/image.ashx?id=2986900&use=l&cat=p&typeid=i","cat":284672},{"id":227612,"n":"Croquettes chien light Friskies Poulet & légumes - 3kg","p":8.55,"u":"2,85 €/KG","img":"https://fd13-photos.leclercdrive.fr/image.ashx?id=2987002&use=l&cat=p&typeid=i","cat":284672},{"id":227633,"n":"Barres chocolatées Twix  x10 -210g","p":2.15,"u":"10,24 €/KG","img":"https://fd13-photos.leclercdrive.fr/image.ashx?id=2980091&use=l&cat=p&typeid=i","cat":284498},{"id":227671,"n":"Bière aromatisée Desperados Tropical -  6X33cl","p":8.8,"u":"4,44 €/L","img":"https://fd13-photos.leclercdrive.fr/image.ashx?id=2701142&use=l&cat=p&typeid=i","cat":334878},{"id":227684,"n":"Barres chocolatées Twix x7 - 350g","p":3.22,"u":"9,20 €/KG","img":"https://fd13-photos.leclercdrive.fr/image.ashx?id=2701028&use=l&cat=p&typeid=i","cat":284498},{"id":227701,"n":"Chocolat Pâtissier Nestlé Dessert Blanc - 170g","p":3.03,"u":"17,82 €/KG","img":"https://fd13-photos.leclercdrive.fr/image.ashx?id=2895062&use=l&cat=p&typeid=i","cat":284957},{"id":227702,"n":"Fromage enfant La Vache qui rit Pik&Croq 8 portions - 280g","p":3.32,"u":"11,86 €/KG","img":"https://fd13-photos.leclercdrive.fr/image.ashx?id=2945436&use=l&cat=p&typeid=i","cat":314030},{"id":227718,"n":"Jambon cuit supérieur découenné L'Atelier Charcuterie x2 - 110g","p":1.93,"u":"17,55 €/KG","img":"https://fd13-photos.leclercdrive.fr/image.ashx?id=2907410&use=l&cat=p&typeid=i","cat":316009},{"id":227719,"n":"Jambon cuit supérieur découenné L'Atelier Charcuterie x4 - 220g","p":3.8,"u":"17,27 €/KG","img":"https://fd13-photos.leclercdrive.fr/image.ashx?id=2907413&use=l&cat=p&typeid=i","cat":316009},{"id":227722,"n":"Jambon cuit découenné L'Atelier Charcuterie x2 - 110g","p":2.21,"u":"20,09 €/KG","img":"https://fd13-photos.leclercdrive.fr/image.ashx?id=2999036&use=l&cat=p&typeid=i","cat":316009},{"id":227723,"n":"Jambon cuit supérieur -25% sel L'Atelier Charcuterie x4 - 220g","p":4.57,"u":"20,77 €/KG","img":"https://fd13-photos.leclercdrive.fr/image.ashx?id=2909356&use=l&cat=p&typeid=i","cat":316009},{"id":227731,"n":"Céréales Nesquik  375g","p":2.69,"u":"7,17 €/KG","img":"https://fd13-photos.leclercdrive.fr/image.ashx?id=2977411&use=l&cat=p&typeid=i","cat":309513},{"id":227732,"n":"Compotes gourdes Pom'potes Fruits & Legumes - 12x90g","p":5.42,"u":"5,02 €/KG","img":"https://fd13-photos.leclercdrive.fr/image.ashx?id=3010960&use=l&cat=p&typeid=i","cat":284508},{"id":227740,"n":"Capsule Nescafé Farmers Origins  Brazil Int 8 - x18","p":4.46,"u":"56,46 €/KG","img":"https://fd13-photos.leclercdrive.fr/image.ashx?id=3001521&use=l&cat=p&typeid=i","cat":284749},{"id":227743,"n":"Capsule Nescafé Farmers Origins  Colombia Int 6 - x18","p":4.77,"u":"60,38 €/KG","img":"https://fd13-photos.leclercdrive.fr/image.ashx?id=2701971&use=l&cat=p&typeid=i","cat":284749},{"id":227767,"n":"Gel douche Men Expert Barber club - 300ml","p":2.97,"u":"9,90 €/L","img":"https://fd13-photos.leclercdrive.fr/image.ashx?id=3008773&use=l&cat=p&typeid=i","cat":284619},{"id":227780,"n":"Liqueur GET Menthe & Citrons 17,9° - 70cl","p":13.89,"u":"19,84 €/L","img":"https://fd13-photos.leclercdrive.fr/image.ashx?id=2840629&use=l&cat=p&typeid=i","cat":286032},{"id":227790,"n":"Compotes gourdes Pom'potes Fruits & legumes - 12x90g","p":6.17,"u":"5,71 €/KG","img":"https://fd13-photos.leclercdrive.fr/image.ashx?id=2702660&use=l&cat=p&typeid=i","cat":284508},{"id":227810,"n":"Haché moelleux Eco+ x8 - 800g","p":9.39,"u":"11,74 €/KG","img":"https://fd13-photos.leclercdrive.fr/image.ashx?id=2758734&use=l&cat=p&typeid=i","cat":284332},{"id":227819,"n":"Biscotte Pasquier Blé complet x64 - 550g","p":2.51,"u":"4,56 €/KG","img":"https://fd13-photos.leclercdrive.fr/image.ashx?id=2702807&use=l&cat=p&typeid=i","cat":284479},{"id":227822,"n":"Chips Lay's  Paprika - 130g","p":1.52,"u":"11,69 €/KG","img":"https://fd13-photos.leclercdrive.fr/image.ashx?id=3011158&use=l&cat=p&typeid=i","cat":284447},{"id":227823,"n":"Chips Lay's Emmental - 135g","p":1.31,"u":"9,70 €/KG","img":"https://fd13-photos.leclercdrive.fr/image.ashx?id=3011155&use=l&cat=p&typeid=i","cat":284447},{"id":227831,"n":"Spray Nettoyant Menager Cif  Anti-calcaire Universel 750 ml","p":2.19,"u":"2,92 €/L","img":"https://fd13-photos.leclercdrive.fr/image.ashx?id=2890520&use=l&cat=p&typeid=i","cat":325362},{"id":227884,"n":"Bâtonnet Magnum White choco Cookie - x3 - 222g","p":2.41,"u":"10,86 €/KG","img":"https://fd13-photos.leclercdrive.fr/image.ashx?id=2793071&use=l&cat=p&typeid=i","cat":284265},{"id":227894,"n":"Bâtonnet Magnum Caramel salé Amandes x3 - 222g","p":2.49,"u":"11,22 €/KG","img":"https://fd13-photos.leclercdrive.fr/image.ashx?id=2793038&use=l&cat=p&typeid=i","cat":284265},{"id":227895,"n":"Bâtonnet Magnum Intense Dark x3 - 222g","p":2.99,"u":"13,59 €/KG","img":"https://fd13-photos.leclercdrive.fr/image.ashx?id=2769883&use=l&cat=p&typeid=i","cat":284265},{"id":227896,"n":"Glace Carte d'Or Les Essentiels Vanille de Madagascar 700ml","p":2.7,"pp":1.89,"u":"5,15 €/KG","img":"https://fd13-photos.leclercdrive.fr/image.ashx?id=2831149&use=l&cat=p&typeid=i","cat":284263},{"id":227900,"n":"Glace Bâtonnet MAGNUM Chocolat Blanc 4x100ml","p":3.14,"u":"10,68 €/KG","img":"https://fd13-photos.leclercdrive.fr/image.ashx?id=3011944&use=l&cat=p&typeid=i","cat":284265},{"id":227901,"n":"Bâtonnet Magnum Fraise et blanc - x4 - 324g","p":3.44,"u":"10,62 €/KG","img":"https://fd13-photos.leclercdrive.fr/image.ashx?id=3009293&use=l&cat=p&typeid=i","cat":284265},{"id":227905,"n":"Bâtonnet Magnum Chocolat blanc x8 - 588g","p":5.92,"u":"10,07 €/KG","img":"https://fd13-photos.leclercdrive.fr/image.ashx?id=2805663&use=l&cat=p&typeid=i","cat":284265},{"id":227906,"n":"Glace Bâtonnet Mini MAGNUM Amande 6x55ml","p":2.77,"u":"10,41 €/KG","img":"https://fd13-photos.leclercdrive.fr/image.ashx?id=2843544&use=l&cat=p&typeid=i","cat":284265},{"id":227907,"n":"Glace Bâtonnet MAGNUM Classique 6x55ml","p":2.77,"u":"11,12 €/KG","img":"https://fd13-photos.leclercdrive.fr/image.ashx?id=2967968&use=l&cat=p&typeid=i","cat":284265},{"id":227911,"n":"Adoucissant Lenor Fraicheur  matinal x60 - 0.84L","p":6.99,"u":"8,32 €/L","img":"https://fd13-photos.leclercdrive.fr/image.ashx?id=2722234&use=l&cat=p&typeid=i","cat":284650},{"id":227966,"n":"Compotes goudes Pom'Potes Pomme framboise Goyave - 360g","p":2.15,"u":"5,97 €/KG","img":"https://fd13-photos.leclercdrive.fr/image.ashx?id=2703708&use=l&cat=p&typeid=i","cat":284508},{"id":227967,"n":"Compotes gourges Pom'Potes Pomme pêche carotte 360g","p":2.15,"u":"5,97 €/KG","img":"https://fd13-photos.leclercdrive.fr/image.ashx?id=2703705&use=l&cat=p&typeid=i","cat":284508},{"id":227994,"n":"Concentré adoucissant Soupline Mandarine Vanille - 2x1,28L","p":11.59,"u":"4,53 €/L","img":"https://fd13-photos.leclercdrive.fr/image.ashx?id=2706683&use=l&cat=p&typeid=i","cat":284650},{"id":228003,"n":"Concentré adoucissant Soupline Ultra 3D grand air - 2,7L","p":10.17,"u":"3,77 €/L","img":"https://fd13-photos.leclercdrive.fr/image.ashx?id=2703870&use=l&cat=p&typeid=i","cat":284650},{"id":228005,"n":"Concentré adoucissant Soupline Ultra 3D coco - 2x1.28L","p":11.59,"u":"4,53 €/L","img":"https://fd13-photos.leclercdrive.fr/image.ashx?id=2703873&use=l&cat=p&typeid=i","cat":284650},{"id":228007,"n":"Concentré adoucissant Soupline Ultra 3D hypoallergénique  2,7L","p":6.71,"u":"2,49 €/L","img":"https://fd13-photos.leclercdrive.fr/image.ashx?id=2703876&use=l&cat=p&typeid=i","cat":284650},{"id":228008,"n":"Concentré adoucissant Soupline Ultra 3D lavande - x2 2,7L","p":11.59,"u":"4,29 €/L","img":"https://fd13-photos.leclercdrive.fr/image.ashx?id=2703879&use=l&cat=p&typeid=i","cat":284650},{"id":228052,"n":"Mozzarella di Latte di Bufala Les Croisés - 3x100g","p":3.89,"u":"12,97 €/KG","img":"https://fd13-photos.leclercdrive.fr/image.ashx?id=2992597&use=l&cat=p&typeid=i","cat":314026},{"id":228102,"n":"Thé glacé Lipton Ice Tea Pêche Sans sucres - bouteille 1.75l","p":2.24,"u":"1,28 €/L","img":"https://fd13-photos.leclercdrive.fr/image.ashx?id=2857060&use=l&cat=p&typeid=i","cat":295019},{"id":228103,"n":"Thé glacé Lipton Ice Tea Pêche Zéro sucres - canettes 6x33cl","p":3.65,"u":"1,84 €/L","img":"https://fd13-photos.leclercdrive.fr/image.ashx?id=2959442&use=l&cat=p&typeid=i","cat":295019},{"id":228127,"n":"Lasagnes saumon épinards  Comptoir des marées - 900g","p":5.99,"u":"6,66 €/KG","img":"https://fd13-photos.leclercdrive.fr/image.ashx?id=2732668&use=l&cat=p&typeid=i","cat":284254},{"id":228192,"n":"Coca-cola sans sucre Sans caféine  - 6x20cl","p":3.68,"u":"3,07 €/L","img":"https://fd13-photos.leclercdrive.fr/image.ashx?id=3009062&use=l&cat=p&typeid=i","cat":284530},{"id":228194,"n":"Thé glacé Oasis Ice Tea Saveur Mangue Passion - 1,5L","p":1.7,"u":"1,13 €/L","img":"https://fd13-photos.leclercdrive.fr/image.ashx?id=2705040&use=l&cat=p&typeid=i","cat":295019},{"id":228198,"n":"Sirop Frucci Grenadine - 1.3L","p":3.28,"u":"2,52 €/L","img":"https://fd13-photos.leclercdrive.fr/image.ashx?id=2909921&use=l&cat=p&typeid=i","cat":295020},{"id":228406,"n":"Mini bâtonnet glace Trium  Rocher vanille Pecan x4 - 214g","p":2.99,"u":"13,97 €/KG","img":"https://fd13-photos.leclercdrive.fr/image.ashx?id=2911726&use=l&cat=p&typeid=i","cat":284265},{"id":228460,"n":"Capsules lave-vaisselle Sun Tout-en-1 Absolu Plus 390g x26","p":7.9,"u":"20,26 €/KG","img":"https://fd13-photos.leclercdrive.fr/image.ashx?id=2960282&use=l&cat=p&typeid=i","cat":284656},{"id":228461,"n":"Spray Nettoyant Menager Cif  Cleanboost Technology - 750 ml","p":2.12,"u":"2,83 €/L","img":"https://fd13-photos.leclercdrive.fr/image.ashx?id=2866214&use=l&cat=p&typeid=i","cat":325357},{"id":228462,"n":"Spray Nettoyant 5-en-1 Cif Cuisine & Salle de Bain 750ml","p":2.01,"u":"2,68 €/L","img":"https://fd13-photos.leclercdrive.fr/image.ashx?id=2999336&use=l&cat=p&typeid=i","cat":325357},{"id":228464,"n":"Recharge Adoucissant Soupline Grand Air - 1L - x45","p":3.6,"u":"3,60 €/L","img":"https://fd13-photos.leclercdrive.fr/image.ashx?id=2860598&use=l&cat=p&typeid=i","cat":284650},{"id":228467,"n":"Spray nettoyant ménager Ajax Salle de bain - 500ml","p":2.68,"u":"5,36 €/L","img":"https://fd13-photos.leclercdrive.fr/image.ashx?id=2708041&use=l&cat=p&typeid=i","cat":325357},{"id":228468,"n":"Spray nettoyant ménager Ajax Multi-surfaces - 500ml","p":2.68,"u":"5,36 €/L","img":"https://fd13-photos.leclercdrive.fr/image.ashx?id=2708044&use=l&cat=p&typeid=i","cat":325357},{"id":228469,"n":"Perles de linge Soupline Grand Air - 230g","p":6.9,"u":"30,00 €/KG","img":"https://fd13-photos.leclercdrive.fr/image.ashx?id=2708032&use=l&cat=p&typeid=i","cat":325302},{"id":228473,"n":"Déodorant Bulldog Original - 125ml","p":4.95,"u":"39,60 €/L","img":"https://fd13-photos.leclercdrive.fr/image.ashx?id=2708259&use=l&cat=p&typeid=i","cat":284595},{"id":228486,"n":"Gel douche Dove Fraîcheur - 450ml","p":4.01,"u":"8,91 €/L","img":"https://fd13-photos.leclercdrive.fr/image.ashx?id=2738707&use=l&cat=p&typeid=i","cat":284594},{"id":228490,"n":"Lessive liquide Le Chat  L'Expert bicarbonate x66 -2.97L","p":13.99,"u":"4,71 €/L","img":"https://fd13-photos.leclercdrive.fr/image.ashx?id=2877781&use=l&cat=p&typeid=i","cat":284640},{"id":228499,"n":"Lessive liquide X-tra Total 4 en 1 x63 - 2.835L","p":8.84,"u":"3,12 €/L","img":"https://fd13-photos.leclercdrive.fr/image.ashx?id=2921561&use=l&cat=p&typeid=i","cat":284640},{"id":228501,"n":"Lessive liquide X-tra Total Savon de Marseille x63  -2.835L","p":9.78,"u":"3,45 €/L","img":"https://fd13-photos.leclercdrive.fr/image.ashx?id=2921564&use=l&cat=p&typeid=i","cat":284640},{"id":228504,"n":"Liquide vaisselle Mir vinaigre Framboise dégraissant  - 450ml","p":1.32,"u":"2,93 €/L","img":"https://fd13-photos.leclercdrive.fr/image.ashx?id=2979725&use=l&cat=p&typeid=i","cat":284655},{"id":228506,"n":"Lessive liquide Mir Black Raviveur noir x27 - 1.35L","p":4.94,"u":"3,66 €/L","img":"https://fd13-photos.leclercdrive.fr/image.ashx?id=2881323&use=l&cat=p&typeid=i","cat":284644},{"id":228509,"n":"Lessive liquide Mir Laine Textile délicat x27 - 1.35L","p":4.94,"u":"3,66 €/L","img":"https://fd13-photos.leclercdrive.fr/image.ashx?id=2890118&use=l&cat=p&typeid=i","cat":284644},{"id":228510,"n":"Lessive liquide Super Croix X-tra Bora Bora x42 - 1.89L","p":7.41,"u":"3,92 €/L","img":"https://fd13-photos.leclercdrive.fr/image.ashx?id=2876263&use=l&cat=p&typeid=i","cat":284640},{"id":228631,"n":"Soda Coca-Cola Sans Sucres Canette - Pack 6x20CL","p":3.47,"u":"2,89 €/L","img":"https://fd13-photos.leclercdrive.fr/image.ashx?id=2709352&use=l&cat=p&typeid=i","cat":284530},{"id":228684,"n":"Bière blonde La Bête 8° - 12x25cl","p":12.64,"u":"4,21 €/L","img":"https://fd13-photos.leclercdrive.fr/image.ashx?id=2709199&use=l&cat=p&typeid=i","cat":334872},{"id":228702,"n":"Shampooing Head & Shoulders  Sébo régulateur - 625ml","p":12.79,"u":"20,46 €/L","img":"https://fd13-photos.leclercdrive.fr/image.ashx?id=2712163&use=l&cat=p&typeid=i","cat":284606},{"id":228833,"n":"Chips ondulées Pom'Lisse Tomate basilic - 135g","p":1.29,"u":"9,56 €/KG","img":"https://fd13-photos.leclercdrive.fr/image.ashx?id=2711066&use=l&cat=p&typeid=i","cat":284447},{"id":228836,"n":"Chips ondulées Pom'Lisse Olive noire - 135g","p":1.29,"u":"9,56 €/KG","img":"https://fd13-photos.leclercdrive.fr/image.ashx?id=2709978&use=l&cat=p&typeid=i","cat":284447},{"id":228940,"n":"Naturnes Nestlé Jardinière de légumes 2x190g","p":2.29,"u":"6,03 €/KG","img":"https://fd13-photos.leclercdrive.fr/image.ashx?id=2712124&use=l&cat=p&typeid=i","cat":312235},{"id":228948,"n":"Biscuits Mulino Bianco Nascondini - 330g","p":4.99,"u":"15,12 €/KG","img":"https://fd13-photos.leclercdrive.fr/image.ashx?id=2850258&use=l&cat=p&typeid=i","cat":289010},{"id":228950,"n":"Biscuits Mulino Bianco Macine - 350g","p":3.49,"u":"9,97 €/KG","img":"https://fd13-photos.leclercdrive.fr/image.ashx?id=2880567&use=l&cat=p&typeid=i","cat":289010},{"id":228952,"n":"Biscuits Mulino Bianco Galetti - 350g","p":3.49,"u":"9,97 €/KG","img":"https://fd13-photos.leclercdrive.fr/image.ashx?id=2850252&use=l&cat=p&typeid=i","cat":289010},{"id":228957,"n":"Dessert P'tit brassé  Mini banane - 300g","p":1.8,"u":"6,00 €/KG","img":"https://fd13-photos.leclercdrive.fr/image.ashx?id=2958203&use=l&cat=p&typeid=i","cat":312392},{"id":228958,"n":"Dessert mini P'tit brassé Nature -300g","p":2.09,"u":"6,97 €/KG","img":"https://fd13-photos.leclercdrive.fr/image.ashx?id=2712112&use=l&cat=p&typeid=i","cat":312392},{"id":228964,"n":"P'tite céréales  Vanille - 270g","p":3.25,"u":"12,04 €/KG","img":"https://fd13-photos.leclercdrive.fr/image.ashx?id=2737777&use=l&cat=p&typeid=i","cat":312225},{"id":228970,"n":"Chips Tortilla Doritos Chili - 250g","p":2.33,"u":"9,32 €/KG","img":"https://fd13-photos.leclercdrive.fr/image.ashx?id=2959439&use=l&cat=p&typeid=i","cat":287899},{"id":228975,"n":"Plat cuisiné Paysan Breton Porc champignons - 300g","p":3.3,"u":"11,00 €/KG","img":"https://fd13-photos.leclercdrive.fr/image.ashx?id=2712582&use=l&cat=p&typeid=i","cat":284953},{"id":228976,"n":"Infusion Saveurs du soir Lipton Grand sud - 32g","p":1.14,"u":"35,63 €/KG","img":"https://fd13-photos.leclercdrive.fr/image.ashx?id=2718741&use=l&cat=p&typeid=i","cat":293234},{"id":229001,"n":"Biscuits mini fourrés BN  Framboise - x5 - 175g","p":1.7,"u":"9,71 €/KG","img":"https://fd13-photos.leclercdrive.fr/image.ashx?id=2748230&use=l&cat=p&typeid=i","cat":284489},{"id":229002,"n":"Chips Tuiles Pringles HOT Flamin' Cheese - 160g","p":2.0,"u":"12,50 €/KG","img":"https://fd13-photos.leclercdrive.fr/image.ashx?id=2927609&use=l&cat=p&typeid=i","cat":287899},{"id":229009,"n":"Kit Tacos Old El Paso Street Vibes al pastor - 257g","p":2.79,"u":"10,86 €/KG","img":"https://fd13-photos.leclercdrive.fr/image.ashx?id=2764634&use=l&cat=p&typeid=i","cat":288993},{"id":229029,"n":"Tomates entières Alro 400g","p":2.59,"u":"10,79 €/KG","img":"https://fd13-photos.leclercdrive.fr/image.ashx?id=2994545&use=l&cat=p&typeid=i","cat":289010},{"id":229061,"n":"Sauce soja salée Tanoshi 200ml","p":3.28,"u":"16,40 €/L","img":"https://fd13-photos.leclercdrive.fr/image.ashx?id=2921603&use=l&cat=p&typeid=i","cat":288992},{"id":229075,"n":"Florelli Pinsa Romana 230g","p":3.55,"u":"15,43 €/KG","img":"https://fd13-photos.leclercdrive.fr/image.ashx?id=2714498&use=l&cat=p&typeid=i","cat":289010},{"id":229102,"n":"Capsule Nescafé Farmers Origins  Africas Int 10 - x18","p":4.32,"u":"54,68 €/KG","img":"https://fd13-photos.leclercdrive.fr/image.ashx?id=2714588&use=l&cat=p&typeid=i","cat":284749},{"id":229109,"n":"Capsule Nescafé Farmers Origins Intensité 7 - x10 - 44g","p":2.82,"u":"64,09 €/KG","img":"https://fd13-photos.leclercdrive.fr/image.ashx?id=2714585&use=l&cat=p&typeid=i","cat":284749},{"id":229128,"n":"Nouilles Tanoshi Curry épicé cup de 65g","p":1.51,"u":"23,23 €/KG","img":"https://fd13-photos.leclercdrive.fr/image.ashx?id=2939442&use=l&cat=p&typeid=i","cat":288992},{"id":229224,"n":"Glace pâte à tartiner Nutella 230g","p":3.98,"u":"17,30 €/KG","img":"https://fd13-photos.leclercdrive.fr/image.ashx?id=2905672&use=l&cat=p&typeid=i","cat":284725},{"id":229243,"n":"Soin capillaire express Le  Petit Marseillais Karité -200ml","p":2.88,"u":"14,40 €/L","img":"https://fd13-photos.leclercdrive.fr/image.ashx?id=2735248&use=l&cat=p&typeid=i","cat":284608},{"id":229293,"n":"Crème Glacée Carte D'Or crème  de Vanille de Madagascar 700ml","p":3.27,"pp":2.29,"u":"6,24 €/KG","img":"https://fd13-photos.leclercdrive.fr/image.ashx?id=2793062&use=l&cat=p&typeid=i","cat":284263},{"id":229394,"n":"Crème glacée La Laitière Café - 490g","p":3.24,"pp":2.27,"u":"4,63 €/KG","img":"https://fd13-photos.leclercdrive.fr/image.ashx?id=3000021&use=l&cat=p&typeid=i","cat":284263},{"id":229395,"n":"Crème glacée La Laitière Menthe Chocolat - 490g","p":3.24,"pp":2.27,"u":"4,63 €/KG","img":"https://fd13-photos.leclercdrive.fr/image.ashx?id=2877889&use=l&cat=p&typeid=i","cat":284263},{"id":229396,"n":"Sorbet La Laitière Citron - 558g","p":3.24,"pp":2.27,"u":"4,07 €/KG","img":"https://fd13-photos.leclercdrive.fr/image.ashx?id=2877895&use=l&cat=p&typeid=i","cat":284263},{"id":229397,"n":"Sorbet La Laitière Fraise - 558g","p":3.24,"pp":2.27,"u":"4,07 €/KG","img":"https://fd13-photos.leclercdrive.fr/image.ashx?id=3000018&use=l&cat=p&typeid=i","cat":284263},{"id":229419,"n":"Grilletine Pasquier Biscuitée x18 - 255g","p":2.37,"u":"9,29 €/KG","img":"https://fd13-photos.leclercdrive.fr/image.ashx?id=2716177&use=l&cat=p&typeid=i","cat":284479},{"id":229487,"n":"Margarine ProActiv Expert Tartine et gourmet -Doux - 450g","p":5.11,"u":"11,36 €/KG","img":"https://fd13-photos.leclercdrive.fr/image.ashx?id=2972601&use=l&cat=p&typeid=i","cat":315229},{"id":229497,"n":"Chips Lay's  Bolognaise - 130g","p":1.38,"u":"10,62 €/KG","img":"https://fd13-photos.leclercdrive.fr/image.ashx?id=3011149&use=l&cat=p&typeid=i","cat":284447},{"id":229498,"n":"Chips Lay's Moutarde pickles - 135g","p":1.55,"u":"11,48 €/KG","img":"https://fd13-photos.leclercdrive.fr/image.ashx?id=3011152&use=l&cat=p&typeid=i","cat":284447},{"id":229509,"n":"Déodorant Rexona Men  Cobalt Dry - 2x50ml","p":5.39,"u":"53,90 €/L","img":"https://fd13-photos.leclercdrive.fr/image.ashx?id=2943792&use=l&cat=p&typeid=i","cat":284618},{"id":229517,"n":"Soda au cola Pepsi Zéro sucres Le lot de 6x33cl canettes","p":2.4,"u":"1,21 €/L","img":"https://fd13-photos.leclercdrive.fr/image.ashx?id=2773391&use=l&cat=p&typeid=i","cat":284530},{"id":229524,"n":"Thé glacé pétillant Lipton Ice Tea pêche - canettes 6x33cl","p":3.66,"u":"1,85 €/L","img":"https://fd13-photos.leclercdrive.fr/image.ashx?id=2900833&use=l&cat=p&typeid=i","cat":295019},{"id":229593,"n":"Tablettes lave-vaisselle Visior Tout en 1 citron x45 - 765g","p":5.79,"u":"7,57 €/KG","img":"https://fd13-photos.leclercdrive.fr/image.ashx?id=2931850&use=l&cat=p&typeid=i","cat":284656},{"id":229594,"n":"Pizza Dr Oetker Ristorante Jambon Champignon - 580g","p":4.37,"u":"7,53 €/KG","img":"https://fd13-photos.leclercdrive.fr/image.ashx?id=2993080&use=l&cat=p&typeid=i","cat":284256},{"id":229596,"n":"Capsules Starbucks by Nespresso  Vanille Int 5 - x10","p":3.7,"u":"72,55 €/KG","img":"https://fd13-photos.leclercdrive.fr/image.ashx?id=2718263&use=l&cat=p&typeid=i","cat":284749},{"id":229611,"n":"AOP vin rosé ventoux  Rives et Terrasses 3L","p":9.99,"u":"3,33 €/L","img":"https://fd13-photos.leclercdrive.fr/image.ashx?id=2884276&use=l&cat=p&typeid=i","cat":289558},{"id":229743,"n":"Pain burger Pasquier Le classique x4 - 235g","p":1.44,"u":"6,13 €/KG","img":"https://fd13-photos.leclercdrive.fr/image.ashx?id=2862266&use=l&cat=p&typeid=i","cat":325067},{"id":229762,"n":"Café capsules L'OR Espresso Delizioso - x50 - 260g","p":12.69,"u":"48,81 €/KG","img":"https://fd13-photos.leclercdrive.fr/image.ashx?id=2719861&use=l&cat=p&typeid=i","cat":284749},{"id":229765,"n":"Café capsules L'OR Espresso Forza - x50 - 260g","p":12.69,"u":"48,81 €/KG","img":"https://fd13-photos.leclercdrive.fr/image.ashx?id=2719864&use=l&cat=p&typeid=i","cat":284749},{"id":229769,"n":"Café capsules L'OR Espresso Ristretto - x50 - 260g","p":12.69,"u":"48,81 €/KG","img":"https://fd13-photos.leclercdrive.fr/image.ashx?id=2719867&use=l&cat=p&typeid=i","cat":284749},{"id":229770,"n":"Café capsules L'OR Espresso Splendente - x50 - 260g","p":12.69,"u":"48,81 €/KG","img":"https://fd13-photos.leclercdrive.fr/image.ashx?id=2719870&use=l&cat=p&typeid=i","cat":284749},{"id":229771,"n":"Bière blanche La Bête 5,2° - 50cl canette","p":2.16,"u":"4,32 €/L","img":"https://fd13-photos.leclercdrive.fr/image.ashx?id=2719192&use=l&cat=p&typeid=i","cat":334853},{"id":229814,"n":"Crème fixative Polident Original 0% - 77g","p":5.37,"u":"69,74 €/KG","img":"https://fd13-photos.leclercdrive.fr/image.ashx?id=2719618&use=l&cat=p&typeid=i","cat":285158},{"id":229846,"n":"Serviettes fuites urinaires  Always Discreet - 3x10p","p":12.56,"u":"0,42 €/P","img":"https://fd13-photos.leclercdrive.fr/image.ashx?id=2721433&use=l&cat=p&typeid=i","cat":284628},{"id":229851,"n":"Serviettes fuites urinaires  Always Discreet - x32","p":12.56,"u":"0,39 €/P","img":"https://fd13-photos.leclercdrive.fr/image.ashx?id=2721448&use=l&cat=p&typeid=i","cat":284628},{"id":229879,"n":"Apéritif Campari 25% vol - 70cl","p":16.37,"u":"23,39 €/L","img":"https://fd13-photos.leclercdrive.fr/image.ashx?id=3009155&use=l&cat=p&typeid=i","cat":286032},{"id":229893,"n":"Pain de mie complet Harrys Sandwich Sans sucre ajouté 900g","p":2.31,"u":"2,57 €/KG","img":"https://fd13-photos.leclercdrive.fr/image.ashx?id=2962476&use=l&cat=p&typeid=i","cat":284477},{"id":229896,"n":"Pain de mie nature Harrys American Sandwich 550g","p":1.43,"u":"2,60 €/KG","img":"https://fd13-photos.leclercdrive.fr/image.ashx?id=2962446&use=l&cat=p&typeid=i","cat":284477},{"id":229897,"n":"Pain de mie nature Harrys Sandwich Sans sucre ajouté 825g","p":2.17,"u":"2,63 €/KG","img":"https://fd13-photos.leclercdrive.fr/image.ashx?id=2962449&use=l&cat=p&typeid=i","cat":284477},{"id":229920,"n":"Pain de mie rustique Harrys Sandwich Sans sucre ajouté 500g","p":2.39,"u":"4,78 €/KG","img":"https://fd13-photos.leclercdrive.fr/image.ashx?id=2962458&use=l&cat=p&typeid=i","cat":284477},{"id":229921,"n":"Pain de mie céréales Harrys Sandwich Sans sucre ajouté 550g","p":1.9,"u":"3,45 €/KG","img":"https://fd13-photos.leclercdrive.fr/image.ashx?id=2962452&use=l&cat=p&typeid=i","cat":284477},{"id":229960,"n":"Bâtonnets Yeti Super Mario  Superfruit x6 - 360g","p":3.95,"u":"10,97 €/KG","img":"https://fd13-photos.leclercdrive.fr/image.ashx?id=2733850&use=l&cat=p&typeid=i","cat":285250},{"id":229982,"n":"Coulommiers Eco+ 320g","p":1.78,"u":"5,56 €/KG","img":"https://fd13-photos.leclercdrive.fr/image.ashx?id=2726824&use=l&cat=p&typeid=i","cat":314033},{"id":229988,"n":"Lamelles kebab Maître Coq 600g","p":7.86,"u":"13,10 €/KG","img":"https://fd13-photos.leclercdrive.fr/image.ashx?id=2719075&use=l&cat=p&typeid=i","cat":null},{"id":230150,"n":"Tablette chocolat Poulain Noir extra - 4x100g","p":4.94,"u":"12,35 €/KG","img":"https://fd13-photos.leclercdrive.fr/image.ashx?id=2867569&use=l&cat=p&typeid=i","cat":284956},{"id":230162,"n":"Tablette de chocolat Lindt Excellence noir gaufrette  100g","p":2.77,"u":"27,70 €/KG","img":"https://fd13-photos.leclercdrive.fr/image.ashx?id=2720437&use=l&cat=p&typeid=i","cat":284956},{"id":230167,"n":"Lessive liquide X-tra Total  Ecopack  x41 - 1.845L","p":6.49,"u":"3,52 €/L","img":"https://fd13-photos.leclercdrive.fr/image.ashx?id=2890124&use=l&cat=p&typeid=i","cat":284640},{"id":230171,"n":"Bière Picon 1L","p":10.3,"u":"10,30 €/L","img":"https://fd13-photos.leclercdrive.fr/image.ashx?id=2720908&use=l&cat=p&typeid=i","cat":334872},{"id":230172,"n":"Boisson protéinée Lindahls pro+ Chocolat - 50cl","p":1.98,"u":"3,96 €/L","img":"https://fd13-photos.leclercdrive.fr/image.ashx?id=2721859&use=l&cat=p&typeid=i","cat":295246},{"id":230303,"n":"Rasoir Gillette Fusion x5","p":27.65,"u":"5,53 €/P","img":"https://fd13-photos.leclercdrive.fr/image.ashx?id=2722240&use=l&cat=p&typeid=i","cat":284616},{"id":230306,"n":"Saucisson secs Saint Azay Fromage de chèvre - 100g","p":2.29,"u":"22,90 €/KG","img":"https://fd13-photos.leclercdrive.fr/image.ashx?id=2721398&use=l&cat=p&typeid=i","cat":316006},{"id":230313,"n":"AOP vin rouge Beaujolais Arnaud Au Coeur Vieilles Vigne - 75 CL","p":8.59,"u":"11,45 €/L","img":"https://fd13-photos.leclercdrive.fr/image.ashx?id=2721973&use=l&cat=p&typeid=i","cat":289556},{"id":230314,"n":"Stick de saucissons secs olive Saint Azay - 100g","p":2.29,"u":"22,90 €/KG","img":"https://fd13-photos.leclercdrive.fr/image.ashx?id=2721401&use=l&cat=p&typeid=i","cat":316006},{"id":230322,"n":"AOP vin rouge Château Graulet  Blaye côtes de Bordeaux - 75cl","p":7.99,"u":"10,65 €/L","img":"https://fd13-photos.leclercdrive.fr/image.ashx?id=2721877&use=l&cat=p&typeid=i","cat":289556},{"id":230324,"n":"AOP Grand Vin de Reignac  Vin rouge - 75cl","p":19.39,"u":"25,85 €/L","img":"https://fd13-photos.leclercdrive.fr/image.ashx?id=2721895&use=l&cat=p&typeid=i","cat":289556},{"id":230360,"n":"AOP Chinon vin rouge Les Tribordais de Loire - 75cl","p":6.25,"u":"8,33 €/L","img":"https://fd13-photos.leclercdrive.fr/image.ashx?id=2752140&use=l&cat=p&typeid=i","cat":289556},{"id":230607,"n":"Mini cheeseburgers L'Atelier Traiteur x6 -240g","p":5.99,"u":"24,96 €/KG","img":"https://fd13-photos.leclercdrive.fr/image.ashx?id=2722303&use=l&cat=p&typeid=i","cat":316003},{"id":230634,"n":"Dattes Deglet Nour Eco+ Barquette 500g","p":1.94,"u":"3,88 €/KG","img":"https://fd13-photos.leclercdrive.fr/image.ashx?id=2747196&use=l&cat=p&typeid=i","cat":284357},{"id":230754,"n":"Huile solaire Lovea Solaire - SPF30 - 150ml","p":12.49,"u":"83,27 €/L","img":"https://fd13-photos.leclercdrive.fr/image.ashx?id=2723827&use=l&cat=p&typeid=i","cat":325349},{"id":230757,"n":"Crème fixante Polident Soin & tolérance 0% - 44g","p":4.19,"u":"95,23 €/KG","img":"https://fd13-photos.leclercdrive.fr/image.ashx?id=2723893&use=l&cat=p&typeid=i","cat":285158},{"id":230781,"n":"Chips Street food Vico Saveur poulet Tex Mex - 120g","p":1.2,"u":"10,00 €/KG","img":"https://fd13-photos.leclercdrive.fr/image.ashx?id=3000099&use=l&cat=p&typeid=i","cat":284447},{"id":230830,"n":"Crackers Belin Monaco Emmental 110g","p":1.24,"u":"11,27 €/KG","img":"https://fd13-photos.leclercdrive.fr/image.ashx?id=3002228&use=l&cat=p&typeid=i","cat":297000},{"id":230855,"n":"Crackers Belin Feuilleté Emmental 95g","p":1.24,"u":"13,05 €/KG","img":"https://fd13-photos.leclercdrive.fr/image.ashx?id=3005320&use=l&cat=p&typeid=i","cat":297000},{"id":230985,"n":"Barquettes Cesar 8x100g","p":7.75,"u":"9,69 €/KG","img":"https://fd13-photos.leclercdrive.fr/image.ashx?id=2725786&use=l&cat=p&typeid=i","cat":284673},{"id":231052,"n":"Bacon fumé au bois de hêtre Cochonou - 10 tranches - 100g","p":2.04,"u":"20,40 €/KG","img":"https://fd13-photos.leclercdrive.fr/image.ashx?id=2833630&use=l&cat=p&typeid=i","cat":316007},{"id":231126,"n":"Thon entier MSC Rio Mare Filet d'huile d'olive - 120g","p":3.31,"u":"27,58 €/KG","img":"https://fd13-photos.leclercdrive.fr/image.ashx?id=2726263&use=l&cat=p&typeid=i","cat":303867},{"id":231152,"n":"Sardines Les Dieux Huile d'olive piment - 115g","p":2.99,"u":"26,00 €/KG","img":"https://fd13-photos.leclercdrive.fr/image.ashx?id=2726155&use=l&cat=p&typeid=i","cat":305146},{"id":231203,"n":"Lessive liquide Super Croix  X-tra Japon x42- 1.89L","p":8.45,"u":"4,47 €/L","img":"https://fd13-photos.leclercdrive.fr/image.ashx?id=2876272&use=l&cat=p&typeid=i","cat":284640},{"id":231226,"n":"Doonuts nappés St Michel 8+4 offerts - 360g","p":2.39,"u":"6,64 €/KG","img":"https://fd13-photos.leclercdrive.fr/image.ashx?id=2936308&use=l&cat=p&typeid=i","cat":284495},{"id":231228,"n":"Doomino chocolat St Michel 8+4 offerts - 360g","p":2.4,"u":"6,67 €/KG","img":"https://fd13-photos.leclercdrive.fr/image.ashx?id=2986290&use=l&cat=p&typeid=i","cat":284495},{"id":231282,"n":"Chips Street food Vico  Saveur tzatziki - 120g","p":1.25,"u":"10,42 €/KG","img":"https://fd13-photos.leclercdrive.fr/image.ashx?id=2985192&use=l&cat=p&typeid=i","cat":284447},{"id":231313,"n":"Arrangé Isautier Café  50cl","p":17.33,"u":"34,66 €/L","img":"https://fd13-photos.leclercdrive.fr/image.ashx?id=2728474&use=l&cat=p&typeid=i","cat":284551},{"id":231314,"n":"Arrangé Isautier Ananas vanille piment  50cl","p":16.8,"u":"33,60 €/L","img":"https://fd13-photos.leclercdrive.fr/image.ashx?id=2728477&use=l&cat=p&typeid=i","cat":284551},{"id":231362,"n":"Barquettes de terrine Cesar Bio Natural Goodness - 100g","p":1.09,"u":"10,90 €/KG","img":"https://fd13-photos.leclercdrive.fr/image.ashx?id=2728657&use=l&cat=p&typeid=i","cat":284673},{"id":231364,"n":"Barquettes terrine Cesar Bio Natural Goodness - 100g","p":1.09,"u":"10,90 €/KG","img":"https://fd13-photos.leclercdrive.fr/image.ashx?id=2728654&use=l&cat=p&typeid=i","cat":284673},{"id":231368,"n":"Capsules café L'Or Espresso Supremo N°10 x30","p":8.63,"u":"55,32 €/KG","img":"https://fd13-photos.leclercdrive.fr/image.ashx?id=2788052&use=l&cat=p&typeid=i","cat":284749},{"id":231369,"n":"Capsules café L'Or Espresso Splendente N°7 x30","p":5.99,"u":"38,40 €/KG","img":"https://fd13-photos.leclercdrive.fr/image.ashx?id=2728846&use=l&cat=p&typeid=i","cat":284749},{"id":231370,"n":"Capsules café L'Or Espresso Ristretto N°11 x30","p":8.63,"u":"55,32 €/KG","img":"https://fd13-photos.leclercdrive.fr/image.ashx?id=2728843&use=l&cat=p&typeid=i","cat":284749},{"id":231371,"n":"Capsules café L'Or Espresso Forza N°9 x30","p":8.63,"u":"55,32 €/KG","img":"https://fd13-photos.leclercdrive.fr/image.ashx?id=3000468&use=l&cat=p&typeid=i","cat":284749},{"id":231372,"n":"Capsules café L'Or Espresso Delizioso N°5 x30","p":6.54,"u":"41,92 €/KG","img":"https://fd13-photos.leclercdrive.fr/image.ashx?id=2851345&use=l&cat=p&typeid=i","cat":284749},{"id":231401,"n":"Test de grossesse Clearblue x1","p":12.82,"img":"https://fd13-photos.leclercdrive.fr/image.ashx?id=2906862&use=l&cat=p&typeid=i","cat":324482},{"id":231570,"n":"Badoit bulles de fruits rouges 1l","p":1.49,"u":"1,49 €/L","img":"https://fd13-photos.leclercdrive.fr/image.ashx?id=2964676&use=l&cat=p&typeid=i","cat":284536},{"id":231571,"n":"Badoit bulles de fruits  Exotiques - 1L","p":1.45,"u":"1,45 €/L","img":"https://fd13-photos.leclercdrive.fr/image.ashx?id=2753952&use=l&cat=p&typeid=i","cat":284536},{"id":231629,"n":"Lasagnes au thon  900g","p":5.99,"u":"6,66 €/KG","img":"https://fd13-photos.leclercdrive.fr/image.ashx?id=2739240&use=l&cat=p&typeid=i","cat":284254},{"id":231657,"n":"Tablettes lave-vaisselle Finish Power Plus - x35","p":7.94,"u":"14,18 €/KG","img":"https://fd13-photos.leclercdrive.fr/image.ashx?id=2749431&use=l&cat=p&typeid=i","cat":284656},{"id":231658,"n":"Lessive liquide X-tra Total  4 en 1 propreté x85 - 3.825L","p":13.39,"u":"3,50 €/L","img":"https://fd13-photos.leclercdrive.fr/image.ashx?id=2740568&use=l&cat=p&typeid=i","cat":284640},{"id":231704,"n":"Lessive multi-usages St Marc  à la Résine de pin - 1,4kg","p":4.24,"u":"3,03 €/KG","img":"https://fd13-photos.leclercdrive.fr/image.ashx?id=2884645&use=l&cat=p&typeid=i","cat":325365},{"id":231708,"n":"Capsules lave-vaisselle Finish  Quantum - x46","p":9.78,"u":"20,46 €/KG","img":"https://fd13-photos.leclercdrive.fr/image.ashx?id=2749440&use=l&cat=p&typeid=i","cat":284656},{"id":231709,"n":"Capsules lave-vaisselle Finish Ultimate Plus Citron - x35","p":9.4,"u":"22,01 €/KG","img":"https://fd13-photos.leclercdrive.fr/image.ashx?id=2749437&use=l&cat=p&typeid=i","cat":284656},{"id":231710,"n":"Capsules lave-vaisselle Finish Ultimate Plus - x35","p":9.86,"u":"23,09 €/KG","img":"https://fd13-photos.leclercdrive.fr/image.ashx?id=2749434&use=l&cat=p&typeid=i","cat":284656},{"id":231712,"n":"Tablettes lave-vaisselle Finish Power Plus - x54","p":9.76,"u":"11,30 €/KG","img":"https://fd13-photos.leclercdrive.fr/image.ashx?id=2749425&use=l&cat=p&typeid=i","cat":284656},{"id":231713,"n":"Spray nettoyant Cillit Bang Expert crasse & calcaire 750ml","p":2.14,"u":"2,85 €/L","img":"https://fd13-photos.leclercdrive.fr/image.ashx?id=2839755&use=l&cat=p&typeid=i","cat":325362},{"id":231714,"n":"Spray nettoyant Cillit Bang  Expert Anti-moisissures - 750ml","p":3.64,"u":"4,85 €/L","img":"https://fd13-photos.leclercdrive.fr/image.ashx?id=2790114&use=l&cat=p&typeid=i","cat":325357},{"id":231715,"n":"Spray nettoyant Cillit Bang  Expert Javel - 750ml","p":2.14,"u":"2,85 €/L","img":"https://fd13-photos.leclercdrive.fr/image.ashx?id=2793653&use=l&cat=p&typeid=i","cat":325357},{"id":231717,"n":"ST MARC Liquide Nettoyant Multi Usages Côtes Bretonnes - 1L","p":2.24,"u":"2,24 €/L","img":"https://fd13-photos.leclercdrive.fr/image.ashx?id=2859074&use=l&cat=p&typeid=i","cat":284907},{"id":231719,"n":"Lessive capsules Super Croix X-tra Bora Bora x28  - 336g","p":8.04,"u":"23,93 €/KG","img":"https://fd13-photos.leclercdrive.fr/image.ashx?id=2876284&use=l&cat=p&typeid=i","cat":284641},{"id":231731,"n":"Crème glacée L'Angélys Stracciatella chocolat - 300g","p":5.27,"u":"17,57 €/KG","img":"https://fd13-photos.leclercdrive.fr/image.ashx?id=2963769&use=l&cat=p&typeid=i","cat":284725},{"id":231732,"n":"Crème glacée L'Angélys Vanille pécan caramel - 300g","p":5.04,"u":"16,80 €/KG","img":"https://fd13-photos.leclercdrive.fr/image.ashx?id=2963763&use=l&cat=p&typeid=i","cat":284725},{"id":232017,"n":"Huile lavante Sanex Natural Prebiotic Atopic  800ml","p":6.45,"u":"8,06 €/KG","img":"https://fd13-photos.leclercdrive.fr/image.ashx?id=2744083&use=l&cat=p&typeid=i","cat":284594},{"id":232021,"n":"My Intuition - Rasoirs comfort sensitive Xtreme 3 Wilkinson","p":10.18,"img":"https://fd13-photos.leclercdrive.fr/image.ashx?id=2743538&use=l&cat=p&typeid=i","cat":325352},{"id":232022,"n":"Lessive capsules Super Croix  X-tra Japon x28 - 336g","p":8.65,"u":"25,74 €/KG","img":"https://fd13-photos.leclercdrive.fr/image.ashx?id=2876278&use=l&cat=p&typeid=i","cat":284641},{"id":232025,"n":"Lessive capsules Super Croix X-tra - Maroc - x28 - 336g","p":8.37,"u":"24,91 €/KG","img":"https://fd13-photos.leclercdrive.fr/image.ashx?id=2876281&use=l&cat=p&typeid=i","cat":284641},{"id":232130,"n":"Lessive liquide Super Croix  X-tra Bora Bora x63 - 2.835L","p":11.99,"u":"4,23 €/L","img":"https://fd13-photos.leclercdrive.fr/image.ashx?id=2876269&use=l&cat=p&typeid=i","cat":284640},{"id":232150,"n":"Lessive liquide Mir Couleurs  Raviveur couleurs x27 - 1.35L","p":6.49,"u":"4,81 €/L","img":"https://fd13-photos.leclercdrive.fr/image.ashx?id=2744034&use=l&cat=p&typeid=i","cat":284644},{"id":232165,"n":"Adoucissant concentré Soupline Couleurs éclatantes - x52 -1.2L","p":5.66,"u":"4,72 €/L","img":"https://fd13-photos.leclercdrive.fr/image.ashx?id=2745427&use=l&cat=p&typeid=i","cat":284650},{"id":232195,"n":"Liquide vaisselle Mir  Peau sensible aloe vera - 450ml","p":1.47,"u":"3,27 €/L","img":"https://fd13-photos.leclercdrive.fr/image.ashx?id=2874904&use=l&cat=p&typeid=i","cat":284655},{"id":232231,"n":"Nettoyant confort visage Mixa Anti-secheresse - 150ml","p":5.65,"u":"37,67 €/L","img":"https://fd13-photos.leclercdrive.fr/image.ashx?id=2744171&use=l&cat=p&typeid=i","cat":284603},{"id":232233,"n":"Gelée matifiante visage Mixa Anti-imperfections - 50ml","p":10.22,"u":"204,40 €/L","img":"https://fd13-photos.leclercdrive.fr/image.ashx?id=2770554&use=l&cat=p&typeid=i","cat":325345},{"id":232275,"n":"Bain de bouche Colgate Max Fraîcheur intense - 500ml","p":3.48,"u":"6,96 €/L","img":"https://fd13-photos.leclercdrive.fr/image.ashx?id=2745433&use=l&cat=p&typeid=i","cat":284613},{"id":232312,"n":"Bain de bouche Sanogyl Soin complet+Blancheur - 500ml","p":3.37,"u":"6,74 €/L","img":"https://fd13-photos.leclercdrive.fr/image.ashx?id=2745706&use=l&cat=p&typeid=i","cat":284613},{"id":232348,"n":"Perles de linge Soupline Lavande - 230g","p":7.4,"u":"32,17 €/KG","img":"https://fd13-photos.leclercdrive.fr/image.ashx?id=2745835&use=l&cat=p&typeid=i","cat":325302},{"id":232351,"n":"Désinfectant du linge Lysol  Douceur de printemps - 1L","p":5.99,"pp":3.95,"u":"3,95 €/L","img":"https://fd13-photos.leclercdrive.fr/image.ashx?id=2745745&use=l&cat=p&typeid=i","cat":290451},{"id":232352,"n":"Désinfectant du linge Lysol  Parfum linge frais - 1,5L","p":5.99,"pp":3.95,"u":"2,63 €/L","img":"https://fd13-photos.leclercdrive.fr/image.ashx?id=2745742&use=l&cat=p&typeid=i","cat":290451},{"id":232355,"n":"Déodorant bille Sanex 0% Pure & Fresh - 50ml","p":3.37,"u":"67,40 €/L","img":"https://fd13-photos.leclercdrive.fr/image.ashx?id=2745862&use=l&cat=p&typeid=i","cat":284595},{"id":232356,"n":"Gel douche Sanex Zéro Family - Pompe - 700ml","p":5.77,"u":"8,24 €/L","img":"https://fd13-photos.leclercdrive.fr/image.ashx?id=2745859&use=l&cat=p&typeid=i","cat":284594},{"id":232358,"n":"Gel lavant désinfectant Sanytol Purifiant - 500ml","p":5.34,"u":"10,68 €/L","img":"https://fd13-photos.leclercdrive.fr/image.ashx?id=2904664&use=l&cat=p&typeid=i","cat":284597},{"id":232378,"n":"Piège stickers fenêtre Raid A mouches - x6","p":5.14,"u":"0,86 €/P","img":"https://fd13-photos.leclercdrive.fr/image.ashx?id=2747076&use=l&cat=p&typeid=i","cat":298368},{"id":232519,"n":"Pâtes Barilla Risoni - 500g","p":1.27,"u":"2,54 €/KG","img":"https://fd13-photos.leclercdrive.fr/image.ashx?id=2748665&use=l&cat=p&typeid=i","cat":284427},{"id":232520,"n":"Pâtes Barilla Ditalini Rigati - 500g","p":1.27,"u":"2,54 €/KG","img":"https://fd13-photos.leclercdrive.fr/image.ashx?id=2748668&use=l&cat=p&typeid=i","cat":284427},{"id":232642,"n":"Boisson énergisante Red Bull Goût Juneberry, 250ml","p":1.3,"u":"5,20 €/L","img":"https://fd13-photos.leclercdrive.fr/image.ashx?id=2748713&use=l&cat=p&typeid=i","cat":284533},{"id":232701,"n":"Thon au naturel Petit Navire  93g","p":1.59,"u":"17,10 €/KG","img":"https://fd13-photos.leclercdrive.fr/image.ashx?id=2748101&use=l&cat=p&typeid=i","cat":303867},{"id":232702,"n":"Miettes de thon Petit Navire  A l'huile d'olive 80g","p":1.65,"u":"20,63 €/KG","img":"https://fd13-photos.leclercdrive.fr/image.ashx?id=2748107&use=l&cat=p&typeid=i","cat":303867},{"id":232703,"n":"Miettes de thon Petit Navire à l'huile de tournesol 80g","p":1.19,"u":"14,88 €/KG","img":"https://fd13-photos.leclercdrive.fr/image.ashx?id=2748104&use=l&cat=p&typeid=i","cat":303867},{"id":232705,"n":"Miettes de thon Petit Navire  Mariné au basilic 180g","p":3.78,"u":"21,00 €/KG","img":"https://fd13-photos.leclercdrive.fr/image.ashx?id=2748116&use=l&cat=p&typeid=i","cat":303867},{"id":232706,"n":"Miettes de thon Petit Navire à  la Sauce tomate 230g","p":2.84,"u":"12,35 €/KG","img":"https://fd13-photos.leclercdrive.fr/image.ashx?id=2748110&use=l&cat=p&typeid=i","cat":303867},{"id":232740,"n":"Chips Tuiles Pringles HOT Barbecue Ribs - 160g","p":1.97,"u":"12,31 €/KG","img":"https://fd13-photos.leclercdrive.fr/image.ashx?id=2749506&use=l&cat=p&typeid=i","cat":287899},{"id":232843,"n":"Porc paysanne Paysan Breton 300g","p":3.35,"u":"11,17 €/KG","img":"https://fd13-photos.leclercdrive.fr/image.ashx?id=2750291&use=l&cat=p&typeid=i","cat":284953},{"id":232855,"n":"Purée façon écrasé Tajine Yooji Bio - Dès 8 mois - 400g","p":4.43,"u":"11,08 €/KG","img":"https://fd13-photos.leclercdrive.fr/image.ashx?id=2750570&use=l&cat=p&typeid=i","cat":312236},{"id":232858,"n":"L'Onctueux Rians Caramel beurre salé - 2x90g","p":2.52,"u":"14,00 €/KG","img":"https://fd13-photos.leclercdrive.fr/image.ashx?id=2750438&use=l&cat=p&typeid=i","cat":285041},{"id":232948,"n":"Crème dessert Danette Pop  Chocolat Noisette x4 - 472g","p":2.41,"u":"5,11 €/P","img":"https://fd13-photos.leclercdrive.fr/image.ashx?id=2935732&use=l&cat=p&typeid=i","cat":285041},{"id":232963,"n":"Yaourt à boire Hipro+ Cafe latte - 345g","p":2.42,"u":"7,01 €/KG","img":"https://fd13-photos.leclercdrive.fr/image.ashx?id=2807450&use=l&cat=p&typeid=i","cat":284415},{"id":232964,"n":"Gel douche enfant Sanex Zéro % Pompe - 700ml","p":5.63,"u":"8,04 €/L","img":"https://fd13-photos.leclercdrive.fr/image.ashx?id=2751381&use=l&cat=p&typeid=i","cat":284594},{"id":232966,"n":"Yaourt à boire Hipro+ Café caramel 345g","p":2.89,"u":"8,38 €/KG","img":"https://fd13-photos.leclercdrive.fr/image.ashx?id=2807447&use=l&cat=p&typeid=i","cat":284415},{"id":232979,"n":"Bougie Glade Aromatherapy  Orange & Néroli - x1","p":5.97,"img":"https://fd13-photos.leclercdrive.fr/image.ashx?id=2867725&use=l&cat=p&typeid=i","cat":284666},{"id":232982,"n":"Bougie Glade Vanille - 112g","p":3.95,"img":"https://fd13-photos.leclercdrive.fr/image.ashx?id=2751285&use=l&cat=p&typeid=i","cat":284666},{"id":232984,"n":"Bougie Glade I Love You - 112g","p":3.9,"img":"https://fd13-photos.leclercdrive.fr/image.ashx?id=2865440&use=l&cat=p&typeid=i","cat":284666},{"id":232985,"n":"Bougie Glade Honey & Chocolate - x1","p":3.99,"img":"https://fd13-photos.leclercdrive.fr/image.ashx?id=2865437&use=l&cat=p&typeid=i","cat":284666},{"id":232986,"n":"Bougie Glade Anti-tabac - 112g","p":3.65,"img":"https://fd13-photos.leclercdrive.fr/image.ashx?id=2751276&use=l&cat=p&typeid=i","cat":284666},{"id":232989,"n":"Spray nettoyant Cillit Bang  Expert Dégraissant - 750ml","p":3.64,"img":"https://fd13-photos.leclercdrive.fr/image.ashx?id=2751222&use=l&cat=p&typeid=i","cat":325357},{"id":232991,"n":"Déodorant Eco+ Floral - 200ml","p":0.87,"u":"4,35 €/L","img":"https://fd13-photos.leclercdrive.fr/image.ashx?id=2750270&use=l&cat=p&typeid=i","cat":284595},{"id":233001,"n":"Gel Lubrifiant Durex Naturel Hydratant - 100ML","p":8.16,"u":"81,60 €/L","img":"https://fd13-photos.leclercdrive.fr/image.ashx?id=2962026&use=l&cat=p&typeid=i","cat":285160},{"id":233102,"n":"Dentifrice Sensodyne Soin complet - 2x75ml","p":5.87,"u":"39,13 €/L","img":"https://fd13-photos.leclercdrive.fr/image.ashx?id=2805186&use=l&cat=p&typeid=i","cat":284612},{"id":233103,"n":"Dentifrice Sensodyne Soin blancheur - 2x75ml","p":5.87,"u":"39,13 €/L","img":"https://fd13-photos.leclercdrive.fr/image.ashx?id=2829928&use=l&cat=p&typeid=i","cat":284612},{"id":233104,"n":"Dentifrice Sensodyne Soin Gencives - 2x75ml","p":5.8,"u":"38,67 €/L","img":"https://fd13-photos.leclercdrive.fr/image.ashx?id=2829934&use=l&cat=p&typeid=i","cat":284612},{"id":233105,"n":"Dentifrice Sensodyne Répare & protège Menthe 2x75ml","p":6.55,"u":"43,67 €/L","img":"https://fd13-photos.leclercdrive.fr/image.ashx?id=2806919&use=l&cat=p&typeid=i","cat":284612},{"id":233106,"n":"Dentifrice Sensodyne Répare & Protège Blancheur 2x75ml","p":6.55,"u":"43,67 €/L","img":"https://fd13-photos.leclercdrive.fr/image.ashx?id=2880312&use=l&cat=p&typeid=i","cat":284612},{"id":233137,"n":"Masque cheveux Fructis Réparateur - Papaye - 320ml","p":5.77,"u":"18,03 €/L","img":"https://fd13-photos.leclercdrive.fr/image.ashx?id=2754036&use=l&cat=p&typeid=i","cat":284608},{"id":233151,"n":"Masque cheveux fructis Nourrissant - Banana - 320ml","p":5.77,"u":"18,03 €/L","img":"https://fd13-photos.leclercdrive.fr/image.ashx?id=2754042&use=l&cat=p&typeid=i","cat":284608},{"id":233153,"n":"Masque cheveux Fructis Nutrition Beurre de cacao 320ml","p":5.98,"u":"18,69 €/L","img":"https://fd13-photos.leclercdrive.fr/image.ashx?id=2788763&use=l&cat=p&typeid=i","cat":284608},{"id":233154,"n":"Masque cheveux Fructis Hydratant - Aloe Vera - 320ml","p":5.77,"u":"18,03 €/L","img":"https://fd13-photos.leclercdrive.fr/image.ashx?id=2754048&use=l&cat=p&typeid=i","cat":284608},{"id":233155,"n":"Lait corps Mixa Céramide Protection - 400ml","p":5.19,"u":"0,01 €/M3","img":"https://fd13-photos.leclercdrive.fr/image.ashx?id=2754051&use=l&cat=p&typeid=i","cat":325349},{"id":233179,"n":"Chips Tuiles Pringles HOT Mexican Chili & Lime - 160g","p":1.95,"u":"12,19 €/KG","img":"https://fd13-photos.leclercdrive.fr/image.ashx?id=2753244&use=l&cat=p&typeid=i","cat":284447},{"id":233411,"n":"Mini pots Häagen-Dazs Lotus Biscoff Collection 324g","p":4.79,"u":"14,78 €/KG","img":"https://fd13-photos.leclercdrive.fr/image.ashx?id=2893474&use=l&cat=p&typeid=i","cat":284725},{"id":233611,"n":"Mousseline au saumon Révélation Purina Gourmet - 4x57g","p":2.83,"u":"12,41 €/KG","img":"https://fd13-photos.leclercdrive.fr/image.ashx?id=2757812&use=l&cat=p&typeid=i","cat":285286},{"id":233629,"n":"Shampooing Le Petit Marseillais Force & éclat - 300ml","p":1.78,"u":"5,93 €/L","img":"https://fd13-photos.leclercdrive.fr/image.ashx?id=2758090&use=l&cat=p&typeid=i","cat":284606},{"id":233630,"n":"Shampooing Le Petit Marseillais Nutrition - 300ml","p":1.78,"u":"5,93 €/L","img":"https://fd13-photos.leclercdrive.fr/image.ashx?id=2758093&use=l&cat=p&typeid=i","cat":284606},{"id":233631,"n":"Shampooing Le Petit Marseillais Purifiant - 300ml","p":1.78,"u":"5,93 €/L","img":"https://fd13-photos.leclercdrive.fr/image.ashx?id=2758096&use=l&cat=p&typeid=i","cat":284606},{"id":233632,"n":"Shampooing Le Petit Marseillais Douceur & éclat - 300ml","p":2.55,"u":"8,50 €/MT","img":"https://fd13-photos.leclercdrive.fr/image.ashx?id=2758111&use=l&cat=p&typeid=i","cat":284606},{"id":233645,"n":"Café Soluble Starbucks Caramel Latte 5 sticks - 115g","p":3.02,"u":"26,26 €/KG","img":"https://fd13-photos.leclercdrive.fr/image.ashx?id=2766099&use=l&cat=p&typeid=i","cat":284843},{"id":233648,"n":"Capsules Starbucks by Nespresso  Blonde Décaféiné Int 6 - x10","p":3.84,"u":"0,38 €/P","img":"https://fd13-photos.leclercdrive.fr/image.ashx?id=2758469&use=l&cat=p&typeid=i","cat":284749},{"id":233655,"n":"Eau minérale Saint Antonin 1 L","p":0.46,"u":"0,46 €/L","img":"https://fd13-photos.leclercdrive.fr/image.ashx?id=2758422&use=l&cat=p&typeid=i","cat":284535},{"id":233657,"n":"Ritz crackers original 200g","p":1.46,"u":"7,30 €/KG","img":"https://fd13-photos.leclercdrive.fr/image.ashx?id=2941826&use=l&cat=p&typeid=i","cat":297000},{"id":233659,"n":"Crackers au sésame Triangolini Belin 110g","p":0.97,"u":"8,82 €/KG","img":"https://fd13-photos.leclercdrive.fr/image.ashx?id=2960057&use=l&cat=p&typeid=i","cat":297000},{"id":233715,"n":"AOC Saint Amour BIO  Domaine clos du Chapitre - 75cl","p":9.49,"u":"12,65 €/L","img":"https://fd13-photos.leclercdrive.fr/image.ashx?id=2989279&use=l&cat=p&typeid=i","cat":289556},{"id":233730,"n":"Lessive liquide Skip Cycle Court Couleur Protect x54","p":13.89,"u":"6,43 €/L","img":"https://fd13-photos.leclercdrive.fr/image.ashx?id=2842168&use=l&cat=p&typeid=i","cat":284640},{"id":233746,"n":"Bâtonnets glace Ferrero Rondnoir x4 - 200g","p":3.7,"u":"18,50 €/KG","img":"https://fd13-photos.leclercdrive.fr/image.ashx?id=2807891&use=l&cat=p&typeid=i","cat":284265},{"id":233874,"n":"Boisson Alpro café avoine 750ml","p":1.99,"u":"2,65 €/L","img":"https://fd13-photos.leclercdrive.fr/image.ashx?id=2975416&use=l&cat=p&typeid=i","cat":313736},{"id":234148,"n":"Shampooing Elsève Fibralogy Volume - 350ml","p":4.25,"u":"12,14 €/L","img":"https://fd13-photos.leclercdrive.fr/image.ashx?id=2828028&use=l&cat=p&typeid=i","cat":284606},{"id":234152,"n":"Déodorant bille Ushuaïa Monoï & tiaré - 50ml","p":2.74,"u":"54,80 €/L","img":"https://fd13-photos.leclercdrive.fr/image.ashx?id=2769020&use=l&cat=p&typeid=i","cat":284595},{"id":234155,"n":"Déodorant bille femme Ushuaïa Grenade açores - 50ml","p":2.74,"u":"54,80 €/L","img":"https://fd13-photos.leclercdrive.fr/image.ashx?id=2789092&use=l&cat=p&typeid=i","cat":284595},{"id":234156,"n":"Déodorant bille Ushuaïa Vanille - 50ml","p":2.74,"u":"54,80 €/L","img":"https://fd13-photos.leclercdrive.fr/image.ashx?id=2769023&use=l&cat=p&typeid=i","cat":284595},{"id":234157,"n":"Déodorant spray Ushuaïa Grenade - 200ml","p":2.74,"u":"13,70 €/L","img":"https://fd13-photos.leclercdrive.fr/image.ashx?id=2769026&use=l&cat=p&typeid=i","cat":284595},{"id":234158,"n":"Déodorant spray Ushuaïa Orchidée - 200ml","p":2.74,"u":"13,70 €/L","img":"https://fd13-photos.leclercdrive.fr/image.ashx?id=2769029&use=l&cat=p&typeid=i","cat":284595},{"id":234159,"n":"Déodorant spray Ushuaïa Vanille - 200ml","p":2.74,"u":"13,70 €/L","img":"https://fd13-photos.leclercdrive.fr/image.ashx?id=2769032&use=l&cat=p&typeid=i","cat":284595},{"id":234375,"n":"Nouilles Tables du Monde Poulet - 3x65g","p":1.39,"u":"7,13 €/KG","img":"https://fd13-photos.leclercdrive.fr/image.ashx?id=2763045&use=l&cat=p&typeid=i","cat":288992},{"id":234507,"n":"Café froid Nescafé Latte  Expresso - 240ml","p":1.63,"u":"6,79 €/L","img":"https://fd13-photos.leclercdrive.fr/image.ashx?id=2980149&use=l&cat=p&typeid=i","cat":295246},{"id":234597,"n":"Glaces Twister Mini Tropical 8 bâtonnets - 348g","p":2.99,"u":"8,59 €/KG","img":"https://fd13-photos.leclercdrive.fr/image.ashx?id=3009317&use=l&cat=p&typeid=i","cat":285250},{"id":234598,"n":"Glaces Twister Mini Ananas Fraise Citron 8 bâtonnets 312g","p":2.99,"u":"9,58 €/KG","img":"https://fd13-photos.leclercdrive.fr/image.ashx?id=3009281&use=l&cat=p&typeid=i","cat":285250},{"id":234599,"n":"Glaces Twister Fraise Pomme Citron - 8 bâtonnets - 348g","p":2.99,"u":"8,59 €/KG","img":"https://fd13-photos.leclercdrive.fr/image.ashx?id=2766646&use=l&cat=p&typeid=i","cat":285250},{"id":234607,"n":"Skyr Siggi's  Fraise - 2x140g","p":2.49,"u":"8,89 €/KG","img":"https://fd13-photos.leclercdrive.fr/image.ashx?id=2986146&use=l&cat=p&typeid=i","cat":315000},{"id":234745,"n":"Thon entier Rio Mare  filet d'huile d'olive - 120g","p":3.3,"u":"27,50 €/KG","img":"https://fd13-photos.leclercdrive.fr/image.ashx?id=2767240&use=l&cat=p&typeid=i","cat":303867},{"id":234751,"n":"Déodorant bille Rexona Men Invisible Ice Fresh - 2x50ml","p":5.39,"u":"53,90 €/L","img":"https://fd13-photos.leclercdrive.fr/image.ashx?id=2767030&use=l&cat=p&typeid=i","cat":284618},{"id":234757,"n":"Déodorant bille Rexona  Invisible Aqua 72h - 2x50ml","p":5.12,"u":"51,20 €/L","img":"https://fd13-photos.leclercdrive.fr/image.ashx?id=2943798&use=l&cat=p&typeid=i","cat":284595},{"id":234760,"n":"AOP Muscat du Ventoux Raisin Nos Régions ont du Talent 500g","p":4.49,"u":"8,98 €/KG","img":"https://fd13-photos.leclercdrive.fr/image.ashx?id=2931874&use=l&cat=p&typeid=i","cat":284356},{"id":234844,"n":"Mini BN  Framboise - x3 - 525g","p":3.59,"u":"6,84 €/KG","img":"https://fd13-photos.leclercdrive.fr/image.ashx?id=2768499&use=l&cat=p&typeid=i","cat":284489},{"id":234860,"n":"Fromage Mini Caprice Des Dieux Filet de 4 Portions - 200g","p":2.39,"u":"11,95 €/KG","img":"https://fd13-photos.leclercdrive.fr/image.ashx?id=2768933&use=l&cat=p&typeid=i","cat":314033},{"id":234875,"n":"Purée de tomates Heinz x 3 - 212g","p":2.04,"u":"3,21 €/KG","img":"https://fd13-photos.leclercdrive.fr/image.ashx?id=2927004&use=l&cat=p&typeid=i","cat":288384},{"id":234984,"n":"Dentifrice Sanogyl Biome  Protège gencives - 2x75ml","p":8.3,"u":"55,33 €/L","img":"https://fd13-photos.leclercdrive.fr/image.ashx?id=2771211&use=l&cat=p&typeid=i","cat":284612},{"id":235066,"n":"Repas bébé Blédichef 12 mois Potirons et panais -2x230g","p":3.49,"u":"7,59 €/KG","img":"https://fd13-photos.leclercdrive.fr/image.ashx?id=2935780&use=l&cat=p&typeid=i","cat":312237},{"id":235068,"n":"Repas bébé Blédichef 15 mois Lasagne bolognaise -230g","p":2.49,"u":"10,83 €/KG","img":"https://fd13-photos.leclercdrive.fr/image.ashx?id=2975098&use=l&cat=p&typeid=i","cat":312238},{"id":235071,"n":"Aubergines compotées & blé  Cassegrain - 375g","p":3.48,"u":"9,28 €/KG","img":"https://fd13-photos.leclercdrive.fr/image.ashx?id=2970840&use=l&cat=p&typeid=i","cat":312612},{"id":235072,"n":"Légumes du soleil et épautre  Cassegrain - 375g","p":3.28,"u":"8,75 €/KG","img":"https://fd13-photos.leclercdrive.fr/image.ashx?id=2953456&use=l&cat=p&typeid=i","cat":312612},{"id":235073,"n":"Repas bébé Blédichef 15 mois  Brocolis petits pois  -230g","p":2.29,"u":"11,45 €/KG","img":"https://fd13-photos.leclercdrive.fr/image.ashx?id=2773219&use=l&cat=p&typeid=i","cat":312238},{"id":235078,"n":"Repas bébé Blédichef 15 mois Carottes lentilles corail -200g","p":2.38,"u":"11,90 €/KG","img":"https://fd13-photos.leclercdrive.fr/image.ashx?id=2866304&use=l&cat=p&typeid=i","cat":312238},{"id":235080,"n":"Plat cuisiné William Saurin  Blanquette volaille - 320g","p":3.81,"u":"11,91 €/KG","img":"https://fd13-photos.leclercdrive.fr/image.ashx?id=2966017&use=l&cat=p&typeid=i","cat":284953},{"id":235081,"n":"Plat cuisiné William Saurin Trio gourmand boeuf - 320g","p":3.85,"u":"12,03 €/KG","img":"https://fd13-photos.leclercdrive.fr/image.ashx?id=2986386&use=l&cat=p&typeid=i","cat":284953},{"id":235082,"n":"Plat cuisiné William Saurin Trio gourmand merlu - 320g","p":3.88,"u":"12,13 €/KG","img":"https://fd13-photos.leclercdrive.fr/image.ashx?id=2986389&use=l&cat=p&typeid=i","cat":284953},{"id":235083,"n":"Plat cuisiné William Saurin Trio gourmand poulet pesto 320g","p":3.86,"u":"12,06 €/KG","img":"https://fd13-photos.leclercdrive.fr/image.ashx?id=2986383&use=l&cat=p&typeid=i","cat":284953},{"id":235084,"n":"Plat cuisiné William Saurin Trio gourmand 320g","p":3.83,"u":"11,97 €/KG","img":"https://fd13-photos.leclercdrive.fr/image.ashx?id=2986380&use=l&cat=p&typeid=i","cat":284953},{"id":235121,"n":"Morceaux de thon Petit Navire Au naturel - 3x112g","p":5.39,"u":"16,04 €/KG","img":"https://fd13-photos.leclercdrive.fr/image.ashx?id=2887488&use=l&cat=p&typeid=i","cat":303867},{"id":235123,"n":"Compote Andros Pomme fruits  rouges - 650g","p":2.46,"u":"3,78 €/KG","img":"https://fd13-photos.leclercdrive.fr/image.ashx?id=2866406&use=l&cat=p&typeid=i","cat":284508},{"id":235127,"n":"Biscuits parmesan poivre Savour 100g","p":1.85,"u":"18,50 €/KG","img":"https://fd13-photos.leclercdrive.fr/image.ashx?id=2791048&use=l&cat=p&typeid=i","cat":297000},{"id":235133,"n":"Cabécou du Périgord NRT - 3x35g","p":2.19,"u":"20,86 €/KG","img":"https://fd13-photos.leclercdrive.fr/image.ashx?id=2788984&use=l&cat=p&typeid=i","cat":314031},{"id":235243,"n":"Pate à tartiner Bonne Maman Cacahuète et cacao - 350g","p":3.54,"u":"10,11 €/KG","img":"https://fd13-photos.leclercdrive.fr/image.ashx?id=2986663&use=l&cat=p&typeid=i","cat":284481},{"id":235247,"n":"M&M's Peanut x5 180g","p":1.97,"u":"10,94 €/KG","img":"https://fd13-photos.leclercdrive.fr/image.ashx?id=3009011&use=l&cat=p&typeid=i","cat":304238},{"id":235254,"n":"Chips de Sarrasin Bret's Crème Curry - 120g","p":3.7,"u":"30,83 €/KG","img":"https://fd13-photos.leclercdrive.fr/image.ashx?id=2775622&use=l&cat=p&typeid=i","cat":284447},{"id":235260,"n":"Pâte Lotus Biscoff Speculoos Creamy - 410g","p":3.74,"u":"9,12 €/KG","img":"https://fd13-photos.leclercdrive.fr/image.ashx?id=2776208&use=l&cat=p&typeid=i","cat":284481},{"id":235264,"n":"Céréales Trésor cookie & cream Kellogg's - 375g","p":2.68,"u":"7,15 €/KG","img":"https://fd13-photos.leclercdrive.fr/image.ashx?id=2862886&use=l&cat=p&typeid=i","cat":309513},{"id":235265,"n":"Chips Tuiles Pringles  Fromage Oignon - 165g","p":2.05,"u":"12,42 €/KG","img":"https://fd13-photos.leclercdrive.fr/image.ashx?id=2775664&use=l&cat=p&typeid=i","cat":287899},{"id":235271,"n":"Café froid Nescafé Latte  Macchiato - 240ml","p":1.74,"u":"7,25 €/L","img":"https://fd13-photos.leclercdrive.fr/image.ashx?id=2997301&use=l&cat=p&typeid=i","cat":313735},{"id":235273,"n":"Café froid Nescafé Latte  Cookies - 240ml","p":1.79,"u":"7,46 €/L","img":"https://fd13-photos.leclercdrive.fr/image.ashx?id=2980752&use=l&cat=p&typeid=i","cat":295246},{"id":235323,"n":"Skyr Siggi's  Nature 0% MG - 825g","p":4.95,"u":"6,00 €/KG","img":"https://fd13-photos.leclercdrive.fr/image.ashx?id=2848551&use=l&cat=p&typeid=i","cat":315000},{"id":235325,"n":"Riz au lait La Laitière Chocolat - 4x115g","p":1.79,"u":"3,89 €/KG","img":"https://fd13-photos.leclercdrive.fr/image.ashx?id=2780728&use=l&cat=p&typeid=i","cat":284418},{"id":235349,"n":"Sucre glace Daddy 500g","p":1.75,"u":"3,50 €/KG","img":"https://fd13-photos.leclercdrive.fr/image.ashx?id=2975864&use=l&cat=p&typeid=i","cat":284502},{"id":235364,"n":"Friandises chat Whiskas  Poulet et fromage - 60g","p":1.13,"u":"18,83 €/KG","img":"https://fd13-photos.leclercdrive.fr/image.ashx?id=2976851&use=l&cat=p&typeid=i","cat":285285},{"id":235365,"n":"Friandises chat Whiskas saveur Saumon maxi pack -180g","p":3.0,"u":"16,67 €/KG","img":"https://fd13-photos.leclercdrive.fr/image.ashx?id=2944963&use=l&cat=p&typeid=i","cat":285285},{"id":235405,"n":"Friandises chat temptations Whiskas saveur saumon - 60g","p":1.11,"u":"18,50 €/KG","img":"https://fd13-photos.leclercdrive.fr/image.ashx?id=2976854&use=l&cat=p&typeid=i","cat":285285},{"id":235413,"n":"Tube harissa El Manar  - 140g","p":0.64,"u":"4,57 €/KG","img":"https://fd13-photos.leclercdrive.fr/image.ashx?id=2776552&use=l&cat=p&typeid=i","cat":289013},{"id":235414,"n":"Lait en poudre Modilac Actigest LF+1 Bébé 0-6 mois - 800g","p":21.09,"u":"26,36 €/KG","img":"https://fd13-photos.leclercdrive.fr/image.ashx?id=2981184&use=l&cat=p&typeid=i","cat":284726},{"id":235476,"n":"Chips Tortilla Old El Paso Crunchy Fromage - 185g","p":2.96,"u":"16,00 €/KG","img":"https://fd13-photos.leclercdrive.fr/image.ashx?id=2778608&use=l&cat=p&typeid=i","cat":287899},{"id":235636,"n":"Capsules lave-vaisselle Finish Quantum Citron - x46 - 478g","p":8.95,"u":"18,72 €/KG","img":"https://fd13-photos.leclercdrive.fr/image.ashx?id=2780493&use=l&cat=p&typeid=i","cat":284656},{"id":235685,"n":"Lait bébé en poudre Calisma Gallia Croissance 12 mois 830g","p":10.86,"u":"13,08 €/KG","img":"https://fd13-photos.leclercdrive.fr/image.ashx?id=2794274&use=l&cat=p&typeid=i","cat":290219},{"id":235710,"n":"Chapelure Tablier Blanc 400g","p":0.88,"u":"2,20 €/KG","img":"https://fd13-photos.leclercdrive.fr/image.ashx?id=2793335&use=l&cat=p&typeid=i","cat":288382},{"id":235786,"n":"Tablette lave-vaisselle Visior Tout-en-un - x45 - 765g","p":5.27,"u":"6,89 €/KG","img":"https://fd13-photos.leclercdrive.fr/image.ashx?id=2931847&use=l&cat=p&typeid=i","cat":284656},{"id":235808,"n":"Déodorant spray Sanex Zéro 0% Sensitive - 2x100ml","p":5.46,"u":"27,30 €/L","img":"https://fd13-photos.leclercdrive.fr/image.ashx?id=2781738&use=l&cat=p&typeid=i","cat":284595},{"id":235811,"n":"Déodorant spray Sanex Zéro 0% Extra Control - 2x100ml","p":5.46,"u":"27,30 €/L","img":"https://fd13-photos.leclercdrive.fr/image.ashx?id=2781741&use=l&cat=p&typeid=i","cat":284595},{"id":235816,"n":"Déodorant stick Sanex Zéro 0% Sensitive - 2x65ml","p":6.91,"u":"53,15 €/L","img":"https://fd13-photos.leclercdrive.fr/image.ashx?id=2781744&use=l&cat=p&typeid=i","cat":284595},{"id":235838,"n":"Lessive capsules Skip Tout en 1 Odeur Control+ - 759.6g x36","p":13.55,"u":"17,83 €/KG","img":"https://fd13-photos.leclercdrive.fr/image.ashx?id=3000893&use=l&cat=p&typeid=i","cat":284641},{"id":235841,"n":"Lessive capsules Tout-en-1 Skip Skip - 506.4g x24","p":9.99,"u":"19,74 €/KG","img":"https://fd13-photos.leclercdrive.fr/image.ashx?id=2781756&use=l&cat=p&typeid=i","cat":284641},{"id":235910,"n":"Calendrier de l'Avent Milka Père Noël - 213g","p":15.73,"u":"73,85 €/KG","img":"https://fd13-photos.leclercdrive.fr/image.ashx?id=2937983&use=l&cat=p&typeid=i","cat":336112},{"id":235914,"n":"Aubergines Cuisinées Cassegrain A la Provençale 3x375g","p":9.95,"u":"8,84 €/KG","img":"https://fd13-photos.leclercdrive.fr/image.ashx?id=2926305&use=l&cat=p&typeid=i","cat":312612},{"id":236050,"n":"Lait bébé en poudre Calisma Gallia Junior Dès 18 mois 830g","p":10.65,"u":"12,83 €/KG","img":"https://fd13-photos.leclercdrive.fr/image.ashx?id=2907860&use=l&cat=p&typeid=i","cat":290219},{"id":236231,"n":"Boisson énergisante Crazy Tiger Pomme - 1L","p":2.08,"u":"2,08 €/L","img":"https://fd13-photos.leclercdrive.fr/image.ashx?id=2792729&use=l&cat=p&typeid=i","cat":284533},{"id":236236,"n":"Café en capsules Lavazza Tales of Roma x10 - 57g","p":3.67,"u":"64,39 €/KG","img":"https://fd13-photos.leclercdrive.fr/image.ashx?id=2919042&use=l&cat=p&typeid=i","cat":284749},{"id":236240,"n":"Café en capsules Lavazza Tales  of Napoli x10 - 55g","p":3.66,"u":"66,55 €/KG","img":"https://fd13-photos.leclercdrive.fr/image.ashx?id=2919039&use=l&cat=p&typeid=i","cat":284749},{"id":236263,"n":"Clémentines Panier du Primeur 1.5kg","p":2.99,"u":"1,99 €/KG","img":"https://fd13-photos.leclercdrive.fr/image.ashx?id=2784606&use=l&cat=p&typeid=i","cat":284356},{"id":236630,"n":"Calendrier de l'Avent Galak 85g","p":4.07,"u":"47,88 €/KG","img":"https://fd13-photos.leclercdrive.fr/image.ashx?id=2794691&use=l&cat=p&typeid=i","cat":336112},{"id":236676,"n":"Bâtonnets Mikado Chocolat au lait - 6x100g","p":10.45,"u":"17,42 €/KG","img":"https://fd13-photos.leclercdrive.fr/image.ashx?id=2805885&use=l&cat=p&typeid=i","cat":284488},{"id":236741,"n":"Oeuf maxi Kinder Surprise Noel - 100g","p":6.47,"u":"64,70 €/KG","img":"https://fd13-photos.leclercdrive.fr/image.ashx?id=2798864&use=l&cat=p&typeid=i","cat":327592},{"id":236809,"n":"Pavé de saumon Eco+ 2x110g","p":4.99,"u":"22,68 €/KG","img":"https://fd13-photos.leclercdrive.fr/image.ashx?id=2796330&use=l&cat=p&typeid=i","cat":284342},{"id":236810,"n":"Pavé de saumon Eco+ 4x110g","p":8.99,"u":"20,43 €/KG","img":"https://fd13-photos.leclercdrive.fr/image.ashx?id=2796333&use=l&cat=p&typeid=i","cat":284342},{"id":237128,"n":"Assortiment chocolat Lanvin Chocolat noir - 294g","p":14.99,"u":"50,99 €/KG","img":"https://fd13-photos.leclercdrive.fr/image.ashx?id=2966149&use=l&cat=p&typeid=i","cat":327595},{"id":237131,"n":"Boîte chocolat Lanvin Assortiment chocolat Lait 274g","p":15.0,"u":"54,74 €/KG","img":"https://fd13-photos.leclercdrive.fr/image.ashx?id=2797139&use=l&cat=p&typeid=i","cat":327595},{"id":237132,"n":"L'escargot chocolat Lanvin Trio Lait Blanc Noir - 362g","p":14.99,"u":"41,41 €/KG","img":"https://fd13-photos.leclercdrive.fr/image.ashx?id=2966146&use=l&cat=p&typeid=i","cat":327595},{"id":237134,"n":"L'escargot chocolat Lanvin Duo Lait noir - 362G","p":15.19,"u":"41,96 €/KG","img":"https://fd13-photos.leclercdrive.fr/image.ashx?id=2902843&use=l&cat=p&typeid=i","cat":327595},{"id":237136,"n":"L'escargot chocolat Lanvin Chocolat au lait - 362g","p":14.49,"u":"40,03 €/KG","img":"https://fd13-photos.leclercdrive.fr/image.ashx?id=2987005&use=l&cat=p&typeid=i","cat":327595},{"id":237137,"n":"Bouchées Les Recettes de L'Atelier - Noir - 401g","p":14.75,"pp":11.06,"u":"27,58 €/KG","img":"https://fd13-photos.leclercdrive.fr/image.ashx?id=2960102&use=l&cat=p&typeid=i","cat":327595},{"id":237947,"n":"Pâtes Barilla Mezzi Rigatoni Al Bronzo - 500g","p":1.95,"u":"3,90 €/KG","img":"https://fd13-photos.leclercdrive.fr/image.ashx?id=2798680&use=l&cat=p&typeid=i","cat":284427},{"id":237948,"n":"Pâtes Barilla Fusilli  Al Bronzo - 500g","p":1.95,"u":"3,90 €/KG","img":"https://fd13-photos.leclercdrive.fr/image.ashx?id=2798689&use=l&cat=p&typeid=i","cat":284427},{"id":237949,"n":"Pâtes Barilla Penne Rigate Al Bronzo - 500g","p":1.95,"u":"3,90 €/KG","img":"https://fd13-photos.leclercdrive.fr/image.ashx?id=2798677&use=l&cat=p&typeid=i","cat":284427},{"id":237950,"n":"Pâtes Barilla Linguine  Al Bronzo - 500g","p":1.95,"u":"3,90 €/KG","img":"https://fd13-photos.leclercdrive.fr/image.ashx?id=2798683&use=l&cat=p&typeid=i","cat":284427},{"id":238056,"n":"Pâtes Barilla Spaghettoni  Al Bronzo - 500g","p":1.95,"u":"3,90 €/KG","img":"https://fd13-photos.leclercdrive.fr/image.ashx?id=2798686&use=l&cat=p&typeid=i","cat":284427},{"id":238135,"n":"Beurre d'Etrez de baratte AOP Doux - 250g","p":2.89,"u":"11,56 €/KG","img":"https://fd13-photos.leclercdrive.fr/image.ashx?id=2799446&use=l&cat=p&typeid=i","cat":284379},{"id":238137,"n":"Yaourt nature Etrez  4x125g","p":1.34,"u":"2,68 €/KG","img":"https://fd13-photos.leclercdrive.fr/image.ashx?id=2799458&use=l&cat=p&typeid=i","cat":284409},{"id":238139,"n":"Crème fraîche  fleurette Etrez 33% mg - 50cl","p":2.74,"u":"5,48 €/L","img":"https://fd13-photos.leclercdrive.fr/image.ashx?id=2872505&use=l&cat=p&typeid=i","cat":284381},{"id":238140,"n":"Crème épaisse Etrez AOP 36%mg - 50cl","p":3.3,"u":"6,60 €/L","img":"https://fd13-photos.leclercdrive.fr/image.ashx?id=2799449&use=l&cat=p&typeid=i","cat":284381},{"id":238141,"n":"Emmental rapé Etrez 400g","p":4.51,"u":"11,28 €/KG","img":"https://fd13-photos.leclercdrive.fr/image.ashx?id=2870506&use=l&cat=p&typeid=i","cat":314035},{"id":238175,"n":"Déodorant stick Sanex Dermo Protection 2x65ml","p":7.75,"u":"59,62 €/L","img":"https://fd13-photos.leclercdrive.fr/image.ashx?id=2799677&use=l&cat=p&typeid=i","cat":284595},{"id":238530,"n":"Ravioli Lustucru Selection  4 fromages - 310g","p":1.95,"u":"6,29 €/KG","img":"https://fd13-photos.leclercdrive.fr/image.ashx?id=2962524&use=l&cat=p&typeid=i","cat":333682},{"id":238567,"n":"Masque cheveux Fructis Garnier Longueur & glow Ananas - 320ml","p":6.37,"u":"19,91 €/L","img":"https://fd13-photos.leclercdrive.fr/image.ashx?id=2802129&use=l&cat=p&typeid=i","cat":284608},{"id":238569,"n":"Rasoirs jetables homme Gillette Blue II Plus - x10","p":3.77,"u":"0,38 €/P","img":"https://fd13-photos.leclercdrive.fr/image.ashx?id=2801485&use=l&cat=p&typeid=i","cat":284616},{"id":238790,"n":"Mini croustis Bonduelle Indian curry 240g","p":2.73,"u":"11,38 €/KG","img":"https://fd13-photos.leclercdrive.fr/image.ashx?id=2974578&use=l&cat=p&typeid=i","cat":284254},{"id":238899,"n":"Yaourt protéiné Skyr Yoplait Vanille 0%Mg - 450g","p":2.29,"u":"5,09 €/KG","img":"https://fd13-photos.leclercdrive.fr/image.ashx?id=2884447&use=l&cat=p&typeid=i","cat":315000},{"id":238904,"n":"Yaourt protéiné Skyr Yoplait Stracciatella 2%mg - 4x120g","p":3.34,"u":"6,96 €/KG","img":"https://fd13-photos.leclercdrive.fr/image.ashx?id=2973748&use=l&cat=p&typeid=i","cat":315000},{"id":238984,"n":"Rasoir Tondeuse Carré Homme Hybride +1 recharge","p":17.9,"u":"17,90 €/PRT","img":"https://fd13-photos.leclercdrive.fr/image.ashx?id=2804072&use=l&cat=p&typeid=i","cat":284616},{"id":239185,"n":"AOP Ventoux vin rouge 3L","p":9.99,"u":"3,33 €/L","img":"https://fd13-photos.leclercdrive.fr/image.ashx?id=2804843&use=l&cat=p&typeid=i","cat":289560},{"id":239205,"n":"Coloration Palette N°800 Châtain foncé x1","p":3.64,"img":"https://fd13-photos.leclercdrive.fr/image.ashx?id=2817476&use=l&cat=p&typeid=i","cat":288899},{"id":239206,"n":"Coloration Palette N°900 Noir - x1","p":3.64,"img":"https://fd13-photos.leclercdrive.fr/image.ashx?id=2817479&use=l&cat=p&typeid=i","cat":288899},{"id":239211,"n":"Huile Essentielle So Bio Etic  Eucalyptus Globuleux Bio - 12ml","p":3.99,"u":"332,50 €/MT","img":"https://fd13-photos.leclercdrive.fr/image.ashx?id=2805456&use=l&cat=p&typeid=i","cat":284630},{"id":239213,"n":"Huile Essentielle So Bio Etic Arbre à thé Bio - 12ml","p":5.95,"u":"495,83 €/L","img":"https://fd13-photos.leclercdrive.fr/image.ashx?id=2805459&use=l&cat=p&typeid=i","cat":284630},{"id":239220,"n":"Bain de Bouche Listerine Haleine Fraiche 500ml","p":3.89,"u":"7,78 €/L","img":"https://fd13-photos.leclercdrive.fr/image.ashx?id=2806309&use=l&cat=p&typeid=i","cat":284613},{"id":239221,"n":"Bain de Bouche Listerine Total Care 10 en 1-500ml","p":4.95,"u":"9,90 €/L","img":"https://fd13-photos.leclercdrive.fr/image.ashx?id=2806312&use=l&cat=p&typeid=i","cat":284613},{"id":239224,"n":"Bain de Bouche Listerine Dents et Gencives 10 en 1 500ml","p":4.16,"u":"8,32 €/L","img":"https://fd13-photos.leclercdrive.fr/image.ashx?id=2806318&use=l&cat=p&typeid=i","cat":284613},{"id":239225,"n":"Bain de Bouche Listerine Total Care - Sans alcool 500ml","p":4.32,"u":"8,64 €/L","img":"https://fd13-photos.leclercdrive.fr/image.ashx?id=2806321&use=l&cat=p&typeid=i","cat":284613},{"id":239226,"n":"Adoucissant recharge Soupline à diluer Grand Air - 600ml","p":2.13,"u":"3,55 €/L","img":"https://fd13-photos.leclercdrive.fr/image.ashx?id=2957314&use=l&cat=p&typeid=i","cat":284650},{"id":239228,"n":"Adoucissant recharge Soupline à diluer Moment Magique-600ml","p":2.54,"u":"4,23 €/L","img":"https://fd13-photos.leclercdrive.fr/image.ashx?id=2863027&use=l&cat=p&typeid=i","cat":284650},{"id":239231,"n":"Dentifrice Sensitive Elmex Blancheur - 75ml","p":6.07,"u":"80,93 €/L","img":"https://fd13-photos.leclercdrive.fr/image.ashx?id=2806447&use=l&cat=p&typeid=i","cat":284612},{"id":239233,"n":"Dentifrice Colgate Soin complet - 75ml","p":2.3,"u":"30,67 €/L","img":"https://fd13-photos.leclercdrive.fr/image.ashx?id=2836196&use=l&cat=p&typeid=i","cat":284612},{"id":239371,"n":"Capsules café L'Or Espresso Supremo N°10 x50","p":12.24,"u":"47,08 €/KG","img":"https://fd13-photos.leclercdrive.fr/image.ashx?id=3000480&use=l&cat=p&typeid=i","cat":284749},{"id":239480,"n":"Burger Géant Jacquet Farine complète x4 - 330g","p":1.06,"u":"3,21 €/KG","img":"https://fd13-photos.leclercdrive.fr/image.ashx?id=2973544&use=l&cat=p&typeid=i","cat":325067},{"id":239509,"n":"Préparation maison Vahiné Gâteau 3en1 chocolat  280g","p":2.68,"u":"9,57 €/KG","img":"https://fd13-photos.leclercdrive.fr/image.ashx?id=2806961&use=l&cat=p&typeid=i","cat":284505},{"id":239591,"n":"Salade mélangée Les Crudettes XXL - 450g","p":2.28,"u":"5,07 €/KG","img":"https://fd13-photos.leclercdrive.fr/image.ashx?id=2807699&use=l&cat=p&typeid=i","cat":284353},{"id":239903,"n":"Bonbons  Copains  Copines Mini sucettes - 168g","p":2.19,"u":"13,04 €/KG","img":"https://fd13-photos.leclercdrive.fr/image.ashx?id=2934796&use=l&cat=p&typeid=i","cat":304250},{"id":239905,"n":"Nouilles Tables du Monde Legumes - 3x65g","p":1.39,"u":"7,13 €/KG","img":"https://fd13-photos.leclercdrive.fr/image.ashx?id=2808727&use=l&cat=p&typeid=i","cat":288992},{"id":239928,"n":"Pâte à tartinerLotus Speculoos crunchy Biscoff 390g","p":3.78,"u":"9,69 €/KG","img":"https://fd13-photos.leclercdrive.fr/image.ashx?id=2811575&use=l&cat=p&typeid=i","cat":284481},{"id":240002,"n":"Billes M&Ms caramel salé 367g","p":5.57,"u":"15,18 €/KG","img":"https://fd13-photos.leclercdrive.fr/image.ashx?id=2924770&use=l&cat=p&typeid=i","cat":304238},{"id":240103,"n":"Lessive Disc Le Chat Rosée du matin - 627g x38","p":13.9,"u":"22,17 €/KG","img":"https://fd13-photos.leclercdrive.fr/image.ashx?id=2810810&use=l&cat=p&typeid=i","cat":284641},{"id":240338,"n":"Laque Elnett Fixation normale  200ml","p":5.73,"u":"28,65 €/L","img":"https://fd13-photos.leclercdrive.fr/image.ashx?id=2814064&use=l&cat=p&typeid=i","cat":284609},{"id":240426,"n":"Soda à l'orange Orangina 2x1,5L","p":3.94,"u":"1,31 €/L","img":"https://fd13-photos.leclercdrive.fr/image.ashx?id=2812690&use=l&cat=p&typeid=i","cat":284532},{"id":240428,"n":"Soda à l'orange Orangina 6x33cl","p":3.74,"u":"1,89 €/L","img":"https://fd13-photos.leclercdrive.fr/image.ashx?id=2946502&use=l&cat=p&typeid=i","cat":284532},{"id":240482,"n":"Riz basmati Lustucru 10min - 5x180g","p":3.8,"u":"4,22 €/KG","img":"https://fd13-photos.leclercdrive.fr/image.ashx?id=2814163&use=l&cat=p&typeid=i","cat":284428},{"id":240623,"n":"Laque fixation forte Elnett 200ml","p":5.73,"u":"28,65 €/L","img":"https://fd13-photos.leclercdrive.fr/image.ashx?id=2828013&use=l&cat=p&typeid=i","cat":284609},{"id":240751,"n":"Spaghetti Barilla Quadrati Al bronzo - 500g","p":1.95,"u":"3,90 €/KG","img":"https://fd13-photos.leclercdrive.fr/image.ashx?id=2815145&use=l&cat=p&typeid=i","cat":284427},{"id":240842,"n":"Skyr nature Délisse 4x100g","p":1.72,"u":"4,30 €/KG","img":"https://fd13-photos.leclercdrive.fr/image.ashx?id=2992588&use=l&cat=p&typeid=i","cat":315000},{"id":240843,"n":"Skyr nature Délisse 850g","p":2.75,"u":"3,24 €/KG","img":"https://fd13-photos.leclercdrive.fr/image.ashx?id=2992600&use=l&cat=p&typeid=i","cat":315000},{"id":240876,"n":"Yaourt à la Grecque Eco+ Nature - 4x125g","p":0.98,"u":"1,96 €/KG","img":"https://fd13-photos.leclercdrive.fr/image.ashx?id=2814854&use=l&cat=p&typeid=i","cat":284409},{"id":240883,"n":"Saumon fumé Delpeyrat Ecosse 4 tranches mini - 110g","p":6.76,"u":"61,45 €/KG","img":"https://fd13-photos.leclercdrive.fr/image.ashx?id=2901716&use=l&cat=p&typeid=i","cat":285188},{"id":240908,"n":"Pomme de terre piment Espelette Nos Régions ont du Talent 500g","p":3.2,"u":"6,40 €/KG","img":"https://fd13-photos.leclercdrive.fr/image.ashx?id=2954181&use=l&cat=p&typeid=i","cat":319792},{"id":240920,"n":"Saumon fumé Delpeyrat Noorvège 4 tranches - 120g","p":5.85,"u":"48,75 €/KG","img":"https://fd13-photos.leclercdrive.fr/image.ashx?id=2901713&use=l&cat=p&typeid=i","cat":285188},{"id":241099,"n":"Nouilles asiatiques Maggi Pad Thai - 128g","p":1.95,"u":"15,23 €/KG","img":"https://fd13-photos.leclercdrive.fr/image.ashx?id=2899776&use=l&cat=p&typeid=i","cat":288992},{"id":241256,"n":"M&M's minis pochons  360g","p":4.84,"u":"13,44 €/KG","img":"https://fd13-photos.leclercdrive.fr/image.ashx?id=3005290&use=l&cat=p&typeid=i","cat":304238},{"id":241489,"n":"Thon au naturel Petit Navire x3 - 112g","p":4.18,"u":"37,32 €/KG","img":"https://fd13-photos.leclercdrive.fr/image.ashx?id=2887491&use=l&cat=p&typeid=i","cat":303867},{"id":241653,"n":"Riz parfumé Taureau ailé 500g","p":1.84,"u":"3,68 €/KG","img":"https://fd13-photos.leclercdrive.fr/image.ashx?id=2828343&use=l&cat=p&typeid=i","cat":284428},{"id":241812,"n":"Gourde bébé Blédina - 10 mois Multifruits - 8x85g","p":6.49,"u":"9,54 €/KG","img":"https://fd13-photos.leclercdrive.fr/image.ashx?id=2826642&use=l&cat=p&typeid=i","cat":312393},{"id":242210,"n":"Tartinades de thon Petit Navire 250g","p":3.99,"u":"15,96 €/KG","img":"https://fd13-photos.leclercdrive.fr/image.ashx?id=2835848&use=l&cat=p&typeid=i","cat":284451},{"id":242214,"n":"Bloc WC Bref Deluxe  Magnolia précieux 2+1","p":2.88,"u":"0,96 €/P","img":"https://fd13-photos.leclercdrive.fr/image.ashx?id=2965022&use=l&cat=p&typeid=i","cat":284662},{"id":242218,"n":"Lingettes Mixa bébé au lait x80","p":3.64,"u":"0,05 €/P","img":"https://fd13-photos.leclercdrive.fr/image.ashx?id=2828079&use=l&cat=p&typeid=i","cat":284738},{"id":242220,"n":"Lingettes Mixa bébé  eau minérale x48","p":3.23,"u":"0,07 €/P","img":"https://fd13-photos.leclercdrive.fr/image.ashx?id=2828082&use=l&cat=p&typeid=i","cat":284738},{"id":242222,"n":"Lingettes Mixa bébé  eau nettoyante x80","p":3.45,"u":"0,04 €/P","img":"https://fd13-photos.leclercdrive.fr/image.ashx?id=2828085&use=l&cat=p&typeid=i","cat":284738},{"id":242266,"n":"Après-shampoing Garnier Ultra  Doux Cheveux secs -250ml","p":2.44,"u":"9,76 €/L","img":"https://fd13-photos.leclercdrive.fr/image.ashx?id=2828046&use=l&cat=p&typeid=i","cat":284607},{"id":242617,"n":"Jambon L'Origine du Gout Cuit à la truffe - 120g","p":2.3,"u":"19,17 €/KG","img":"https://fd13-photos.leclercdrive.fr/image.ashx?id=2840434&use=l&cat=p&typeid=i","cat":316009},{"id":242618,"n":"Cheddar L'Origine du Goût 200g","p":3.49,"u":"17,45 €/KG","img":"https://fd13-photos.leclercdrive.fr/image.ashx?id=2872478&use=l&cat=p&typeid=i","cat":314034},{"id":242619,"n":"Gruyère AOP Suisse L'Origine du Goût 150g","p":5.5,"u":"36,67 €/KG","img":"https://fd13-photos.leclercdrive.fr/image.ashx?id=2829241&use=l&cat=p&typeid=i","cat":314034},{"id":242702,"n":"Déodorant Narta Magnesium  protect - 100ml","p":4.29,"u":"42,90 €/L","img":"https://fd13-photos.leclercdrive.fr/image.ashx?id=2828100&use=l&cat=p&typeid=i","cat":284595},{"id":242706,"n":"Crème dessert Danette Praliné - 4x125g","p":1.63,"u":"3,26 €/KG","img":"https://fd13-photos.leclercdrive.fr/image.ashx?id=2918556&use=l&cat=p&typeid=i","cat":285041},{"id":242713,"n":"Actimel triple action Fraise Grenade - 6x100g","p":3.44,"u":"5,73 €/KG","img":"https://fd13-photos.leclercdrive.fr/image.ashx?id=2826576&use=l&cat=p&typeid=i","cat":284415},{"id":242714,"n":"Actimel triple action Pêche  Fruits de la passion - 6x100g","p":3.39,"u":"5,65 €/P","img":"https://fd13-photos.leclercdrive.fr/image.ashx?id=2831681&use=l&cat=p&typeid=i","cat":284415},{"id":242715,"n":"Kéfir à boire Activia Mangue - 280g","p":1.73,"u":"6,18 €/KG","img":"https://fd13-photos.leclercdrive.fr/image.ashx?id=2983015&use=l&cat=p&typeid=i","cat":284415},{"id":242717,"n":"Skyr à boire Danone Fraise - 270g","p":1.71,"u":"6,33 €/KG","img":"https://fd13-photos.leclercdrive.fr/image.ashx?id=2826564&use=l&cat=p&typeid=i","cat":284415},{"id":242718,"n":"Crème dessert protéinée Hipro Saveur chocolat - 180g","p":1.85,"u":"10,28 €/KG","img":"https://fd13-photos.leclercdrive.fr/image.ashx?id=2826582&use=l&cat=p&typeid=i","cat":285041},{"id":242899,"n":"Soda à l'orange Orangina 4x1.5L","p":8.26,"u":"1,38 €/L","img":"https://fd13-photos.leclercdrive.fr/image.ashx?id=2825598&use=l&cat=p&typeid=i","cat":284532},{"id":242907,"n":"Gel douche Sanex Zero Essential Peaux sensible 2x47.5ml","p":9.18,"u":"9,66 €/L","img":"https://fd13-photos.leclercdrive.fr/image.ashx?id=2826255&use=l&cat=p&typeid=i","cat":284594},{"id":242942,"n":"Riz basmati Taureau Ailé  Bio - 500g","p":3.53,"u":"7,06 €/KG","img":"https://fd13-photos.leclercdrive.fr/image.ashx?id=2826015&use=l&cat=p&typeid=i","cat":284428},{"id":243168,"n":"Lait de croissance Optipro 3 En poudre - 860g","p":10.9,"u":"12,67 €/KG","img":"https://fd13-photos.leclercdrive.fr/image.ashx?id=2855780&use=l&cat=p&typeid=i","cat":290219},{"id":243182,"n":"Ecrasé Pom Bristo Façon grand-mère - 450g","p":3.79,"u":"8,42 €/KG","img":"https://fd13-photos.leclercdrive.fr/image.ashx?id=2866442&use=l&cat=p&typeid=i","cat":319793},{"id":243688,"n":"Concentré de citron Frucci 75cl","p":1.54,"u":"2,05 €/L","img":"https://fd13-photos.leclercdrive.fr/image.ashx?id=2865308&use=l&cat=p&typeid=i","cat":295020},{"id":243689,"n":"Boisson energisante X-Tense Energisante pina coco - 50cl","p":0.98,"u":"1,96 €/L","img":"https://fd13-photos.leclercdrive.fr/image.ashx?id=2956798&use=l&cat=p&typeid=i","cat":284533},{"id":243706,"n":"Boisson energisante X-tense  Tropical - 50cl","p":0.98,"u":"1,96 €/L","img":"https://fd13-photos.leclercdrive.fr/image.ashx?id=2956795&use=l&cat=p&typeid=i","cat":284533},{"id":243963,"n":"Lessive liquide Winni's Savon d'Alep & Verveine 1125ml","p":6.41,"u":"5,70 €/L","img":"https://fd13-photos.leclercdrive.fr/image.ashx?id=2834539&use=l&cat=p&typeid=i","cat":284640},{"id":243964,"n":"Lessive liquide Ecopack Winni's Savon d'Alep et Verveine 1350ml","p":7.42,"u":"5,50 €/L","img":"https://fd13-photos.leclercdrive.fr/image.ashx?id=2834542&use=l&cat=p&typeid=i","cat":284640},{"id":243967,"n":"Lessive liquide Winni's Couleurs Ecolabel 1125ml x25","p":7.01,"u":"6,23 €/L","img":"https://fd13-photos.leclercdrive.fr/image.ashx?id=2834545&use=l&cat=p&typeid=i","cat":284640},{"id":243995,"n":"Croutons saveur ail Pasquier 80g","p":1.09,"u":"13,63 €/KG","img":"https://fd13-photos.leclercdrive.fr/image.ashx?id=2834458&use=l&cat=p&typeid=i","cat":284464},{"id":243996,"n":"Croutons nature Pasquier 80g","p":0.93,"u":"11,63 €/KG","img":"https://fd13-photos.leclercdrive.fr/image.ashx?id=2834461&use=l&cat=p&typeid=i","cat":284464},{"id":244089,"n":"Knacki Original Herta Sans nitrite x4 - 140g","p":1.21,"u":"8,64 €/KG","img":"https://fd13-photos.leclercdrive.fr/image.ashx?id=2309423&use=l&cat=p&typeid=i","cat":326550},{"id":244091,"n":"Yaourt à boire Yop Aromatisé Coco - 825g","p":1.13,"u":"1,37 €/KG","img":"https://fd13-photos.leclercdrive.fr/image.ashx?id=2855576&use=l&cat=p&typeid=i","cat":326550},{"id":244169,"n":"Café Gaillard moulu Italien 250g","p":5.22,"u":"20,88 €/KG","img":"https://fd13-photos.leclercdrive.fr/image.ashx?id=2839241&use=l&cat=p&typeid=i","cat":284750},{"id":244188,"n":"Café Gaillard moulu Moka 250g","p":4.31,"u":"17,24 €/KG","img":"https://fd13-photos.leclercdrive.fr/image.ashx?id=2839244&use=l&cat=p&typeid=i","cat":284750},{"id":244218,"n":"Croquettes Friskies chat adulte Thon Légumes - 3kg","p":8.65,"u":"2,88 €/KG","img":"https://fd13-photos.leclercdrive.fr/image.ashx?id=2835148&use=l&cat=p&typeid=i","cat":284680},{"id":244229,"n":"Croquettes Friskies chat adulte Lapin Poulet Légumes - 1.5kg","p":4.6,"u":"3,07 €/KG","img":"https://fd13-photos.leclercdrive.fr/image.ashx?id=2835160&use=l&cat=p&typeid=i","cat":284680},{"id":244230,"n":"Croquettes Friskies chat adulte Poulet Légumes - 3kg","p":8.69,"u":"2,90 €/KG","img":"https://fd13-photos.leclercdrive.fr/image.ashx?id=2835151&use=l&cat=p&typeid=i","cat":284680},{"id":244234,"n":"Croquettes Friskies chat adulte Saumon Légumes - 1.5kg","p":4.6,"u":"3,07 €/KG","img":"https://fd13-photos.leclercdrive.fr/image.ashx?id=2860586&use=l&cat=p&typeid=i","cat":284680},{"id":244235,"n":"Croquettes Friskies chat adulte  Boeuf Poulet Légumes - 1.5kg","p":4.66,"u":"3,11 €/KG","img":"https://fd13-photos.leclercdrive.fr/image.ashx?id=2835154&use=l&cat=p&typeid=i","cat":284680},{"id":244351,"n":"Shampooing Elsève Color vive 250ml","p":2.35,"u":"9,40 €/L","img":"https://fd13-photos.leclercdrive.fr/image.ashx?id=2989318&use=l&cat=p&typeid=i","cat":284606},{"id":244359,"n":"Shampooing Elsève Dream length  250ml","p":3.48,"u":"13,92 €/L","img":"https://fd13-photos.leclercdrive.fr/image.ashx?id=2863614&use=l&cat=p&typeid=i","cat":284606},{"id":244360,"n":"Shampooing Elsève Hyaluronique  250ml","p":3.48,"u":"13,92 €/L","img":"https://fd13-photos.leclercdrive.fr/image.ashx?id=2863617&use=l&cat=p&typeid=i","cat":284606},{"id":244661,"n":"Riz Basmati Lustucru Selection  10 min - 450g","p":2.09,"u":"4,64 €/KG","img":"https://fd13-photos.leclercdrive.fr/image.ashx?id=2836732&use=l&cat=p&typeid=i","cat":284428},{"id":244892,"n":"Skyr Siggi's  Citron - 2x140g","p":1.36,"u":"4,86 €/KG","img":"https://fd13-photos.leclercdrive.fr/image.ashx?id=2673082&use=l&cat=p&typeid=i","cat":326550},{"id":245064,"n":"Riz Basmati Lustucru 900g","p":4.29,"u":"4,77 €/KG","img":"https://fd13-photos.leclercdrive.fr/image.ashx?id=2837640&use=l&cat=p&typeid=i","cat":284428},{"id":245074,"n":"Nouilles instantanées Maggi sauce aigre douce - 128g","p":1.95,"u":"15,23 €/KG","img":"https://fd13-photos.leclercdrive.fr/image.ashx?id=2837628&use=l&cat=p&typeid=i","cat":288992},{"id":245075,"n":"Nouilles instantanées Maggi  sauce Teriyaki - 128g","p":1.95,"u":"15,23 €/KG","img":"https://fd13-photos.leclercdrive.fr/image.ashx?id=2837625&use=l&cat=p&typeid=i","cat":288992},{"id":245076,"n":"Nouilles instantanées Maggi sauce Teriyaki - 75g","p":1.95,"u":"26,00 €/KG","img":"https://fd13-photos.leclercdrive.fr/image.ashx?id=2842966&use=l&cat=p&typeid=i","cat":288992},{"id":245078,"n":"Nouilles instantanées Maggi sauce poulet sésame - 75g","p":1.95,"u":"26,00 €/KG","img":"https://fd13-photos.leclercdrive.fr/image.ashx?id=2842963&use=l&cat=p&typeid=i","cat":288992},{"id":245082,"n":"Nouilles instantanées Maggi sauce sweet chili - 75g","p":1.95,"u":"26,00 €/KG","img":"https://fd13-photos.leclercdrive.fr/image.ashx?id=2842960&use=l&cat=p&typeid=i","cat":288992},{"id":245085,"n":"Sauce aigre douce Maggi  pour poulet - 355g","p":3.69,"u":"10,39 €/KG","img":"https://fd13-photos.leclercdrive.fr/image.ashx?id=2947231&use=l&cat=p&typeid=i","cat":288992},{"id":245086,"n":"Sauce Tikka Masala Maggi pour poulet - 340g","p":3.65,"u":"10,74 €/KG","img":"https://fd13-photos.leclercdrive.fr/image.ashx?id=2971772&use=l&cat=p&typeid=i","cat":289012},{"id":245154,"n":"Jambon supérieur Eco+ Avec couenne 4 tranches - 160g","p":0.86,"u":"5,38 €/KG","img":"https://fd13-photos.leclercdrive.fr/image.ashx?id=2706550&use=l&cat=p&typeid=i","cat":326550},{"id":245238,"n":"Gousses vanille Tablier Blanc x2 - 4g","p":5.44,"img":"https://fd13-photos.leclercdrive.fr/image.ashx?id=2837701&use=l&cat=p&typeid=i","cat":284504},{"id":245356,"n":"Cordon bleu de saumon sauvage Gimbert Ocean - 920g","p":18.9,"u":"20,54 €/KG","img":"https://fd13-photos.leclercdrive.fr/image.ashx?id=2979905&use=l&cat=p&typeid=i","cat":319788},{"id":245533,"n":"Rillettes du Mans La Véritable Bordeau Chesnel - 220g","p":1.3,"u":"5,91 €/KG","img":"https://fd13-photos.leclercdrive.fr/image.ashx?id=2763100&use=l&cat=p&typeid=i","cat":326550},{"id":245576,"n":"Sauce Pesto vert Panzani au basilic - 2x90g","p":2.58,"u":"14,33 €/KG","img":"https://fd13-photos.leclercdrive.fr/image.ashx?id=2873841&use=l&cat=p&typeid=i","cat":299047},{"id":245579,"n":"Sauce Pesto vert crémeux  Panzani - 190g","p":2.21,"u":"11,63 €/KG","img":"https://fd13-photos.leclercdrive.fr/image.ashx?id=2873838&use=l&cat=p&typeid=i","cat":299047},{"id":245580,"n":"Sauce Arrabbiata Panzani 400g","p":2.29,"u":"5,73 €/KG","img":"https://fd13-photos.leclercdrive.fr/image.ashx?id=2880694&use=l&cat=p&typeid=i","cat":299047},{"id":245582,"n":"Sauce Pesto Panzani poivrons ricotta - 190g","p":1.9,"u":"10,00 €/KG","img":"https://fd13-photos.leclercdrive.fr/image.ashx?id=2873835&use=l&cat=p&typeid=i","cat":299047},{"id":245722,"n":"Semoule au lait La Laitière Vanille - 4x115g","p":0.99,"u":"2,15 €/KG","img":"https://fd13-photos.leclercdrive.fr/image.ashx?id=2654578&use=l&cat=p&typeid=i","cat":326550},{"id":245822,"n":"Yaourt brassé Perle de Lait Nature - 6x125g","p":1.48,"u":"1,97 €/KG","img":"https://fd13-photos.leclercdrive.fr/image.ashx?id=2994199&use=l&cat=p&typeid=i","cat":326550},{"id":245929,"n":"Tablette chocolat KitKat Caramel salé - 99g","p":2.35,"u":"23,74 €/KG","img":"https://fd13-photos.leclercdrive.fr/image.ashx?id=2990868&use=l&cat=p&typeid=i","cat":284497},{"id":245930,"n":"Tablette KitKat  Double chocolat - 99g","p":2.34,"u":"23,64 €/KG","img":"https://fd13-photos.leclercdrive.fr/image.ashx?id=2990865&use=l&cat=p&typeid=i","cat":284497},{"id":245931,"n":"Tablette chocolat KitKat  Noisette - 99g","p":2.34,"u":"23,64 €/KG","img":"https://fd13-photos.leclercdrive.fr/image.ashx?id=2871046&use=l&cat=p&typeid=i","cat":284497},{"id":245977,"n":"Sucre de canne Saint Louis Bio - 650g","p":2.78,"u":"4,28 €/KG","img":"https://fd13-photos.leclercdrive.fr/image.ashx?id=2842064&use=l&cat=p&typeid=i","cat":284502},{"id":245985,"n":"Café en capsules LOr Espresso Ristretto x35+15 260g","p":10.55,"u":"40,58 €/KG","img":"https://fd13-photos.leclercdrive.fr/image.ashx?id=2842159&use=l&cat=p&typeid=i","cat":284749},{"id":246200,"n":"Sablés au comté Nos Régions ont du Talent 100g","p":1.99,"u":"19,90 €/KG","img":"https://fd13-photos.leclercdrive.fr/image.ashx?id=2909924&use=l&cat=p&typeid=i","cat":297000},{"id":246201,"n":"Pâtes penné rigaté Eco+ 1kg","p":1.1,"u":"1,10 €/KG","img":"https://fd13-photos.leclercdrive.fr/image.ashx?id=2856736&use=l&cat=p&typeid=i","cat":284427},{"id":246204,"n":"Chips Street food Vico saveur Spicy Curry sauce - 120g","p":1.3,"u":"10,83 €/KG","img":"https://fd13-photos.leclercdrive.fr/image.ashx?id=3000105&use=l&cat=p&typeid=i","cat":284447},{"id":246205,"n":"Chips Street food Vico  Saveur boeuf Thaï- 120g","p":1.35,"u":"11,25 €/KG","img":"https://fd13-photos.leclercdrive.fr/image.ashx?id=3000102&use=l&cat=p&typeid=i","cat":284447},{"id":246213,"n":"Complément alimentaire Zohi Magnesium pilulier x30","p":9.64,"u":"53,56 €/KG","img":"https://fd13-photos.leclercdrive.fr/image.ashx?id=2844205&use=l&cat=p&typeid=i","cat":284632},{"id":246330,"n":"Saumon Selection Purina One Junior 1 à 12 mois - 1.5 kg","p":7.42,"u":"4,95 €/KG","img":"https://fd13-photos.leclercdrive.fr/image.ashx?id=2844487&use=l&cat=p&typeid=i","cat":284680},{"id":246331,"n":"Saumon Purina One Mini 85g","p":4.14,"u":"4,87 €/KG","img":"https://fd13-photos.leclercdrive.fr/image.ashx?id=2844484&use=l&cat=p&typeid=i","cat":294526},{"id":246335,"n":"Mini boeuf Purina One Mini 85g","p":3.5,"u":"4,12 €/KG","img":"https://fd13-photos.leclercdrive.fr/image.ashx?id=2844481&use=l&cat=p&typeid=i","cat":284673},{"id":246358,"n":"Nouilles de blé Tanoshi Canard - 3x85g","p":1.91,"u":"7,49 €/KG","img":"https://fd13-photos.leclercdrive.fr/image.ashx?id=2845964&use=l&cat=p&typeid=i","cat":288992},{"id":246393,"n":"Skyr Siggi's  Mangue Passion - 2x140g","p":1.31,"u":"4,68 €/KG","img":"https://fd13-photos.leclercdrive.fr/image.ashx?id=2792027&use=l&cat=p&typeid=i","cat":326550},{"id":246545,"n":"Perles de cire corps Siliss Chaude - Monoï - 230g","p":4.69,"u":"20,39 €/KG","img":"https://fd13-photos.leclercdrive.fr/image.ashx?id=2845170&use=l&cat=p&typeid=i","cat":325351},{"id":246548,"n":"Gel exfoliant Neutrogena Pamplemousse 0.5% - 150ml","p":3.82,"u":"25,47 €/L","img":"https://fd13-photos.leclercdrive.fr/image.ashx?id=2846048&use=l&cat=p&typeid=i","cat":325346},{"id":246549,"n":"Gel nettoyant Neutrogena Pamplemousse 0.5% - 200ml","p":4.95,"u":"24,75 €/L","img":"https://fd13-photos.leclercdrive.fr/image.ashx?id=2846051&use=l&cat=p&typeid=i","cat":284603},{"id":246579,"n":"Saint Félicien Sainte Colombe 160g","p":1.47,"u":"9,19 €/KG","img":"https://fd13-photos.leclercdrive.fr/image.ashx?id=2342403&use=l&cat=p&typeid=i","cat":326550},{"id":246597,"n":"Rasoirs Jetables Wilkinson Extra essential 3 - 4x8","p":36.99,"img":"https://fd13-photos.leclercdrive.fr/image.ashx?id=2850692&use=l&cat=p&typeid=i","cat":284616},{"id":246638,"n":"Riz parfumé Taureau Ailé 1kg","p":2.99,"u":"2,99 €/KG","img":"https://fd13-photos.leclercdrive.fr/image.ashx?id=2846739&use=l&cat=p&typeid=i","cat":284428},{"id":247059,"n":"Les minis galettes Saint Michel Comté - 100g","p":1.92,"u":"19,20 €/KG","img":"https://fd13-photos.leclercdrive.fr/image.ashx?id=2936281&use=l&cat=p&typeid=i","cat":297000},{"id":247060,"n":"Les Minis Galettes Saint Michel Tomates herbes de provence 100g","p":1.85,"u":"18,50 €/KG","img":"https://fd13-photos.leclercdrive.fr/image.ashx?id=2936284&use=l&cat=p&typeid=i","cat":297000},{"id":247087,"n":"Duo blé riz sarrasin Jardin Bio 220g","p":2.06,"u":"9,36 €/KG","img":"https://fd13-photos.leclercdrive.fr/image.ashx?id=2849953&use=l&cat=p&typeid=i","cat":284953},{"id":247088,"n":"Velouté de tomates Jardin Bio Lentilles corail bio - 2X33cl","p":3.5,"u":"5,30 €/L","img":"https://fd13-photos.leclercdrive.fr/image.ashx?id=2849950&use=l&cat=p&typeid=i","cat":284462},{"id":247089,"n":"Mouliné de lentilles Jardin Bio bio 1L","p":5.59,"u":"5,59 €/L","img":"https://fd13-photos.leclercdrive.fr/image.ashx?id=2849947&use=l&cat=p&typeid=i","cat":284462},{"id":247092,"n":"Blé à la tomate Jardin Bio Basilic - 220g","p":2.27,"u":"10,32 €/KG","img":"https://fd13-photos.leclercdrive.fr/image.ashx?id=2849941&use=l&cat=p&typeid=i","cat":284953},{"id":247093,"n":"Nouilles curry Jardin Bio 220g","p":4.11,"u":"18,68 €/KG","img":"https://fd13-photos.leclercdrive.fr/image.ashx?id=2849938&use=l&cat=p&typeid=i","cat":284953},{"id":247096,"n":"Pad Thai Jardin Bio bio 220g","p":4.49,"u":"20,41 €/KG","img":"https://fd13-photos.leclercdrive.fr/image.ashx?id=2849935&use=l&cat=p&typeid=i","cat":284953},{"id":247143,"n":"Mini madeleines Saint Michel Provencale - 100g","p":1.29,"u":"12,90 €/KG","img":"https://fd13-photos.leclercdrive.fr/image.ashx?id=2936305&use=l&cat=p&typeid=i","cat":297000},{"id":247261,"n":"Shampooing Elsève Colorvive - 300ml","p":4.18,"u":"13,93 €/L","img":"https://fd13-photos.leclercdrive.fr/image.ashx?id=2850614&use=l&cat=p&typeid=i","cat":284606},{"id":247263,"n":"Shampooing Elsève Total repair 5 - 300ml","p":4.18,"u":"13,93 €/L","img":"https://fd13-photos.leclercdrive.fr/image.ashx?id=2850617&use=l&cat=p&typeid=i","cat":284606},{"id":247264,"n":"Shampooing Elseve Huile extraordinaire - 250ml","p":4.18,"u":"16,72 €/L","img":"https://fd13-photos.leclercdrive.fr/image.ashx?id=2868690&use=l&cat=p&typeid=i","cat":284606},{"id":247265,"n":"Shampooing Elseve Dream long - 250ml","p":4.18,"u":"16,72 €/L","img":"https://fd13-photos.leclercdrive.fr/image.ashx?id=2850623&use=l&cat=p&typeid=i","cat":284606},{"id":247269,"n":"Shampooing Elseve Nutri gloss - 300ml","p":4.18,"u":"13,93 €/L","img":"https://fd13-photos.leclercdrive.fr/image.ashx?id=2869089&use=l&cat=p&typeid=i","cat":284606},{"id":247270,"n":"Shampooing Elseve Multi-vitaminé - 300ml","p":4.18,"u":"13,93 €/L","img":"https://fd13-photos.leclercdrive.fr/image.ashx?id=2850629&use=l&cat=p&typeid=i","cat":284606},{"id":247271,"n":"Après-shampooing Elseve Color vive - 250ml","p":4.18,"u":"16,72 €/L","img":"https://fd13-photos.leclercdrive.fr/image.ashx?id=2850632&use=l&cat=p&typeid=i","cat":284607},{"id":247273,"n":"Démélant Elseve Hyaluronique Booster hydratation 72h - 200ml","p":4.18,"u":"20,90 €/L","img":"https://fd13-photos.leclercdrive.fr/image.ashx?id=2869092&use=l&cat=p&typeid=i","cat":284607},{"id":247274,"n":"Après-Shampooing Elseve Dream Long - 200ml","p":4.18,"u":"20,90 €/L","img":"https://fd13-photos.leclercdrive.fr/image.ashx?id=2850638&use=l&cat=p&typeid=i","cat":284607},{"id":247275,"n":"Après-shampooing Elseve Nutri gloss - 250ml","p":4.18,"u":"16,72 €/L","img":"https://fd13-photos.leclercdrive.fr/image.ashx?id=2850641&use=l&cat=p&typeid=i","cat":284607},{"id":247297,"n":"Glace à l'Italienne Cornetto Stracciatella caramel x4 - 324g","p":2.97,"u":"9,17 €/KG","img":"https://fd13-photos.leclercdrive.fr/image.ashx?id=3009311&use=l&cat=p&typeid=i","cat":284264},{"id":247352,"n":"Manchons de poulet Côté Croc Mexicain - 500g","p":2.93,"u":"5,86 €/KG","img":"https://fd13-photos.leclercdrive.fr/image.ashx?id=2921369&use=l&cat=p&typeid=i","cat":326550},{"id":247391,"n":"Bain de Bouche Listerine Blancheur Menthe fraîche 500ml","p":4.41,"u":"8,82 €/L","img":"https://fd13-photos.leclercdrive.fr/image.ashx?id=2850608&use=l&cat=p&typeid=i","cat":284613},{"id":247481,"n":"Mousse liégeoise Viennois  Café - 4x90g","p":1.09,"u":"3,03 €/KG","img":"https://fd13-photos.leclercdrive.fr/image.ashx?id=2729788&use=l&cat=p&typeid=i","cat":326550},{"id":247763,"n":"Mayonnaise Rustica 425g","p":1.65,"u":"3,88 €/KG","img":"https://fd13-photos.leclercdrive.fr/image.ashx?id=2955086&use=l&cat=p&typeid=i","cat":298295},{"id":247929,"n":"Clafoutis La Laitière Aux cerises - 4x85g","p":1.57,"u":"4,62 €/KG","img":"https://fd13-photos.leclercdrive.fr/image.ashx?id=2628230&use=l&cat=p&typeid=i","cat":326550},{"id":248007,"n":"Semoule au lait Délisse Vanille - 4x115g","p":0.65,"u":"1,41 €/KG","img":"https://fd13-photos.leclercdrive.fr/image.ashx?id=2558377&use=l&cat=p&typeid=i","cat":326550},{"id":248252,"n":"Pâte à tartiner Nustikao Ruby - 200g","p":1.99,"u":"9,95 €/KG","img":"https://fd13-photos.leclercdrive.fr/image.ashx?id=2869522&use=l&cat=p&typeid=i","cat":284481},{"id":248325,"n":"Eponges L'essentielle Spontex Grattantes - x4","p":1.87,"u":"0,47 €/P","img":"https://fd13-photos.leclercdrive.fr/image.ashx?id=2856106&use=l&cat=p&typeid=i","cat":325894},{"id":248328,"n":"Recharge Crème de douche  Le Petit Marseillais Lait 500ml","p":2.8,"u":"5,60 €/L","img":"https://fd13-photos.leclercdrive.fr/image.ashx?id=2855957&use=l&cat=p&typeid=i","cat":284594},{"id":248329,"n":"Recharge Crème de douche Fleur d'oranger - 500ml","p":2.78,"u":"5,56 €/L","img":"https://fd13-photos.leclercdrive.fr/image.ashx?id=2855960&use=l&cat=p&typeid=i","cat":284594},{"id":248330,"n":"Recharge Crème de douche Lait d'amande - 500ml","p":2.92,"u":"5,84 €/L","img":"https://fd13-photos.leclercdrive.fr/image.ashx?id=2855963&use=l&cat=p&typeid=i","cat":284594},{"id":248345,"n":"Bandes de cire visage Veet Peaux sensibles - x16","p":3.79,"img":"https://fd13-photos.leclercdrive.fr/image.ashx?id=2901668&use=l&cat=p&typeid=i","cat":325351},{"id":248353,"n":"Le Jambon Supérieur Madrange Avec couenne x4 - 160g","p":2.79,"u":"17,44 €/KG","img":"https://fd13-photos.leclercdrive.fr/image.ashx?id=2975191&use=l&cat=p&typeid=i","cat":316009},{"id":248463,"n":"Coulommiers Président  350g","p":1.66,"u":"4,74 €/KG","img":"https://fd13-photos.leclercdrive.fr/image.ashx?id=2029862&use=l&cat=p&typeid=i","cat":326550},{"id":248544,"n":"Ananas Extra Sweet 1p","p":2.19,"img":"https://fd13-photos.leclercdrive.fr/image.ashx?id=2856700&use=l&cat=p&typeid=i","cat":284356},{"id":248545,"n":"Chou-fleur blanc 1p","p":1.59,"img":"https://fd13-photos.leclercdrive.fr/image.ashx?id=1631991&use=l&cat=p&typeid=i","cat":284352},{"id":248546,"n":"Feuille de chêne blonde 1p","p":0.99,"img":"https://fd13-photos.leclercdrive.fr/image.ashx?id=1633646&use=l&cat=p&typeid=i","cat":284352},{"id":248596,"n":"Mangue 1p","p":1.69,"img":"https://fd13-photos.leclercdrive.fr/image.ashx?id=1636371&use=l&cat=p&typeid=i","cat":284356},{"id":248659,"n":"Mousse à la crème Duodélisse Nature - 4x100g","p":0.89,"u":"2,23 €/KG","img":"https://fd13-photos.leclercdrive.fr/image.ashx?id=2387334&use=l&cat=p&typeid=i","cat":326550},{"id":248827,"n":"Pains au lait Epi d'or x15 - 525g","p":1.78,"u":"3,39 €/KG","img":"https://fd13-photos.leclercdrive.fr/image.ashx?id=2893337&use=l&cat=p&typeid=i","cat":296366},{"id":248881,"n":"Sauce moutarde Maille moutarde à l'ancienne - 200ml","p":2.99,"u":"14,95 €/L","img":"https://fd13-photos.leclercdrive.fr/image.ashx?id=2862590&use=l&cat=p&typeid=i","cat":288850},{"id":248882,"n":"Sauce Maille  ail et fines herbes - 200ml","p":2.99,"u":"14,95 €/L","img":"https://fd13-photos.leclercdrive.fr/image.ashx?id=2862587&use=l&cat=p&typeid=i","cat":284456},{"id":249173,"n":"Riz basmati Taureau Ailé 1kg","p":3.48,"u":"3,48 €/KG","img":"https://fd13-photos.leclercdrive.fr/image.ashx?id=2860457&use=l&cat=p&typeid=i","cat":284428},{"id":249200,"n":"Sauce béarnaise Rustica 235g","p":1.02,"u":"4,34 €/KG","img":"https://fd13-photos.leclercdrive.fr/image.ashx?id=2955083&use=l&cat=p&typeid=i","cat":318430},{"id":249977,"n":"Céréales indiennes Tipiak 2x130g","p":2.57,"u":"9,88 €/KG","img":"https://fd13-photos.leclercdrive.fr/image.ashx?id=2863626&use=l&cat=p&typeid=i","cat":284429},{"id":250158,"n":"Crème hydratante So Bio Etic Booster d'éclat Bio 50ml","p":10.17,"u":"203,40 €/L","img":"https://fd13-photos.leclercdrive.fr/image.ashx?id=2863581&use=l&cat=p&typeid=i","cat":325350},{"id":250160,"n":"Sérum hydratation So Bio Etic Booster d'éclat Bio30ml","p":11.86,"u":"395,33 €/L","img":"https://fd13-photos.leclercdrive.fr/image.ashx?id=2863578&use=l&cat=p&typeid=i","cat":325345},{"id":250172,"n":"Sérum hydratant So Bio Etic Fortifiant repulpant Bio - 30ml","p":12.0,"u":"400,00 €/L","img":"https://fd13-photos.leclercdrive.fr/image.ashx?id=2863584&use=l&cat=p&typeid=i","cat":325345},{"id":250187,"n":"Crème douceur nuit So Bio Etic Régénérante - Anesse Bio 50ml","p":11.72,"u":"234,40 €/L","img":"https://fd13-photos.leclercdrive.fr/image.ashx?id=2863587&use=l&cat=p&typeid=i","cat":325345},{"id":250406,"n":"Sérum capillaire So Bio Etic Karité bio équitable - 100ml","p":9.22,"u":"92,20 €/L","img":"https://fd13-photos.leclercdrive.fr/image.ashx?id=2864104&use=l&cat=p&typeid=i","cat":284608},{"id":250407,"n":"Huile végétale So Bio Etic Ricin Bio équitable - 100ml","p":6.54,"u":"65,40 €/L","img":"https://fd13-photos.leclercdrive.fr/image.ashx?id=2864107&use=l&cat=p&typeid=i","cat":284608},{"id":250409,"n":"Eau micellaire So Bio Etic Peaux sensibles Bio - 300ml","p":3.89,"u":"12,97 €/L","img":"https://fd13-photos.leclercdrive.fr/image.ashx?id=2864098&use=l&cat=p&typeid=i","cat":284603},{"id":250410,"n":"Eau micellaire So Bio Etic Tous types de peaux Bio 300ml","p":3.71,"u":"12,37 €/L","img":"https://fd13-photos.leclercdrive.fr/image.ashx?id=2864095&use=l&cat=p&typeid=i","cat":284603},{"id":250411,"n":"Gel douche So Bio Etic Fleurs de Cerisier Bio - 300ml","p":2.21,"u":"7,37 €/L","img":"https://fd13-photos.leclercdrive.fr/image.ashx?id=2864101&use=l&cat=p&typeid=i","cat":284594},{"id":250412,"n":"Gel douche So Bio Etic Fruits du verger Bio - 300ml","p":2.21,"u":"7,37 €/L","img":"https://fd13-photos.leclercdrive.fr/image.ashx?id=2912275&use=l&cat=p&typeid=i","cat":284594},{"id":250433,"n":"Adoucissant  Soupline concentré Coco Envoûtant - 835ml","p":4.97,"u":"5,95 €/L","img":"https://fd13-photos.leclercdrive.fr/image.ashx?id=2864224&use=l&cat=p&typeid=i","cat":284650},{"id":250802,"n":"Haricots verts Bonduelle Beurre cuits à la vapeur 3x440g","p":6.84,"u":"5,18 €/KG","img":"https://fd13-photos.leclercdrive.fr/image.ashx?id=2864378&use=l&cat=p&typeid=i","cat":312606},{"id":250896,"n":"Yaourt à la Grecque Délisse Caramel beurre salé - 4x150g","p":1.55,"u":"2,58 €/KG","img":"https://fd13-photos.leclercdrive.fr/image.ashx?id=2699753&use=l&cat=p&typeid=i","cat":326550},{"id":251301,"n":"Viande bovine Férial 1x  entrecôte*** - 180g","p":3.57,"u":"19,83 €/KG","img":"https://fd13-photos.leclercdrive.fr/image.ashx?id=2494250&use=l&cat=p&typeid=i","cat":326550},{"id":251371,"n":"Pâtes Gros Vermicelles Alpina  Savoie - 500 g","p":1.34,"u":"2,68 €/KG","img":"https://fd13-photos.leclercdrive.fr/image.ashx?id=2867041&use=l&cat=p&typeid=i","cat":284427},{"id":251522,"n":"Boisson énergisante Celsius Pêche - 35,5cl","p":1.4,"u":"3,94 €/L","img":"https://fd13-photos.leclercdrive.fr/image.ashx?id=2905021&use=l&cat=p&typeid=i","cat":284533},{"id":251524,"n":"Tropicana - Juicy Pêche rouge 1,5L","p":2.79,"u":"1,86 €/L","img":"https://fd13-photos.leclercdrive.fr/image.ashx?id=3010813&use=l&cat=p&typeid=i","cat":284915},{"id":252109,"n":"Duo sérum anti-âge L'Oréal Age perfect - 30ml","p":24.5,"pp":16.17,"u":"539,00 €/L","img":"https://fd13-photos.leclercdrive.fr/image.ashx?id=2874003&use=l&cat=p&typeid=i","cat":325345},{"id":252128,"n":"Spray nettoyant multi-usage CIF Infinite+Clean Protection 280ml","p":4.25,"u":"15,18 €/MT","img":"https://fd13-photos.leclercdrive.fr/image.ashx?id=2948543&use=l&cat=p&typeid=i","cat":325357},{"id":252129,"n":"Spray nettoyant multi-usage Cif  Infinite+Clean Brillance-280ml","p":4.25,"u":"15,18 €/L","img":"https://fd13-photos.leclercdrive.fr/image.ashx?id=2872234&use=l&cat=p&typeid=i","cat":325357},{"id":252133,"n":"Spray nettoyant multi-usage CIF Infinite+Clean 280ml","p":4.25,"u":"15,18 €/L","img":"https://fd13-photos.leclercdrive.fr/image.ashx?id=2948546&use=l&cat=p&typeid=i","cat":325357},{"id":252134,"n":"Recharge Spray nettoyant CIF Infinite+Clean Protection 590ml","p":4.99,"u":"8,46 €/L","img":"https://fd13-photos.leclercdrive.fr/image.ashx?id=2948549&use=l&cat=p&typeid=i","cat":325357},{"id":252136,"n":"Recharge Spray nettoyant CIF Infinite+Clean Brillance 590ml","p":5.0,"u":"8,47 €/L","img":"https://fd13-photos.leclercdrive.fr/image.ashx?id=2940675&use=l&cat=p&typeid=i","cat":325357},{"id":252137,"n":"Recharge Spray nettoyant CIF Infinite+Clean 590ml","p":4.71,"u":"7,98 €/L","img":"https://fd13-photos.leclercdrive.fr/image.ashx?id=2974066&use=l&cat=p&typeid=i","cat":325357},{"id":252340,"n":"yaourt aux fruits bifidus activia cerise - 4x125g","p":1.12,"u":"2,24 €/KG","img":"https://fd13-photos.leclercdrive.fr/image.ashx?id=2885327&use=l&cat=p&typeid=i","cat":326550},{"id":252807,"n":"Laque Elnett Cheveux colorés - 300ml","p":8.2,"u":"27,33 €/L","img":"https://fd13-photos.leclercdrive.fr/image.ashx?id=2872928&use=l&cat=p&typeid=i","cat":284609},{"id":252808,"n":"Gel douche enfants L'Abre Vert Corps & cheveux Framboise 720ml","p":4.89,"u":"6,79 €/L","img":"https://fd13-photos.leclercdrive.fr/image.ashx?id=2950300&use=l&cat=p&typeid=i","cat":284594},{"id":253078,"n":"Saucisson Mini Justin Bridou  Bâton de Berger - 100g","p":1.4,"u":"14,00 €/KG","img":"https://fd13-photos.leclercdrive.fr/image.ashx?id=3011440&use=l&cat=p&typeid=i","cat":326550},{"id":253228,"n":"Dentifrice Email Diamant Blancheur fraîcheur - 75ml","p":4.44,"u":"59,20 €/L","img":"https://fd13-photos.leclercdrive.fr/image.ashx?id=2877922&use=l&cat=p&typeid=i","cat":284612},{"id":253235,"n":"Crème de douche Corine de Farme Vanille - Soin surgras 500ml","p":3.36,"u":"6,72 €/L","img":"https://fd13-photos.leclercdrive.fr/image.ashx?id=2878006&use=l&cat=p&typeid=i","cat":284594},{"id":253236,"n":"Crème de douche So Bio Etic Lait d'ânesse Bio - 450ml","p":5.98,"u":"13,29 €/L","img":"https://fd13-photos.leclercdrive.fr/image.ashx?id=2876704&use=l&cat=p&typeid=i","cat":284594},{"id":253334,"n":"Friandises Whiskas Temptations Saumon - 90g","p":1.19,"u":"13,22 €/KG","img":"https://fd13-photos.leclercdrive.fr/image.ashx?id=2877112&use=l&cat=p&typeid=i","cat":285285},{"id":253339,"n":"Croque Monsieur Herta Chèvre jambon - 310g","p":2.59,"u":"8,35 €/KG","img":"https://fd13-photos.leclercdrive.fr/image.ashx?id=2877745&use=l&cat=p&typeid=i","cat":333671},{"id":253342,"n":"Croque-Monsieur Herta  Maxi Montagnard x2 - 310g","p":2.59,"u":"8,35 €/KG","img":"https://fd13-photos.leclercdrive.fr/image.ashx?id=2877748&use=l&cat=p&typeid=i","cat":333671},{"id":254050,"n":"Bière Desperados Sunlight citron citron vert 3x33cl","p":3.94,"u":"3,98 €/L","img":"https://fd13-photos.leclercdrive.fr/image.ashx?id=2977987&use=l&cat=p&typeid=i","cat":334878},{"id":254091,"n":"Yaourt brassé Framboise  Fruits rouges Yoplait - 4x125g","p":1.89,"u":"0,38 €/L","img":"https://fd13-photos.leclercdrive.fr/image.ashx?id=2990613&use=l&cat=p&typeid=i","cat":284410},{"id":254127,"n":"Rasoir Hydro 5 homme Wilkinson Starter regular +4 lames","p":13.6,"img":"https://fd13-photos.leclercdrive.fr/image.ashx?id=2875174&use=l&cat=p&typeid=i","cat":284616},{"id":254336,"n":"Truite fumée Landvika 4 tranches - 100g","p":4.05,"u":"40,50 €/KG","img":"https://fd13-photos.leclercdrive.fr/image.ashx?id=2876593&use=l&cat=p&typeid=i","cat":285188},{"id":254391,"n":"Boisson énergisante Red Bull Zéro, 250ml","p":1.2,"u":"4,80 €/L","img":"https://fd13-photos.leclercdrive.fr/image.ashx?id=2877313&use=l&cat=p&typeid=i","cat":284533},{"id":254888,"n":"Monster Rio punch 50cl","p":1.6,"u":"3,20 €/L","img":"https://fd13-photos.leclercdrive.fr/image.ashx?id=2877067&use=l&cat=p&typeid=i","cat":284533},{"id":254941,"n":"Bâtonnets Häagen-Dazs Cracking Macadamia x3 - 201g","p":3.71,"u":"18,46 €/KG","img":"https://fd13-photos.leclercdrive.fr/image.ashx?id=2876599&use=l&cat=p&typeid=i","cat":284265},{"id":254943,"n":"Bâtonnets Häagen-Dazs Salted Caramel x3 - 204g","p":3.77,"u":"18,48 €/KG","img":"https://fd13-photos.leclercdrive.fr/image.ashx?id=2876608&use=l&cat=p&typeid=i","cat":284265},{"id":254944,"n":"Bâtonnets Häagen-Dazs  Cookies & Cream x3 - 192g","p":3.87,"u":"20,16 €/KG","img":"https://fd13-photos.leclercdrive.fr/image.ashx?id=2876602&use=l&cat=p&typeid=i","cat":284265},{"id":254949,"n":"Bâtonnets Häagen-Dazs Smooth Vanilla x3 - 192g","p":3.57,"u":"18,59 €/KG","img":"https://fd13-photos.leclercdrive.fr/image.ashx?id=2876605&use=l&cat=p&typeid=i","cat":284265},{"id":255126,"n":"Escalope milanaise spaghetti La Cuisine d'Océane 300g","p":3.8,"u":"12,67 €/KG","img":"https://fd13-photos.leclercdrive.fr/image.ashx?id=2962371&use=l&cat=p&typeid=i","cat":284953},{"id":255182,"n":"Déodorant bille Monsavon Fleur de coton - 2x50ml","p":5.45,"u":"54,50 €/L","img":"https://fd13-photos.leclercdrive.fr/image.ashx?id=2879658&use=l&cat=p&typeid=i","cat":284595},{"id":255186,"n":"Déodorant bille Monsavon Fleur de cerisier - 2x50ml","p":5.45,"u":"54,50 €/L","img":"https://fd13-photos.leclercdrive.fr/image.ashx?id=2879661&use=l&cat=p&typeid=i","cat":284595},{"id":255190,"n":"Déodorant bille Monsavon Fleur de lotus - 2x50ml","p":5.45,"u":"54,50 €/L","img":"https://fd13-photos.leclercdrive.fr/image.ashx?id=2879664&use=l&cat=p&typeid=i","cat":284595},{"id":255191,"n":"Préservatif Durex Nude - XL - x10","p":9.37,"img":"https://fd13-photos.leclercdrive.fr/image.ashx?id=2901677&use=l&cat=p&typeid=i","cat":284631},{"id":255197,"n":"Préservatifs Durex Classic jeans - x12","p":5.82,"img":"https://fd13-photos.leclercdrive.fr/image.ashx?id=2878792&use=l&cat=p&typeid=i","cat":284631},{"id":255199,"n":"Préservatifs Durex Classic Jeans - XL - x12","p":4.77,"img":"https://fd13-photos.leclercdrive.fr/image.ashx?id=2964983&use=l&cat=p&typeid=i","cat":284631},{"id":255202,"n":"Préservatifs Durex Extra protect - x12","p":4.61,"img":"https://fd13-photos.leclercdrive.fr/image.ashx?id=2878801&use=l&cat=p&typeid=i","cat":284631},{"id":255204,"n":"Dentifrice Naturals Aquafresh Menthe rafraichissante - 2x75ml","p":3.26,"u":"21,73 €/L","img":"https://fd13-photos.leclercdrive.fr/image.ashx?id=2889286&use=l&cat=p&typeid=i","cat":284612},{"id":255206,"n":"Crème fixative Polident Soin & tolérance 0% - 2x44g","p":5.75,"u":"65,34 €/KG","img":"https://fd13-photos.leclercdrive.fr/image.ashx?id=2921091&use=l&cat=p&typeid=i","cat":285158},{"id":255350,"n":"Crème fixative Polident Original 0% - 2x44g","p":5.46,"u":"62,05 €/KG","img":"https://fd13-photos.leclercdrive.fr/image.ashx?id=2921094&use=l&cat=p&typeid=i","cat":285158},{"id":255356,"n":"Laque Syoss Volume - 300ml","p":3.15,"u":"10,50 €/L","img":"https://fd13-photos.leclercdrive.fr/image.ashx?id=2878834&use=l&cat=p&typeid=i","cat":284609},{"id":255547,"n":"Saucisson Mini Justin Bridou Bâton Berger Noix Jambon - 140g","p":3.77,"u":"26,93 €/KG","img":"https://fd13-photos.leclercdrive.fr/image.ashx?id=2924113&use=l&cat=p&typeid=i","cat":316006},{"id":255558,"n":"Bûche chèvre Soignon 200g","p":1.35,"u":"6,75 €/KG","img":"https://fd13-photos.leclercdrive.fr/image.ashx?id=2995325&use=l&cat=p&typeid=i","cat":326550},{"id":255669,"n":"Recharge Gel douche Pêche Blanche bio & Nectar 500ml","p":2.8,"u":"5,60 €/L","img":"https://fd13-photos.leclercdrive.fr/image.ashx?id=2880411&use=l&cat=p&typeid=i","cat":284594},{"id":255671,"n":"Recharge Gel douche extra-doux Verveine Bio & citron bio 500ml","p":2.89,"u":"5,78 €/L","img":"https://fd13-photos.leclercdrive.fr/image.ashx?id=2880414&use=l&cat=p&typeid=i","cat":284594},{"id":255672,"n":"Recharge gel douche homme Minereaux & bois de cèdre 500ml","p":3.12,"u":"6,24 €/L","img":"https://fd13-photos.leclercdrive.fr/image.ashx?id=2880417&use=l&cat=p&typeid=i","cat":284594},{"id":255688,"n":"Recharge gel douche homme Pin maritime & eucalyptus 500ml","p":2.93,"u":"5,86 €/L","img":"https://fd13-photos.leclercdrive.fr/image.ashx?id=2880420&use=l&cat=p&typeid=i","cat":284619},{"id":255773,"n":"AOP Bordeaux rouge Le Coup de Bar 75cl","p":3.91,"u":"5,21 €/L","img":"https://fd13-photos.leclercdrive.fr/image.ashx?id=2900863&use=l&cat=p&typeid=i","cat":289556},{"id":255957,"n":"Déodorant spray homme Axe Dark temptation - 200ml","p":3.6,"u":"18,00 €/L","img":"https://fd13-photos.leclercdrive.fr/image.ashx?id=2881536&use=l&cat=p&typeid=i","cat":284618},{"id":255969,"n":"Déodorant spray homme Axe Provocation - 200ml","p":3.6,"u":"18,00 €/L","img":"https://fd13-photos.leclercdrive.fr/image.ashx?id=2881542&use=l&cat=p&typeid=i","cat":284618},{"id":256494,"n":"Déodorant tout le corps Rexona  crème 72h anti-odeur 75ml","p":3.95,"u":"52,67 €/L","img":"https://fd13-photos.leclercdrive.fr/image.ashx?id=2894575&use=l&cat=p&typeid=i","cat":284595},{"id":256535,"n":"Bûche de chèvre Président 180g","p":1.24,"u":"6,89 €/KG","img":"https://fd13-photos.leclercdrive.fr/image.ashx?id=2454088&use=l&cat=p&typeid=i","cat":326550},{"id":256536,"n":"Nectar Bio Pressade Pomme - 6x20cl","p":2.6,"u":"2,17 €/L","img":"https://fd13-photos.leclercdrive.fr/image.ashx?id=2882752&use=l&cat=p&typeid=i","cat":284522},{"id":256551,"n":"Lingettes Demak'up Fraîcheur Peaux mixtes à grasse - x75","p":6.11,"img":"https://fd13-photos.leclercdrive.fr/image.ashx?id=2882695&use=l&cat=p&typeid=i","cat":284603},{"id":256566,"n":"AOP Côtes du Rhône Vin rouge - Bag in box - 3L","p":11.47,"u":"3,82 €/L","img":"https://fd13-photos.leclercdrive.fr/image.ashx?id=2905486&use=l&cat=p&typeid=i","cat":289556},{"id":256576,"n":"AOP Bordeaux Vin rouge - Bag in box - 3L","p":11.95,"u":"3,98 €/L","img":"https://fd13-photos.leclercdrive.fr/image.ashx?id=2904838&use=l&cat=p&typeid=i","cat":289556},{"id":256577,"n":"AOP Corbières Vin rouge - Bag in box - 3L","p":11.95,"u":"3,98 €/L","img":"https://fd13-photos.leclercdrive.fr/image.ashx?id=2905483&use=l&cat=p&typeid=i","cat":289556},{"id":256581,"n":"AOP Bergerac Vin rouge - BIB - 3L","p":11.95,"u":"3,98 €/L","img":"https://fd13-photos.leclercdrive.fr/image.ashx?id=2883119&use=l&cat=p&typeid=i","cat":289556},{"id":256587,"n":"AOP Buzet Vin rouge - Bag in box - 3L","p":11.95,"u":"3,98 €/L","img":"https://fd13-photos.leclercdrive.fr/image.ashx?id=2891076&use=l&cat=p&typeid=i","cat":289556},{"id":256711,"n":"Chili sin carne Côté Table 300g","p":2.49,"u":"8,30 €/KG","img":"https://fd13-photos.leclercdrive.fr/image.ashx?id=2882249&use=l&cat=p&typeid=i","cat":284953},{"id":256714,"n":"Moussaka végé Côté Table 300g","p":2.61,"u":"8,70 €/KG","img":"https://fd13-photos.leclercdrive.fr/image.ashx?id=2906925&use=l&cat=p&typeid=i","cat":284953},{"id":256777,"n":"Crème de douche Cadum Surgras - Coco - 2x750ml","p":20.12,"u":"13,41 €/L","img":"https://fd13-photos.leclercdrive.fr/image.ashx?id=2883080&use=l&cat=p&typeid=i","cat":284594},{"id":256780,"n":"Déodorant spray femme Ushuaïa Orchidée - 2x200ml","p":5.15,"u":"12,88 €/L","img":"https://fd13-photos.leclercdrive.fr/image.ashx?id=2883089&use=l&cat=p&typeid=i","cat":284595},{"id":256781,"n":"Masque visage SkinActive Pur charbon - x4","p":7.98,"img":"https://fd13-photos.leclercdrive.fr/image.ashx?id=2883107&use=l&cat=p&typeid=i","cat":325346},{"id":256782,"n":"Masque tissue SkinActive Aloe vera - x4","p":7.57,"img":"https://fd13-photos.leclercdrive.fr/image.ashx?id=2883110&use=l&cat=p&typeid=i","cat":325346},{"id":256783,"n":"Laque Elnett Cheveux secs - 300ml","p":7.87,"u":"26,23 €/L","img":"https://fd13-photos.leclercdrive.fr/image.ashx?id=2883152&use=l&cat=p&typeid=i","cat":284609},{"id":256784,"n":"Lait corps Mixa Panthénol Confort - 400ml","p":5.84,"u":"14,60 €/L","img":"https://fd13-photos.leclercdrive.fr/image.ashx?id=2883161&use=l&cat=p&typeid=i","cat":325349},{"id":256788,"n":"Déodorant femme bille Ushuaïa Grenade - 2x50ml","p":5.15,"u":"51,50 €/L","img":"https://fd13-photos.leclercdrive.fr/image.ashx?id=2883179&use=l&cat=p&typeid=i","cat":284595},{"id":257038,"n":"Gel douche homme Axe Supreme Provocation - 5-en-1 - 400ml","p":3.02,"u":"7,55 €/L","img":"https://fd13-photos.leclercdrive.fr/image.ashx?id=2884924&use=l&cat=p&typeid=i","cat":284619},{"id":257039,"n":"Gel douche homme Axe supreme Dark temptation 5-en-1 - 400m","p":3.02,"u":"7,55 €/L","img":"https://fd13-photos.leclercdrive.fr/image.ashx?id=2884921&use=l&cat=p&typeid=i","cat":284619},{"id":257043,"n":"Gel douche homme Axe Black vanilla - 225ml","p":2.8,"u":"12,44 €/L","img":"https://fd13-photos.leclercdrive.fr/image.ashx?id=2908387&use=l&cat=p&typeid=i","cat":284619},{"id":257046,"n":"Gel douche homme Axe Cherry fizz - 225ml","p":2.78,"u":"12,36 €/L","img":"https://fd13-photos.leclercdrive.fr/image.ashx?id=2908390&use=l&cat=p&typeid=i","cat":284619},{"id":257074,"n":"Gnocchi à poêler Lustucru Extra jambon fromage 300g","p":2.2,"u":"7,33 €/KG","img":"https://fd13-photos.leclercdrive.fr/image.ashx?id=2884387&use=l&cat=p&typeid=i","cat":333682},{"id":257076,"n":"Gnocchi à poêler Lustucru Extra fromage 300g","p":2.14,"u":"7,13 €/KG","img":"https://fd13-photos.leclercdrive.fr/image.ashx?id=2886013&use=l&cat=p&typeid=i","cat":333682},{"id":257077,"n":"Fromage enfant Mini Babybel  16 portions goûter - 352g","p":5.89,"u":"16,73 €/KG","img":"https://fd13-photos.leclercdrive.fr/image.ashx?id=2935840&use=l&cat=p&typeid=i","cat":314030},{"id":257165,"n":"Pizza Crousti-Fine Marie 4 fromages - 390g","p":2.9,"u":"7,44 €/KG","img":"https://fd13-photos.leclercdrive.fr/image.ashx?id=2996728&use=l&cat=p&typeid=i","cat":284256},{"id":257169,"n":"Pizza Crousti-Fine Marie Royale - 400g","p":3.29,"u":"8,23 €/KG","img":"https://fd13-photos.leclercdrive.fr/image.ashx?id=2996734&use=l&cat=p&typeid=i","cat":284256},{"id":257171,"n":"Pizza Crousti-Fine Marie Tomate mozzarella - 400g","p":3.29,"u":"8,23 €/KG","img":"https://fd13-photos.leclercdrive.fr/image.ashx?id=2996737&use=l&cat=p&typeid=i","cat":284256},{"id":257172,"n":"Pizza Crousti-Fine Marie Chorizo paprika - 400g","p":3.29,"u":"8,23 €/KG","img":"https://fd13-photos.leclercdrive.fr/image.ashx?id=2996731&use=l&cat=p&typeid=i","cat":284256},{"id":257201,"n":"Préservatifs Durex Intensity - x10","p":11.03,"img":"https://fd13-photos.leclercdrive.fr/image.ashx?id=2962035&use=l&cat=p&typeid=i","cat":284631},{"id":257202,"n":"Préservatifs Durex Intensity XL - x10","p":9.59,"img":"https://fd13-photos.leclercdrive.fr/image.ashx?id=2964670&use=l&cat=p&typeid=i","cat":284631},{"id":257205,"n":"Eponges flex & wash x4","p":8.83,"img":"https://fd13-photos.leclercdrive.fr/image.ashx?id=2884522&use=l&cat=p&typeid=i","cat":284667},{"id":257206,"n":"Eponges fFlex & wash x2","p":3.85,"img":"https://fd13-photos.leclercdrive.fr/image.ashx?id=2884525&use=l&cat=p&typeid=i","cat":284667},{"id":257232,"n":"Capsules Lave-Vaisselle SUN  Pro-Expert Regular 38 lavages","p":7.9,"u":"13,86 €/KG","img":"https://fd13-photos.leclercdrive.fr/image.ashx?id=2907728&use=l&cat=p&typeid=i","cat":284656},{"id":257251,"n":"Capsules Lave-Vaisselle SUN  Pro-Expert Citron 38 lavages","p":7.9,"u":"13,86 €/KG","img":"https://fd13-photos.leclercdrive.fr/image.ashx?id=2991039&use=l&cat=p&typeid=i","cat":284656},{"id":257593,"n":"Saumon fumé Ecosse  4 tranches 130g","p":7.62,"u":"58,62 €/KG","img":"https://fd13-photos.leclercdrive.fr/image.ashx?id=2885947&use=l&cat=p&typeid=i","cat":285188},{"id":257595,"n":"Saumon fumé Norvège 4 tranches 130g","p":6.88,"u":"52,92 €/KG","img":"https://fd13-photos.leclercdrive.fr/image.ashx?id=2885950&use=l&cat=p&typeid=i","cat":285188},{"id":257606,"n":"Cappelletti Rana jambon cru 250g","p":3.28,"u":"13,12 €/KG","img":"https://fd13-photos.leclercdrive.fr/image.ashx?id=2886358&use=l&cat=p&typeid=i","cat":333682},{"id":257608,"n":"Raviolis Rana ricotta épinards 250g","p":3.3,"u":"13,20 €/KG","img":"https://fd13-photos.leclercdrive.fr/image.ashx?id=2886361&use=l&cat=p&typeid=i","cat":333682},{"id":257609,"n":"Raviolis Rana 4 fromages 250g","p":3.38,"u":"13,52 €/KG","img":"https://fd13-photos.leclercdrive.fr/image.ashx?id=2886364&use=l&cat=p&typeid=i","cat":333682},{"id":257612,"n":"Tortellini Rana bacon, speck & mozzarella 250g","p":3.47,"u":"13,88 €/KG","img":"https://fd13-photos.leclercdrive.fr/image.ashx?id=2886370&use=l&cat=p&typeid=i","cat":333682},{"id":257868,"n":"Bière Rouge la Bête Rouge 8% 75cl","p":4.39,"u":"5,85 €/L","img":"https://fd13-photos.leclercdrive.fr/image.ashx?id=2885962&use=l&cat=p&typeid=i","cat":334878},{"id":257943,"n":"Gaufrettes P'tit Déli Framboise - 4x160g","p":5.93,"u":"9,27 €/KG","img":"https://fd13-photos.leclercdrive.fr/image.ashx?id=2919544&use=l&cat=p&typeid=i","cat":284489},{"id":257948,"n":"Soda Fanta Orange - 33clx20 - 17+3 offerts","p":9.21,"u":"1,40 €/L","img":"https://fd13-photos.leclercdrive.fr/image.ashx?id=2887191&use=l&cat=p&typeid=i","cat":284532},{"id":258144,"n":"Pâtes Panzani rigatoni - 500g","p":1.69,"u":"3,38 €/KG","img":"https://fd13-photos.leclercdrive.fr/image.ashx?id=2887533&use=l&cat=p&typeid=i","cat":284427},{"id":258295,"n":"Croissants fourrés Nutella  x4 - 340g","p":4.6,"u":"13,53 €/KG","img":"https://fd13-photos.leclercdrive.fr/image.ashx?id=2899749&use=l&cat=p&typeid=i","cat":284267},{"id":258299,"n":"Lasagnes William Saurin Bolognaise pure boeuf - 300g","p":2.59,"u":"8,63 €/KG","img":"https://fd13-photos.leclercdrive.fr/image.ashx?id=2916012&use=l&cat=p&typeid=i","cat":284953},{"id":258301,"n":"Spaghetti William Saurin Bolognaise pure boeuf - 300g","p":2.8,"u":"9,33 €/KG","img":"https://fd13-photos.leclercdrive.fr/image.ashx?id=2939517&use=l&cat=p&typeid=i","cat":284953},{"id":258303,"n":"Poulet basquaise William Saurin 285g","p":2.69,"u":"9,44 €/KG","img":"https://fd13-photos.leclercdrive.fr/image.ashx?id=2928564&use=l&cat=p&typeid=i","cat":284953},{"id":258304,"n":"Poulet William Saurin à la crème - 280g","p":2.69,"u":"9,61 €/KG","img":"https://fd13-photos.leclercdrive.fr/image.ashx?id=2939520&use=l&cat=p&typeid=i","cat":284953},{"id":258305,"n":"Risotto William Saurin poulet et champignons - 280g","p":2.61,"u":"9,32 €/KG","img":"https://fd13-photos.leclercdrive.fr/image.ashx?id=2912113&use=l&cat=p&typeid=i","cat":284953},{"id":258308,"n":"Torsades saumon William Saurin Crème et aneth - 280g","p":2.8,"u":"10,00 €/KG","img":"https://fd13-photos.leclercdrive.fr/image.ashx?id=2916009&use=l&cat=p&typeid=i","cat":284953},{"id":258309,"n":"Merlu blanc William Saurin Riz et légumes - 300g","p":2.69,"u":"8,97 €/KG","img":"https://fd13-photos.leclercdrive.fr/image.ashx?id=2986392&use=l&cat=p&typeid=i","cat":284953},{"id":258310,"n":"Blanquette William Saurin Veau et riz - 285g","p":2.95,"u":"10,35 €/KG","img":"https://fd13-photos.leclercdrive.fr/image.ashx?id=2906286&use=l&cat=p&typeid=i","cat":284953},{"id":258341,"n":"Glace Rafello bâtonnets Pêche hibiscus x3 - 138g","p":3.89,"u":"28,19 €/KG","img":"https://fd13-photos.leclercdrive.fr/image.ashx?id=2890436&use=l&cat=p&typeid=i","cat":284265},{"id":258342,"n":"Glace Ferrero bâtonnets chocolat noir orange x3 - 138g","p":3.89,"u":"28,19 €/KG","img":"https://fd13-photos.leclercdrive.fr/image.ashx?id=2889913&use=l&cat=p&typeid=i","cat":284265},{"id":258343,"n":"Crêpes Nutella  x6 - 240g","p":4.83,"u":"20,13 €/KG","img":"https://fd13-photos.leclercdrive.fr/image.ashx?id=2899761&use=l&cat=p&typeid=i","cat":284267},{"id":258350,"n":"Ravioli Rana tomate mozzarella 250g","p":3.42,"u":"13,68 €/KG","img":"https://fd13-photos.leclercdrive.fr/image.ashx?id=2889931&use=l&cat=p&typeid=i","cat":333682},{"id":258352,"n":"Tortellini Rana Parmigiano  Reggiano 250g","p":3.26,"u":"13,04 €/KG","img":"https://fd13-photos.leclercdrive.fr/image.ashx?id=2889937&use=l&cat=p&typeid=i","cat":333682},{"id":258356,"n":"Raviolis Rana Burrata chorizo 250g","p":3.92,"u":"15,68 €/KG","img":"https://fd13-photos.leclercdrive.fr/image.ashx?id=2889943&use=l&cat=p&typeid=i","cat":333682},{"id":258471,"n":"Fromage Camembert Isigny NRT 250g","p":1.67,"u":"6,68 €/KG","img":"https://fd13-photos.leclercdrive.fr/image.ashx?id=1961500&use=l&cat=p&typeid=i","cat":326550},{"id":258606,"n":"Soda Fanta Orange  Bouteille - 1.25L","p":1.73,"u":"1,38 €/L","img":"https://fd13-photos.leclercdrive.fr/image.ashx?id=2924752&use=l&cat=p&typeid=i","cat":284532},{"id":258714,"n":"Chewing-gum Hollywood Menthe fraîche 5x10 - 70g","p":2.02,"u":"28,86 €/KG","img":"https://fd13-photos.leclercdrive.fr/image.ashx?id=3001542&use=l&cat=p&typeid=i","cat":304251},{"id":258716,"n":"Chewing gum Hollywood Menthe forte 5x10 - 70g","p":1.48,"u":"21,14 €/KG","img":"https://fd13-photos.leclercdrive.fr/image.ashx?id=3001536&use=l&cat=p&typeid=i","cat":304251},{"id":258753,"n":"Mélange forme sans sel  Bruit de Coques 180g","p":4.79,"u":"26,61 €/KG","img":"https://fd13-photos.leclercdrive.fr/image.ashx?id=2889754&use=l&cat=p&typeid=i","cat":284357},{"id":258816,"n":"Cacahuètes Curly  Miel barbecue - 150g","p":1.45,"u":"9,67 €/KG","img":"https://fd13-photos.leclercdrive.fr/image.ashx?id=2906367&use=l&cat=p&typeid=i","cat":284448},{"id":258818,"n":"Cacahuète Curly Paprika - 150g","p":1.45,"u":"9,67 €/KG","img":"https://fd13-photos.leclercdrive.fr/image.ashx?id=2938728&use=l&cat=p&typeid=i","cat":284448},{"id":259184,"n":"Préservatifs Durex Classic Jeans - x20","p":7.01,"img":"https://fd13-photos.leclercdrive.fr/image.ashx?id=2892433&use=l&cat=p&typeid=i","cat":284631},{"id":259211,"n":"Dentifrice Enfants Sensodyne 2-6 ans - 50ml","p":3.94,"u":"78,80 €/L","img":"https://fd13-photos.leclercdrive.fr/image.ashx?id=2893009&use=l&cat=p&typeid=i","cat":288898},{"id":259283,"n":"Bière Cherry 8.6 7.2% - 4x50cl","p":7.62,"u":"3,81 €/L","img":"https://fd13-photos.leclercdrive.fr/image.ashx?id=2905708&use=l&cat=p&typeid=i","cat":334853},{"id":259321,"n":"Pain burger Jacquet Géant brioché x4 - 300g","p":1.69,"u":"5,63 €/KG","img":"https://fd13-photos.leclercdrive.fr/image.ashx?id=2991879&use=l&cat=p&typeid=i","cat":325067},{"id":259322,"n":"Pain burger Jacquet Nature x6 - 330g","p":1.38,"u":"4,18 €/KG","img":"https://fd13-photos.leclercdrive.fr/image.ashx?id=2991885&use=l&cat=p&typeid=i","cat":325067},{"id":259323,"n":"Burger Jacquet brioché Ultra moelleux x4 - 250g","p":1.34,"u":"5,36 €/KG","img":"https://fd13-photos.leclercdrive.fr/image.ashx?id=3010984&use=l&cat=p&typeid=i","cat":325067},{"id":259605,"n":"Boisson fruits Tropical Fruit shoot  -9x20cl + 3 off","p":3.83,"u":"1,60 €/L","img":"https://fd13-photos.leclercdrive.fr/image.ashx?id=2892472&use=l&cat=p&typeid=i","cat":295018},{"id":259611,"n":"Cacahouètes grillées à sec Menguy's -200g x 2 +200g off","p":5.3,"u":"1,77 €/P","img":"https://fd13-photos.leclercdrive.fr/image.ashx?id=2892172&use=l&cat=p&typeid=i","cat":284448},{"id":259632,"n":"Nectar Bio Pressade Pomme - 1.5L","p":2.15,"u":"1,43 €/L","img":"https://fd13-photos.leclercdrive.fr/image.ashx?id=2892586&use=l&cat=p&typeid=i","cat":284522},{"id":260044,"n":"Liqueur Get Menthe & fruits rouges 17.9° - 70cl","p":13.89,"u":"19,84 €/L","img":"https://fd13-photos.leclercdrive.fr/image.ashx?id=3009104&use=l&cat=p&typeid=i","cat":286032},{"id":260045,"n":"Boisson énergisante Celsius Pêche framboise - 35,5cl","p":1.4,"u":"3,94 €/L","img":"https://fd13-photos.leclercdrive.fr/image.ashx?id=2922155&use=l&cat=p&typeid=i","cat":284533},{"id":260047,"n":"Boisson énergisante Celsius Multifruits - 35,5cl","p":1.4,"u":"3,94 €/L","img":"https://fd13-photos.leclercdrive.fr/image.ashx?id=2919006&use=l&cat=p&typeid=i","cat":284533},{"id":260048,"n":"Boisson énergisante Celsius Orange - 35,5cl","p":1.4,"u":"3,94 €/L","img":"https://fd13-photos.leclercdrive.fr/image.ashx?id=2922152&use=l&cat=p&typeid=i","cat":284533},{"id":260281,"n":"Bière blonde de caractère  Pélican 7.5% 12x25cl","p":11.39,"pp":7.52,"u":"2,51 €/L","img":"https://fd13-photos.leclercdrive.fr/image.ashx?id=2922600&use=l&cat=p&typeid=i","cat":334872},{"id":260282,"n":"Champagne brut Veuve Clicquot 12.5% - 75cl","p":49.99,"u":"66,65 €/L","img":"https://fd13-photos.leclercdrive.fr/image.ashx?id=2894137&use=l&cat=p&typeid=i","cat":284542},{"id":260328,"n":"Riz Taureau Ailé Basmati du Punjab - 500g","p":2.29,"u":"4,58 €/KG","img":"https://fd13-photos.leclercdrive.fr/image.ashx?id=2893756&use=l&cat=p&typeid=i","cat":284428},{"id":260545,"n":"Fromage fondu Eco+ 24 portions - 400g","p":1.47,"u":"3,68 €/KG","img":"https://fd13-photos.leclercdrive.fr/image.ashx?id=2415746&use=l&cat=p&typeid=i","cat":326550},{"id":260719,"n":"Serviettes hygiéniques Normal Always ultra 2 x 34","p":7.74,"u":"0,11 €/P","img":"https://fd13-photos.leclercdrive.fr/image.ashx?id=2895071&use=l&cat=p&typeid=i","cat":284624},{"id":261070,"n":"Mélange Couscous Saint Lucie - 34g","p":1.29,"u":"37,94 €/KG","img":"https://fd13-photos.leclercdrive.fr/image.ashx?id=2896168&use=l&cat=p&typeid=i","cat":298297},{"id":261074,"n":"Bigarreaux rouges confits Sainte Lucie - 150g","p":3.31,"u":"22,07 €/KG","img":"https://fd13-photos.leclercdrive.fr/image.ashx?id=2896171&use=l&cat=p&typeid=i","cat":284504},{"id":261223,"n":"Saucisson sec Saint Agaûne La fine - 200g","p":4.3,"u":"21,50 €/KG","img":"https://fd13-photos.leclercdrive.fr/image.ashx?id=2960939&use=l&cat=p&typeid=i","cat":316006},{"id":261292,"n":"Chewing-gum Hollywood  Menthe Verte sans sucres - 70g","p":2.2,"u":"31,43 €/KG","img":"https://fd13-photos.leclercdrive.fr/image.ashx?id=2987053&use=l&cat=p&typeid=i","cat":304251},{"id":261307,"n":"Chewing-gum Hollywood 2Fresh  Menthe Verte sans sucres -  66g","p":1.68,"u":"25,45 €/KG","img":"https://fd13-photos.leclercdrive.fr/image.ashx?id=3011959&use=l&cat=p&typeid=i","cat":304251},{"id":261510,"n":"Sel fin Le Guerandais Au herbes 250g","p":3.64,"u":"14,56 €/KG","img":"https://fd13-photos.leclercdrive.fr/image.ashx?id=2903344&use=l&cat=p&typeid=i","cat":284457},{"id":261525,"n":"Sauté de lapin William Saurin 300g","p":3.23,"u":"10,77 €/KG","img":"https://fd13-photos.leclercdrive.fr/image.ashx?id=2905375&use=l&cat=p&typeid=i","cat":284953},{"id":261528,"n":"Nectar Bio Pressade Orange Bio - 6x20cl","p":3.34,"u":"2,78 €/L","img":"https://fd13-photos.leclercdrive.fr/image.ashx?id=2902705&use=l&cat=p&typeid=i","cat":284521},{"id":261610,"n":"Pains au lait Pasquier -30% de sucres - x8  280g","p":1.59,"u":"5,68 €/KG","img":"https://fd13-photos.leclercdrive.fr/image.ashx?id=2900449&use=l&cat=p&typeid=i","cat":293505},{"id":261803,"n":"Coppa italienne Saint Azay 10 tranches 100 g","p":1.19,"u":"11,90 €/KG","img":"https://fd13-photos.leclercdrive.fr/image.ashx?id=2665844&use=l&cat=p&typeid=i","cat":326550},{"id":261974,"n":"Coca-Cola Cherry 18+2 offertes - 20x33cl","p":13.38,"u":"2,03 €/L","img":"https://fd13-photos.leclercdrive.fr/image.ashx?id=2903716&use=l&cat=p&typeid=i","cat":284530},{"id":262345,"n":"Soda Fanta Orange  Canette - Pack 6x33CL","p":3.52,"u":"1,78 €/L","img":"https://fd13-photos.leclercdrive.fr/image.ashx?id=2997241&use=l&cat=p&typeid=i","cat":284532},{"id":262706,"n":"Lait fermenté Elben Candia 1L","p":1.07,"u":"1,07 €/L","img":"https://fd13-photos.leclercdrive.fr/image.ashx?id=2511393&use=l&cat=p&typeid=i","cat":326550},{"id":263115,"n":"Margarine Oméga 3 Fruit d'Or Sans huile de palme - 225g","p":1.19,"u":"5,29 €/KG","img":"https://fd13-photos.leclercdrive.fr/image.ashx?id=2887332&use=l&cat=p&typeid=i","cat":326550},{"id":263130,"n":"Magnum Glace Bâtonnet  Double Noisette 4x85ml","p":4.6,"u":"13,53 €/L","img":"https://fd13-photos.leclercdrive.fr/image.ashx?id=3009326&use=l&cat=p&typeid=i","cat":284265},{"id":263131,"n":"Bâtonnet Magnum Utopia Double Fruits Rouges 4x85ml","p":4.99,"u":"14,68 €/L","img":"https://fd13-photos.leclercdrive.fr/image.ashx?id=3014650&use=l&cat=p&typeid=i","cat":284265},{"id":263133,"n":"Magnum Glace Bonbon Dessert Caramel Salé & Amande x12","p":5.1,"u":"27,57 €/KG","img":"https://fd13-photos.leclercdrive.fr/image.ashx?id=2901178&use=l&cat=p&typeid=i","cat":284266},{"id":263323,"n":"Eponge vaisselle Elephant x6 +3 offertes","p":7.5,"img":"https://fd13-photos.leclercdrive.fr/image.ashx?id=2902133&use=l&cat=p&typeid=i","cat":325894},{"id":263439,"n":"Petit pot de crème Délisse Café - 4x100g","p":1.08,"u":"2,70 €/KG","img":"https://fd13-photos.leclercdrive.fr/image.ashx?id=2550372&use=l&cat=p&typeid=i","cat":326550},{"id":263698,"n":"Bière Softiz  Agrumes 6x27,5cl","p":3.33,"u":"2,02 €/L","img":"https://fd13-photos.leclercdrive.fr/image.ashx?id=2902529&use=l&cat=p&typeid=i","cat":334877},{"id":263702,"n":"Glace cône Extreme Salted caramel - 6x71g","p":3.38,"u":"7,93 €/KG","img":"https://fd13-photos.leclercdrive.fr/image.ashx?id=2904185&use=l&cat=p&typeid=i","cat":284264},{"id":263712,"n":"Truite fumée Landvika 6 tranches 140g","p":4.99,"u":"35,64 €/KG","img":"https://fd13-photos.leclercdrive.fr/image.ashx?id=2904206&use=l&cat=p&typeid=i","cat":285188},{"id":263869,"n":"Riz pour risotto Taureau Ailé 500g","p":1.88,"u":"3,76 €/KG","img":"https://fd13-photos.leclercdrive.fr/image.ashx?id=2904389&use=l&cat=p&typeid=i","cat":284428},{"id":264114,"n":"Plateau charcuteries Alsace NRT 200g","p":1.22,"u":"6,10 €/KG","img":"https://fd13-photos.leclercdrive.fr/image.ashx?id=2991479&use=l&cat=p&typeid=i","cat":326550},{"id":264392,"n":"Savane Brossard coeur choco Max de sensation - x6 - 180g","p":2.49,"u":"13,83 €/KG","img":"https://fd13-photos.leclercdrive.fr/image.ashx?id=2906502&use=l&cat=p&typeid=i","cat":284495},{"id":264397,"n":"Tartines P'tit dej Jacquet aux graines - x14 - 410g","p":1.75,"u":"4,27 €/KG","img":"https://fd13-photos.leclercdrive.fr/image.ashx?id=2906061&use=l&cat=p&typeid=i","cat":284477},{"id":264507,"n":"Coulommiers Cœur de Lion  Extra-Crèmeux - 385g","p":1.99,"u":"5,17 €/KG","img":"https://fd13-photos.leclercdrive.fr/image.ashx?id=2999958&use=l&cat=p&typeid=i","cat":326550},{"id":264694,"n":"Cheetos crispy Balls  90g","p":1.28,"u":"14,22 €/KG","img":"https://fd13-photos.leclercdrive.fr/image.ashx?id=2907962&use=l&cat=p&typeid=i","cat":284449},{"id":264696,"n":"Cheetos crunchy Fromage - 90g","p":1.29,"u":"14,33 €/KG","img":"https://fd13-photos.leclercdrive.fr/image.ashx?id=2907965&use=l&cat=p&typeid=i","cat":284449},{"id":264700,"n":"Cheetos crunchy Sweet Chili - 90g","p":1.29,"u":"14,33 €/KG","img":"https://fd13-photos.leclercdrive.fr/image.ashx?id=2907968&use=l&cat=p&typeid=i","cat":284449},{"id":264707,"n":"Cheetos original  135g","p":1.69,"u":"12,52 €/KG","img":"https://fd13-photos.leclercdrive.fr/image.ashx?id=2907956&use=l&cat=p&typeid=i","cat":284449},{"id":264708,"n":"Cheetos original  Fromage - 80g","p":1.2,"u":"15,00 €/KG","img":"https://fd13-photos.leclercdrive.fr/image.ashx?id=2907959&use=l&cat=p&typeid=i","cat":284449},{"id":264903,"n":"La Panée soja Garden Gourmet 207g","p":2.67,"u":"12,90 €/KG","img":"https://fd13-photos.leclercdrive.fr/image.ashx?id=2980155&use=l&cat=p&typeid=i","cat":316036},{"id":264904,"n":"Le Classique soja  Garden Gourmet 173g","p":2.63,"u":"15,20 €/KG","img":"https://fd13-photos.leclercdrive.fr/image.ashx?id=2965319&use=l&cat=p&typeid=i","cat":316036},{"id":264960,"n":"Box XXL Radiatori Côté Snack Boeuf poivre 400g","p":2.99,"u":"7,48 €/KG","img":"https://fd13-photos.leclercdrive.fr/image.ashx?id=2907494&use=l&cat=p&typeid=i","cat":334983},{"id":264963,"n":"Box XXL Radiatori Côté Snack Saumon 400g","p":2.99,"u":"7,48 €/KG","img":"https://fd13-photos.leclercdrive.fr/image.ashx?id=2907497&use=l&cat=p&typeid=i","cat":334983},{"id":265098,"n":"Jambon cuit supérieur  L'Atelier Charcuterie 4T - 220g","p":4.39,"u":"19,95 €/KG","img":"https://fd13-photos.leclercdrive.fr/image.ashx?id=2999045&use=l&cat=p&typeid=i","cat":316009},{"id":265105,"n":"Jambon supérieur  L'Atelier Charcuterie 4T 220g","p":3.47,"u":"15,77 €/KG","img":"https://fd13-photos.leclercdrive.fr/image.ashx?id=2999054&use=l&cat=p&typeid=i","cat":316009},{"id":265108,"n":"Jambon supérieur  L'Atelier Charcuterie 6T - 330g","p":5.12,"u":"15,52 €/KG","img":"https://fd13-photos.leclercdrive.fr/image.ashx?id=2928162&use=l&cat=p&typeid=i","cat":316009},{"id":265152,"n":"Fromage apéritif Apéricube Soirée match 48 cubes 250g","p":4.17,"u":"16,68 €/KG","img":"https://fd13-photos.leclercdrive.fr/image.ashx?id=2908915&use=l&cat=p&typeid=i","cat":314027},{"id":265156,"n":"Fromage apéritif Apéricube Montagne 48 cubes 250g","p":4.17,"u":"16,68 €/KG","img":"https://fd13-photos.leclercdrive.fr/image.ashx?id=2908924&use=l&cat=p&typeid=i","cat":314027},{"id":265443,"n":"Martini Bianco 14.5° - 1L","p":10.3,"u":"10,30 €/L","img":"https://fd13-photos.leclercdrive.fr/image.ashx?id=2941952&use=l&cat=p&typeid=i","cat":284913},{"id":265446,"n":"Martini Fiero 14.5° - 1L","p":10.3,"u":"10,30 €/L","img":"https://fd13-photos.leclercdrive.fr/image.ashx?id=2911573&use=l&cat=p&typeid=i","cat":284913},{"id":265449,"n":"Martini rosato 14.5° - 1L","p":10.3,"u":"10,30 €/L","img":"https://fd13-photos.leclercdrive.fr/image.ashx?id=2941946&use=l&cat=p&typeid=i","cat":284913},{"id":265450,"n":"Martini rosso 14.5° - 1L","p":10.3,"u":"10,30 €/L","img":"https://fd13-photos.leclercdrive.fr/image.ashx?id=2941949&use=l&cat=p&typeid=i","cat":284913},{"id":265508,"n":"Kit démarrage plumeau Swiffer 1 manche + 4 recharges","p":4.88,"img":"https://fd13-photos.leclercdrive.fr/image.ashx?id=3011938&use=l&cat=p&typeid=i","cat":325364},{"id":265511,"n":"Recharges plumeaux Swiffer Fraîcheur - x5","p":5.04,"img":"https://fd13-photos.leclercdrive.fr/image.ashx?id=2974161&use=l&cat=p&typeid=i","cat":325364},{"id":265513,"n":"Liquide adoucissant Lenor Fleur de jasmin 882ml","p":4.9,"u":"5,56 €/L","img":"https://fd13-photos.leclercdrive.fr/image.ashx?id=2917103&use=l&cat=p&typeid=i","cat":284650},{"id":265514,"n":"Adoucissant Lenor collection Jasmin et rose de mai 1.155L","p":4.53,"u":"3,92 €/L","img":"https://fd13-photos.leclercdrive.fr/image.ashx?id=2912701&use=l&cat=p&typeid=i","cat":284650},{"id":265515,"n":"Adoucissant liquide Lenor Peaux sensibles - 882ml x42","p":4.9,"u":"5,56 €/L","img":"https://fd13-photos.leclercdrive.fr/image.ashx?id=2917100&use=l&cat=p&typeid=i","cat":284650},{"id":265517,"n":"Lingettes humides balai Swiffer Attrape-poussière Citron x10","p":4.97,"img":"https://fd13-photos.leclercdrive.fr/image.ashx?id=2912698&use=l&cat=p&typeid=i","cat":325364},{"id":265519,"n":"Adoucissant Lenor Fresh Air Jardins en fleurs - 504ml x36","p":4.53,"u":"8,99 €/L","img":"https://fd13-photos.leclercdrive.fr/image.ashx?id=2912686&use=l&cat=p&typeid=i","cat":284650},{"id":265799,"n":"Désodorisant Febreze Linge frais - x3 recharges","p":6.89,"u":"344,50 €/L","img":"https://fd13-photos.leclercdrive.fr/image.ashx?id=2912680&use=l&cat=p&typeid=i","cat":311629},{"id":265800,"n":"Recharges désodorisant Febreze Linge frais - x3 - 20ml","p":5.99,"u":"299,50 €/L","img":"https://fd13-photos.leclercdrive.fr/image.ashx?id=2912683&use=l&cat=p&typeid=i","cat":311629},{"id":265859,"n":"Goûter laitier Récré O'lé  Saveur biscuit x20  - 1.7kg","p":10.6,"u":"6,24 €/KG","img":"https://fd13-photos.leclercdrive.fr/image.ashx?id=2913352&use=l&cat=p&typeid=i","cat":284506},{"id":265860,"n":"Café soluble Maxwell House  200g","p":4.89,"u":"24,45 €/KG","img":"https://fd13-photos.leclercdrive.fr/image.ashx?id=2911591&use=l&cat=p&typeid=i","cat":284843},{"id":265866,"n":"Boisson végétale bio Bjorg Noisette 2x1L","p":4.7,"u":"2,35 €/L","img":"https://fd13-photos.leclercdrive.fr/image.ashx?id=2913868&use=l&cat=p&typeid=i","cat":313736},{"id":265868,"n":"Lessive liquide Dash 2 en 1 Envolée d'air 40 lavages - 1.8L","p":9.91,"u":"5,51 €/L","img":"https://fd13-photos.leclercdrive.fr/image.ashx?id=2914858&use=l&cat=p&typeid=i","cat":284640},{"id":265920,"n":"Tablette lave-vaisselle Fairy  Platinium Anti-terne - 388g","p":10.0,"u":"25,77 €/KG","img":"https://fd13-photos.leclercdrive.fr/image.ashx?id=2914879&use=l&cat=p&typeid=i","cat":284656},{"id":265921,"n":"Capsules lave-vaisselle Fairy Platinium Plus anti-terne 388g","p":8.35,"u":"21,52 €/KG","img":"https://fd13-photos.leclercdrive.fr/image.ashx?id=2914189&use=l&cat=p&typeid=i","cat":284656},{"id":265931,"n":"Tablettes lave-vaisselle Fairy  Original Tout en 1 x34 - 473g","p":10.05,"u":"21,25 €/KG","img":"https://fd13-photos.leclercdrive.fr/image.ashx?id=2914198&use=l&cat=p&typeid=i","cat":284656},{"id":265932,"n":"Tablettes lave-vaisselle Fairy Original tout en 1 x35 - 473g","p":8.35,"u":"17,65 €/KG","img":"https://fd13-photos.leclercdrive.fr/image.ashx?id=2914201&use=l&cat=p&typeid=i","cat":284656},{"id":265941,"n":"Dentifrice Sensodyne Soin gencives 3x75ml","p":9.83,"pp":5.9,"u":"26,22 €/L","img":"https://fd13-photos.leclercdrive.fr/image.ashx?id=3009020&use=l&cat=p&typeid=i","cat":284612},{"id":265947,"n":"Dentifrice Sensodyne  Soin complet 3x75ml","p":9.83,"pp":5.9,"u":"26,22 €/L","img":"https://fd13-photos.leclercdrive.fr/image.ashx?id=3009023&use=l&cat=p&typeid=i","cat":284612},{"id":265949,"n":"Dentifrice Sensodyne Soin blancheur 3x75ml","p":9.03,"u":"40,13 €/L","img":"https://fd13-photos.leclercdrive.fr/image.ashx?id=2915588&use=l&cat=p&typeid=i","cat":284612},{"id":265950,"n":"Dentifrice Sensodyne Soin blancheur 3x75ml","p":9.83,"pp":5.9,"u":"26,22 €/L","img":"https://fd13-photos.leclercdrive.fr/image.ashx?id=3009026&use=l&cat=p&typeid=i","cat":284612},{"id":266088,"n":"Adoucissant Cajoline Creations Brise de muguet 1.386L x66","p":5.95,"u":"4,29 €/L","img":"https://fd13-photos.leclercdrive.fr/image.ashx?id=2914240&use=l&cat=p&typeid=i","cat":284650},{"id":266093,"n":"Adoucissant Lenor Envolée d'air - x55 - 1.155L","p":4.53,"u":"3,92 €/L","img":"https://fd13-photos.leclercdrive.fr/image.ashx?id=2914171&use=l&cat=p&typeid=i","cat":284650},{"id":266114,"n":"Lessive liquide Ariel Alpine - x35 - 1.575L","p":9.88,"u":"6,27 €/L","img":"https://fd13-photos.leclercdrive.fr/image.ashx?id=2914822&use=l&cat=p&typeid=i","cat":284640},{"id":266123,"n":"Jambon Sec fines et fondantes Aoste nature 4 tranches - 67g","p":2.62,"u":"39,10 €/KG","img":"https://fd13-photos.leclercdrive.fr/image.ashx?id=2937196&use=l&cat=p&typeid=i","cat":316007},{"id":266143,"n":"Adoucissant Lenor Fresh Air Rayons soleil - 504ml - x36D","p":4.53,"u":"8,99 €/L","img":"https://fd13-photos.leclercdrive.fr/image.ashx?id=2914153&use=l&cat=p&typeid=i","cat":284650},{"id":266145,"n":"Adoucissant Lenor Fresh Air Soleil tropical - 504ml - x36","p":4.53,"u":"8,99 €/L","img":"https://fd13-photos.leclercdrive.fr/image.ashx?id=2914156&use=l&cat=p&typeid=i","cat":284650},{"id":266147,"n":"Parfum de linge Lenor Parfum d'Ariel - x13 - 155g","p":4.53,"u":"29,23 €/KG","img":"https://fd13-photos.leclercdrive.fr/image.ashx?id=2914159&use=l&cat=p&typeid=i","cat":325302},{"id":266149,"n":"Adoucissant Lenor Fresh Air Fraîcheur matinale 504ml - x36","p":4.53,"u":"8,99 €/L","img":"https://fd13-photos.leclercdrive.fr/image.ashx?id=2914150&use=l&cat=p&typeid=i","cat":284650},{"id":266153,"n":"Pâtes Alpina Savoie Coquillettes zéro résidu 500g","p":1.42,"u":"2,84 €/KG","img":"https://fd13-photos.leclercdrive.fr/image.ashx?id=2913874&use=l&cat=p&typeid=i","cat":284427},{"id":266154,"n":"Pâtes Alpina Savoie Spaghetti zéro résidu 500g","p":1.24,"u":"2,48 €/KG","img":"https://fd13-photos.leclercdrive.fr/image.ashx?id=2913877&use=l&cat=p&typeid=i","cat":284427},{"id":266156,"n":"Lessive capsuleS Ariel Pods+ Unstoppable - 515g - x26","p":15.87,"u":"30,82 €/KG","img":"https://fd13-photos.leclercdrive.fr/image.ashx?id=2914852&use=l&cat=p&typeid=i","cat":284641},{"id":266162,"n":"Capsules lave-vaisselle Finish Quantum - 707g - x68","p":11.88,"pp":7.13,"u":"10,08 €/KG","img":"https://fd13-photos.leclercdrive.fr/image.ashx?id=2914627&use=l&cat=p&typeid=i","cat":284656},{"id":266166,"n":"Lessive capsules Ariel 3en1 Pods - Alpine - 546g - x30","p":13.13,"u":"24,05 €/KG","img":"https://fd13-photos.leclercdrive.fr/image.ashx?id=2914177&use=l&cat=p&typeid=i","cat":284641},{"id":266168,"n":"Lessive capsules Ariel 3en1 Pods - Alpine - 346g x19","p":9.1,"u":"26,30 €/KG","img":"https://fd13-photos.leclercdrive.fr/image.ashx?id=2914867&use=l&cat=p&typeid=i","cat":284641},{"id":266177,"n":"Adoucissant Soupline Lenor Ambre & orchidée - 1.155L x55","p":4.53,"u":"3,92 €/L","img":"https://fd13-photos.leclercdrive.fr/image.ashx?id=2914165&use=l&cat=p&typeid=i","cat":284650},{"id":266178,"n":"Adoucissant Lenor Envolée air - 882ml x42","p":4.69,"u":"5,32 €/L","img":"https://fd13-photos.leclercdrive.fr/image.ashx?id=2914168&use=l&cat=p&typeid=i","cat":284650},{"id":266181,"n":"Adoucissant Lenor Bouquet floral - 1.155L - x55","p":4.53,"u":"3,92 €/L","img":"https://fd13-photos.leclercdrive.fr/image.ashx?id=2914174&use=l&cat=p&typeid=i","cat":284650},{"id":266182,"n":"Adoucissant Lenor Ambre & orchidée - 882ml - x42","p":4.48,"u":"5,08 €/L","img":"https://fd13-photos.leclercdrive.fr/image.ashx?id=2914864&use=l&cat=p&typeid=i","cat":284650},{"id":266183,"n":"Adoucissant Lenor Jasmin & Rose de mai 882ml x42","p":4.49,"u":"5,09 €/L","img":"https://fd13-photos.leclercdrive.fr/image.ashx?id=2914861&use=l&cat=p&typeid=i","cat":284650},{"id":266203,"n":"Adoucissant Soupline Ultra concentré Rose éclatante 800 ml","p":5.9,"u":"7,38 €/L","img":"https://fd13-photos.leclercdrive.fr/image.ashx?id=2914210&use=l&cat=p&typeid=i","cat":284650},{"id":266206,"n":"Adoucissant Soupline Ultra concentré Fraicheur Azur 800 ml","p":5.93,"u":"7,41 €/L","img":"https://fd13-photos.leclercdrive.fr/image.ashx?id=2991030&use=l&cat=p&typeid=i","cat":284650},{"id":266208,"n":"Adoucissant Soupline Ultra concentré Soin Expert 800 ml","p":5.9,"u":"7,38 €/L","img":"https://fd13-photos.leclercdrive.fr/image.ashx?id=2914222&use=l&cat=p&typeid=i","cat":284650},{"id":266232,"n":"Riz risotto Taureau Ailé 1kg","p":3.06,"u":"3,06 €/KG","img":"https://fd13-photos.leclercdrive.fr/image.ashx?id=2914696&use=l&cat=p&typeid=i","cat":284428},{"id":266253,"n":"Sardines Parmentier A l'huile Tournesol vierge extra Bio 120g","p":1.79,"u":"14,92 €/KG","img":"https://fd13-photos.leclercdrive.fr/image.ashx?id=2913832&use=l&cat=p&typeid=i","cat":305146},{"id":266440,"n":"Lessive liquide Ariel Active - 1350ml x30","p":9.88,"u":"7,32 €/L","img":"https://fd13-photos.leclercdrive.fr/image.ashx?id=2914828&use=l&cat=p&typeid=i","cat":284640},{"id":266444,"n":"Lessive capsules Ariel 3en1 Original - 546g - x30","p":11.86,"u":"21,72 €/KG","img":"https://fd13-photos.leclercdrive.fr/image.ashx?id=2914834&use=l&cat=p&typeid=i","cat":284641},{"id":266445,"n":"Lessive capsules Ariel Pods+ Active - 554g - x26","p":13.06,"u":"23,57 €/KG","img":"https://fd13-photos.leclercdrive.fr/image.ashx?id=2914843&use=l&cat=p&typeid=i","cat":284641},{"id":266448,"n":"Lessive capsules Ariel Pods Original - 346g - x19","p":9.13,"u":"26,39 €/KG","img":"https://fd13-photos.leclercdrive.fr/image.ashx?id=2914855&use=l&cat=p&typeid=i","cat":284641},{"id":266466,"n":"Lessive capsules Ariel Pods+ Ultra détachant - 606g x26","p":15.87,"u":"26,19 €/KG","img":"https://fd13-photos.leclercdrive.fr/image.ashx?id=2914846&use=l&cat=p&typeid=i","cat":284641},{"id":266633,"n":"Dentrifrice Oral-B Pro Expert Protection - 2x75ml","p":3.79,"u":"25,27 €/L","img":"https://fd13-photos.leclercdrive.fr/image.ashx?id=2938286&use=l&cat=p&typeid=i","cat":284612},{"id":266677,"n":"Pâtes Alpina Savoie Mini coquilles - 500g","p":1.4,"u":"2,80 €/KG","img":"https://fd13-photos.leclercdrive.fr/image.ashx?id=2915994&use=l&cat=p&typeid=i","cat":284427},{"id":266705,"n":"Pain de mie La Boulangère Toastiligne Complet - 330g","p":1.7,"u":"5,15 €/KG","img":"https://fd13-photos.leclercdrive.fr/image.ashx?id=2926657&use=l&cat=p&typeid=i","cat":284477},{"id":266706,"n":"Pain de mie La Boulangère Complet & graines - 500g","p":1.97,"u":"3,94 €/KG","img":"https://fd13-photos.leclercdrive.fr/image.ashx?id=2926693&use=l&cat=p&typeid=i","cat":284477},{"id":267014,"n":"Tortillas de blé Old El Paso Complet x10 - 580g","p":3.89,"u":"6,71 €/KG","img":"https://fd13-photos.leclercdrive.fr/image.ashx?id=2916492&use=l&cat=p&typeid=i","cat":288993},{"id":267167,"n":"Déodorant bille Nivea Anti-transpirant 48h - 2x50ml","p":4.3,"u":"43,00 €/L","img":"https://fd13-photos.leclercdrive.fr/image.ashx?id=2916354&use=l&cat=p&typeid=i","cat":284595},{"id":267183,"n":"Citronnade Montebelo Brasil Citron vert - 1L","p":2.19,"u":"2,19 €/L","img":"https://fd13-photos.leclercdrive.fr/image.ashx?id=2916342&use=l&cat=p&typeid=i","cat":284915},{"id":267332,"n":"Adoucissant Cajoline Créations Souffle de fraîcheur 1.386L x66","p":5.71,"u":"4,12 €/L","img":"https://fd13-photos.leclercdrive.fr/image.ashx?id=2917109&use=l&cat=p&typeid=i","cat":284650},{"id":267333,"n":"Adoucissant Cajoline Créations Fleur de tiaré & Pivoine 1.386L","p":5.63,"u":"4,06 €/L","img":"https://fd13-photos.leclercdrive.fr/image.ashx?id=2917112&use=l&cat=p&typeid=i","cat":284650},{"id":267335,"n":"Adoucissant Cajoline Créations Lavande & Rose blanche 1.386L","p":5.57,"u":"4,02 €/L","img":"https://fd13-photos.leclercdrive.fr/image.ashx?id=2917115&use=l&cat=p&typeid=i","cat":284650},{"id":267336,"n":"Adoucissant Cajoline Doux & Pur L'original - 1.386L x66","p":4.31,"u":"3,11 €/L","img":"https://fd13-photos.leclercdrive.fr/image.ashx?id=2917118&use=l&cat=p&typeid=i","cat":284650},{"id":267346,"n":"Vodka Eristoff passion 18%vol - 70cl","p":11.83,"u":"16,90 €/L","img":"https://fd13-photos.leclercdrive.fr/image.ashx?id=2917058&use=l&cat=p&typeid=i","cat":284550},{"id":267371,"n":"Adoucissant Cajoline Créations Fleur de la passion 1.386L x66","p":4.31,"u":"3,11 €/L","img":"https://fd13-photos.leclercdrive.fr/image.ashx?id=2918107&use=l&cat=p&typeid=i","cat":284650},{"id":267412,"n":"Matin+ Pamplemousse Framboise - 90cl","p":2.04,"u":"2,27 €/L","img":"https://fd13-photos.leclercdrive.fr/image.ashx?id=2917735&use=l&cat=p&typeid=i","cat":284914},{"id":267955,"n":"Escalopes de poulet Eco+ x5 - 600g","p":5.99,"u":"9,98 €/KG","img":"https://fd13-photos.leclercdrive.fr/image.ashx?id=2918239&use=l&cat=p&typeid=i","cat":284336},{"id":268005,"n":"Jambon cru Serrano Aoste  4 tranches - 67g","p":2.69,"u":"40,15 €/KG","img":"https://fd13-photos.leclercdrive.fr/image.ashx?id=2939844&use=l&cat=p&typeid=i","cat":316007},{"id":268013,"n":"Barres de céréales Eat Natural amande & raisins secs - x3-120g","p":3.77,"u":"31,42 €/KG","img":"https://fd13-photos.leclercdrive.fr/image.ashx?id=2919048&use=l&cat=p&typeid=i","cat":300032},{"id":268018,"n":"Barres de céréale Eat Natural Chocolat noir x3 - 120g","p":3.77,"u":"31,42 €/KG","img":"https://fd13-photos.leclercdrive.fr/image.ashx?id=2919051&use=l&cat=p&typeid=i","cat":300032},{"id":268019,"n":"Lessive liquide Persil Peaux sensibles - 3.612L x86","p":8.99,"u":"2,49 €/L","img":"https://fd13-photos.leclercdrive.fr/image.ashx?id=2920039&use=l&cat=p&typeid=i","cat":284640},{"id":268029,"n":"Culottes Pampers Baby-dry Pants Taille 7 - x29","p":14.98,"u":"0,52 €/P","img":"https://fd13-photos.leclercdrive.fr/image.ashx?id=2919934&use=l&cat=p&typeid=i","cat":290633},{"id":268030,"n":"Culottes Pampers Premium Protection Pants - Taille 4 x31","p":14.98,"u":"0,48 €/P","img":"https://fd13-photos.leclercdrive.fr/image.ashx?id=2919937&use=l&cat=p&typeid=i","cat":290633},{"id":268038,"n":"Couches Pampers Baby-dry Taille 4 - x43","p":14.98,"u":"0,35 €/P","img":"https://fd13-photos.leclercdrive.fr/image.ashx?id=2942003&use=l&cat=p&typeid=i","cat":284737},{"id":268039,"n":"Couches Pampers Baby-Dry Taille 5 - x38","p":16.61,"u":"0,44 €/P","img":"https://fd13-photos.leclercdrive.fr/image.ashx?id=2919976&use=l&cat=p&typeid=i","cat":284737},{"id":268041,"n":"Couches Pampers Baby-Dry Taille 2 - x56","p":14.98,"u":"0,27 €/P","img":"https://fd13-photos.leclercdrive.fr/image.ashx?id=2919982&use=l&cat=p&typeid=i","cat":284737},{"id":268042,"n":"Culottes Pampers Baby-Dry Pants Taille 5 - x36","p":16.0,"u":"0,44 €/P","img":"https://fd13-photos.leclercdrive.fr/image.ashx?id=2920006&use=l&cat=p&typeid=i","cat":290633},{"id":268052,"n":"Couches Pampers Baby-Dry Taille 5+ - x35","p":14.98,"u":"0,43 €/P","img":"https://fd13-photos.leclercdrive.fr/image.ashx?id=2942006&use=l&cat=p&typeid=i","cat":284737},{"id":268054,"n":"Couches Pampers Baby-Dry Taille 3 - x50","p":14.37,"u":"0,29 €/P","img":"https://fd13-photos.leclercdrive.fr/image.ashx?id=2919988&use=l&cat=p&typeid=i","cat":284737},{"id":268057,"n":"Couches Pampers Premium Protection Taille 2 - x54","p":16.97,"u":"0,31 €/P","img":"https://fd13-photos.leclercdrive.fr/image.ashx?id=2957392&use=l&cat=p&typeid=i","cat":284737},{"id":268058,"n":"Box XXL Radiatori Côté Snack Poulet crème et Emmental 400g","p":2.99,"u":"7,48 €/KG","img":"https://fd13-photos.leclercdrive.fr/image.ashx?id=2918520&use=l&cat=p&typeid=i","cat":334983},{"id":268063,"n":"Culottes Pampers Night Pants Taille 4 - x40","p":19.9,"u":"0,50 €/P","img":"https://fd13-photos.leclercdrive.fr/image.ashx?id=2919949&use=l&cat=p&typeid=i","cat":290633},{"id":268174,"n":"Culottes Pampers Night Pants Taille 6 - x30","p":18.3,"u":"0,61 €/P","img":"https://fd13-photos.leclercdrive.fr/image.ashx?id=2919952&use=l&cat=p&typeid=i","cat":290633},{"id":268175,"n":"Culottes Pampers Night Pants Taille 5 - x35","p":18.3,"u":"0,52 €/P","img":"https://fd13-photos.leclercdrive.fr/image.ashx?id=2919955&use=l&cat=p&typeid=i","cat":290633},{"id":268179,"n":"Culottes Pampers Premium Protection Pants - Taille 5 x29","p":16.77,"u":"0,58 €/P","img":"https://fd13-photos.leclercdrive.fr/image.ashx?id=3009245&use=l&cat=p&typeid=i","cat":290633},{"id":268180,"n":"Culottes Pampers Premium Protection Pants - Taille 6 x27","p":15.9,"u":"0,59 €/P","img":"https://fd13-photos.leclercdrive.fr/image.ashx?id=3009248&use=l&cat=p&typeid=i","cat":290633},{"id":268182,"n":"Couches Pampers Baby-Dry Géant - Taille 8 - x28","p":14.98,"u":"0,54 €/P","img":"https://fd13-photos.leclercdrive.fr/image.ashx?id=2941979&use=l&cat=p&typeid=i","cat":284737},{"id":268184,"n":"Couches Pampers Baby-Dry Taille 7 - x31","p":16.0,"u":"0,52 €/P","img":"https://fd13-photos.leclercdrive.fr/image.ashx?id=2941982&use=l&cat=p&typeid=i","cat":284737},{"id":268185,"n":"Couches Pampers Baby-Dry Taille 4+ - x39","p":14.98,"u":"0,38 €/P","img":"https://fd13-photos.leclercdrive.fr/image.ashx?id=2941997&use=l&cat=p&typeid=i","cat":284737},{"id":268186,"n":"Couches Pmapers Premium Protection - Taille 4 x38","p":14.98,"u":"0,39 €/P","img":"https://fd13-photos.leclercdrive.fr/image.ashx?id=2919994&use=l&cat=p&typeid=i","cat":284737},{"id":268187,"n":"Couches Pampers Premium Protection - Taille 6 x29","p":14.98,"u":"0,52 €/P","img":"https://fd13-photos.leclercdrive.fr/image.ashx?id=2919997&use=l&cat=p&typeid=i","cat":284737},{"id":268189,"n":"Couches Pampers Premium Protection Taille 3 x46","p":14.98,"u":"0,33 €/P","img":"https://fd13-photos.leclercdrive.fr/image.ashx?id=2991009&use=l&cat=p&typeid=i","cat":284737},{"id":268190,"n":"Couches Pampers Premium Protection Taille 5 x33","p":17.14,"u":"0,52 €/P","img":"https://fd13-photos.leclercdrive.fr/image.ashx?id=2991012&use=l&cat=p&typeid=i","cat":284737},{"id":268191,"n":"Culottes Pampers Baby-Dry Pants Taille 6 - x31","p":16.79,"u":"0,54 €/P","img":"https://fd13-photos.leclercdrive.fr/image.ashx?id=2920009&use=l&cat=p&typeid=i","cat":290633},{"id":268192,"n":"Culottes Pampers Baby-Dry Pants Taille 4 - x41","p":16.0,"u":"0,39 €/P","img":"https://fd13-photos.leclercdrive.fr/image.ashx?id=2920012&use=l&cat=p&typeid=i","cat":290633},{"id":268231,"n":"Penne Rigate Barilla  Protein + - 400g","p":2.01,"u":"5,03 €/KG","img":"https://fd13-photos.leclercdrive.fr/image.ashx?id=2919928&use=l&cat=p&typeid=i","cat":284427},{"id":268234,"n":"Spaghetti Barilla  Protein + - 400g","p":2.01,"u":"5,03 €/KG","img":"https://fd13-photos.leclercdrive.fr/image.ashx?id=2919931&use=l&cat=p&typeid=i","cat":284427},{"id":268236,"n":"Fusilli Barilla  Protein + - 400g","p":2.17,"u":"5,43 €/KG","img":"https://fd13-photos.leclercdrive.fr/image.ashx?id=2919925&use=l&cat=p&typeid=i","cat":284427},{"id":268345,"n":"Biscuits fourrés BN Chocolat caramel - x3 - 855g","p":6.44,"u":"7,53 €/KG","img":"https://fd13-photos.leclercdrive.fr/image.ashx?id=2921474&use=l&cat=p&typeid=i","cat":284488},{"id":268346,"n":"Biscuits BN fourrés chocolat à la pâte à tartiner- x3 - 855g","p":6.44,"u":"7,53 €/KG","img":"https://fd13-photos.leclercdrive.fr/image.ashx?id=2921477&use=l&cat=p&typeid=i","cat":284488},{"id":268375,"n":"Faux filet de boeuf *** L'Atelier Boucherie x2 - 330g","p":8.99,"u":"27,24 €/KG","img":"https://fd13-photos.leclercdrive.fr/image.ashx?id=2930567&use=l&cat=p&typeid=i","cat":284328},{"id":268384,"n":"Côte échine de porc L'Atelier Boucherie x2 - 350g","p":2.97,"u":"8,49 €/KG","img":"https://fd13-photos.leclercdrive.fr/image.ashx?id=2935573&use=l&cat=p&typeid=i","cat":284331},{"id":268386,"n":"Côte de porc sans os L'Atelier Boucherie x2 - 200g","p":2.19,"u":"10,95 €/KG","img":"https://fd13-photos.leclercdrive.fr/image.ashx?id=2930603&use=l&cat=p&typeid=i","cat":284331},{"id":268468,"n":"Thé glacé Lipton Framboise  1.75L","p":2.19,"u":"1,25 €/L","img":"https://fd13-photos.leclercdrive.fr/image.ashx?id=2921103&use=l&cat=p&typeid=i","cat":295019},{"id":268817,"n":"Couches culotte Pampers Baby Dry x86 Taille 5","p":34.9,"u":"0,41 €/P","img":"https://fd13-photos.leclercdrive.fr/image.ashx?id=2922269&use=l&cat=p&typeid=i","cat":290633},{"id":268818,"n":"Pampers Baby Dry Taille 4 - x94","p":32.18,"u":"0,34 €/P","img":"https://fd13-photos.leclercdrive.fr/image.ashx?id=2922272&use=l&cat=p&typeid=i","cat":290633},{"id":268832,"n":"Couches Pampers Premium Taille 3 - x112","p":34.9,"u":"0,31 €/P","img":"https://fd13-photos.leclercdrive.fr/image.ashx?id=2922251&use=l&cat=p&typeid=i","cat":284737},{"id":268835,"n":"Couches Pampers  Premium protection Taille 5 x80","p":32.19,"u":"0,40 €/P","img":"https://fd13-photos.leclercdrive.fr/image.ashx?id=2922257&use=l&cat=p&typeid=i","cat":284737},{"id":268837,"n":"Couches Pampers Protection Taille 4 - x90","p":34.1,"u":"0,38 €/P","img":"https://fd13-photos.leclercdrive.fr/image.ashx?id=2922260&use=l&cat=p&typeid=i","cat":284737},{"id":269001,"n":"Mozzarella bufala Casa Azzurra Boule - 125g","p":1.29,"u":"10,32 €/KG","img":"https://fd13-photos.leclercdrive.fr/image.ashx?id=2899533&use=l&cat=p&typeid=i","cat":326550},{"id":269044,"n":"Capsules de café Espresso  L'OR Supremo x40+10 - 260g","p":12.69,"u":"48,81 €/KG","img":"https://fd13-photos.leclercdrive.fr/image.ashx?id=2924932&use=l&cat=p&typeid=i","cat":284749},{"id":269102,"n":"Box XXL Radiatori Côté Snack Boeuf poivre 400g","p":1.79,"u":"4,48 €/KG","img":"https://fd13-photos.leclercdrive.fr/image.ashx?id=2907494&use=l&cat=p&typeid=i","cat":326550},{"id":269105,"n":"Saucisse fine de Lyon NRT 120g","p":1.11,"u":"9,25 €/KG","img":"https://fd13-photos.leclercdrive.fr/image.ashx?id=2743870&use=l&cat=p&typeid=i","cat":326550},{"id":269150,"n":"Capsules de Café KitKat Dolce Gusto x16","p":4.95,"u":"0,31 €/P","img":"https://fd13-photos.leclercdrive.fr/image.ashx?id=2924893&use=l&cat=p&typeid=i","cat":293239},{"id":269571,"n":"Comté AOP affiné 10 mois Nos Régions ont du Talent 200g","p":3.69,"u":"18,45 €/KG","img":"https://fd13-photos.leclercdrive.fr/image.ashx?id=2923408&use=l&cat=p&typeid=i","cat":314034},{"id":269760,"n":"Fromage Mini Caprice Des Dieux 3 Portions - 150g","p":1.63,"u":"10,87 €/KG","img":"https://fd13-photos.leclercdrive.fr/image.ashx?id=2217434&use=l&cat=p&typeid=i","cat":326550},{"id":270126,"n":"Yaourt brassé sucré vanille Savoie Yaourt - 500g","p":2.36,"u":"4,72 €/KG","img":"https://fd13-photos.leclercdrive.fr/image.ashx?id=2927408&use=l&cat=p&typeid=i","cat":284410},{"id":270127,"n":"Yaourt brassé sucré myrtille  Savoie Yaourt - 500g","p":2.39,"u":"4,78 €/KG","img":"https://fd13-photos.leclercdrive.fr/image.ashx?id=2927411&use=l&cat=p&typeid=i","cat":284410},{"id":270238,"n":"Filets  maquereaux Petit Navire Moutarde - 338g","p":4.38,"u":"12,96 €/KG","img":"https://fd13-photos.leclercdrive.fr/image.ashx?id=2928369&use=l&cat=p&typeid=i","cat":303868},{"id":270349,"n":"Poudre cacaotée Nesquik  Moins de sucre - 350g","p":4.0,"u":"11,43 €/KG","img":"https://fd13-photos.leclercdrive.fr/image.ashx?id=3005380&use=l&cat=p&typeid=i","cat":293235},{"id":270399,"n":"Pointe Brie de Meaux NRT AOP 200g","p":1.85,"u":"9,25 €/KG","img":"https://fd13-photos.leclercdrive.fr/image.ashx?id=2564491&use=l&cat=p&typeid=i","cat":326550},{"id":270434,"n":"Rhum Captain Morgan Spiced Gold Sans Alcool - 70cl","p":8.85,"u":"12,64 €/L","img":"https://fd13-photos.leclercdrive.fr/image.ashx?id=2928074&use=l&cat=p&typeid=i","cat":284549},{"id":270661,"n":"Ferments lactiques Vahiné Pour yahourt maison -20g","p":3.09,"u":"154,50 €/KG","img":"https://fd13-photos.leclercdrive.fr/image.ashx?id=2930069&use=l&cat=p&typeid=i","cat":284505},{"id":270895,"n":"Yaourts brassés Myrtille Etrez x4 - 500g","p":2.06,"u":"4,12 €/KG","img":"https://fd13-photos.leclercdrive.fr/image.ashx?id=2936875&use=l&cat=p&typeid=i","cat":284410},{"id":271073,"n":"Déodorant Invisible Care Dove  0% alcool 2x200ml","p":5.56,"u":"13,90 €/L","img":"https://fd13-photos.leclercdrive.fr/image.ashx?id=2938346&use=l&cat=p&typeid=i","cat":284595},{"id":271074,"n":"Déodorant Original Dove 2x200ml","p":5.56,"u":"13,90 €/L","img":"https://fd13-photos.leclercdrive.fr/image.ashx?id=2938343&use=l&cat=p&typeid=i","cat":284595},{"id":271239,"n":"Chocolat Rocher Poulain Lait - 7x32g","p":4.41,"u":"19,69 €/KG","img":"https://fd13-photos.leclercdrive.fr/image.ashx?id=2937409&use=l&cat=p&typeid=i","cat":284499},{"id":271240,"n":"Rocher Poulain Chocolat noir - x7 - 224g","p":4.41,"u":"19,69 €/KG","img":"https://fd13-photos.leclercdrive.fr/image.ashx?id=2963463&use=l&cat=p&typeid=i","cat":284499},{"id":271277,"n":"Preparation crème glacée Vanille bourbon - 200g","p":3.2,"u":"16,00 €/KG","img":"https://fd13-photos.leclercdrive.fr/image.ashx?id=2936332&use=l&cat=p&typeid=i","cat":284505},{"id":271278,"n":"Arrangé vanille bourbon  Isautier 37° - 50cl","p":17.15,"u":"34,30 €/L","img":"https://fd13-photos.leclercdrive.fr/image.ashx?id=2938433&use=l&cat=p&typeid=i","cat":284551},{"id":271284,"n":"Préparation creme glacée Vahiné Chocolat noir - 210g","p":3.2,"u":"15,24 €/KG","img":"https://fd13-photos.leclercdrive.fr/image.ashx?id=2936335&use=l&cat=p&typeid=i","cat":284505},{"id":271285,"n":"Pepites de chocolat Vahiné  Brownies - 310g","p":3.4,"u":"10,97 €/KG","img":"https://fd13-photos.leclercdrive.fr/image.ashx?id=2936320&use=l&cat=p&typeid=i","cat":284505},{"id":271449,"n":"Cookies chunks Vahiné 3 chocolats - 330g","p":3.45,"u":"10,45 €/KG","img":"https://fd13-photos.leclercdrive.fr/image.ashx?id=2936329&use=l&cat=p&typeid=i","cat":284505},{"id":271465,"n":"Préparation Vahiné  gaufres pancakes crepes - 240g","p":2.68,"u":"11,17 €/KG","img":"https://fd13-photos.leclercdrive.fr/image.ashx?id=2936323&use=l&cat=p&typeid=i","cat":284505},{"id":271466,"n":"Préparation Vahiné Cookies muffins cake - 300g","p":2.69,"u":"8,97 €/KG","img":"https://fd13-photos.leclercdrive.fr/image.ashx?id=2936326&use=l&cat=p&typeid=i","cat":284505},{"id":271485,"n":"Sauce pesto rosso Sacla 190g","p":2.2,"u":"11,58 €/KG","img":"https://fd13-photos.leclercdrive.fr/image.ashx?id=2938115&use=l&cat=p&typeid=i","cat":287599},{"id":271512,"n":"Gourdes Babybio Bio Multipack 7- 20g","p":6.95,"u":"9,65 €/KG","img":"https://fd13-photos.leclercdrive.fr/image.ashx?id=2936887&use=l&cat=p&typeid=i","cat":284508},{"id":271515,"n":"Ramen Tables du Monde Boeuf - 362g","p":2.47,"u":"6,82 €/KG","img":"https://fd13-photos.leclercdrive.fr/image.ashx?id=2931977&use=l&cat=p&typeid=i","cat":288992},{"id":271538,"n":"Déodorant Sanex Zero Pure & Fresh - 2x200ml","p":5.65,"u":"14,13 €/L","img":"https://fd13-photos.leclercdrive.fr/image.ashx?id=2940648&use=l&cat=p&typeid=i","cat":284595},{"id":271840,"n":"Boisson orange  Pago Sans pulpe - 75cl","p":2.27,"u":"3,03 €/L","img":"https://fd13-photos.leclercdrive.fr/image.ashx?id=2940738&use=l&cat=p&typeid=i","cat":284521},{"id":271855,"n":"Lasagnes végé bolognaise Fleury Michon 300g","p":3.82,"u":"12,73 €/KG","img":"https://fd13-photos.leclercdrive.fr/image.ashx?id=2939640&use=l&cat=p&typeid=i","cat":316036},{"id":271856,"n":"Hachis végé parmentier Fleury Michon 300g","p":3.87,"u":"12,90 €/KG","img":"https://fd13-photos.leclercdrive.fr/image.ashx?id=2939643&use=l&cat=p&typeid=i","cat":316036},{"id":271857,"n":"Chili végé à la Mexicaine Fleury Michon 300g","p":3.76,"u":"12,53 €/KG","img":"https://fd13-photos.leclercdrive.fr/image.ashx?id=2939646&use=l&cat=p&typeid=i","cat":316036},{"id":271881,"n":"Crème dessert Vahiné à la  vanille de Bourbon - 300g","p":2.39,"u":"7,97 €/KG","img":"https://fd13-photos.leclercdrive.fr/image.ashx?id=2936338&use=l&cat=p&typeid=i","cat":284505},{"id":271976,"n":"Brosse à dent Elmex Sensitive x1","p":3.14,"img":"https://fd13-photos.leclercdrive.fr/image.ashx?id=2938307&use=l&cat=p&typeid=i","cat":284614},{"id":271998,"n":"Dentifrice Sensodyne Multi-protection 75ml","p":4.66,"u":"62,13 €/L","img":"https://fd13-photos.leclercdrive.fr/image.ashx?id=2937802&use=l&cat=p&typeid=i","cat":284612},{"id":271999,"n":"Soin douche Le Petit  Marseillais Lait d'avoine 400ml","p":3.19,"u":"7,98 €/L","img":"https://fd13-photos.leclercdrive.fr/image.ashx?id=2937298&use=l&cat=p&typeid=i","cat":284594},{"id":272001,"n":"Soin douche Le Petit Marseillais Lait de riz 400ml","p":3.02,"u":"7,55 €/L","img":"https://fd13-photos.leclercdrive.fr/image.ashx?id=2937301&use=l&cat=p&typeid=i","cat":284594},{"id":272118,"n":"Riz basmati Taureau Ailé Doypack citron 220g","p":1.65,"u":"7,50 €/KG","img":"https://fd13-photos.leclercdrive.fr/image.ashx?id=2948237&use=l&cat=p&typeid=i","cat":287600},{"id":272136,"n":"Chocolat Côte d'Or Lait noisettes - 100g","p":2.32,"u":"23,20 €/KG","img":"https://fd13-photos.leclercdrive.fr/image.ashx?id=2963988&use=l&cat=p&typeid=i","cat":284957},{"id":272141,"n":"Chocolat Côte d'Or Noir noisettes - 100g","p":2.32,"u":"23,20 €/KG","img":"https://fd13-photos.leclercdrive.fr/image.ashx?id=2963991&use=l&cat=p&typeid=i","cat":284956},{"id":272142,"n":"Chocolat Milka au lait noisettes entières - 95g","p":1.84,"u":"19,37 €/KG","img":"https://fd13-photos.leclercdrive.fr/image.ashx?id=2989432&use=l&cat=p&typeid=i","cat":284497},{"id":272145,"n":"Latté Kitkat Nescafé  273g","p":4.95,"u":"18,13 €/KG","img":"https://fd13-photos.leclercdrive.fr/image.ashx?id=2952178&use=l&cat=p&typeid=i","cat":284843},{"id":272699,"n":"Barres céréales Kellogg's Choco Corn Flakes x6 - 144g","p":2.09,"u":"14,51 €/KG","img":"https://fd13-photos.leclercdrive.fr/image.ashx?id=2941071&use=l&cat=p&typeid=i","cat":300032},{"id":272702,"n":"Céréales Trésor Kellogg's  Choco Brownie - 375g","p":3.38,"u":"9,01 €/KG","img":"https://fd13-photos.leclercdrive.fr/image.ashx?id=2938821&use=l&cat=p&typeid=i","cat":309513},{"id":273245,"n":"crème dessert 3 chocolats danette - 12x115g","p":2.23,"u":"1,62 €/KG","img":"https://fd13-photos.leclercdrive.fr/image.ashx?id=2949847&use=l&cat=p&typeid=i","cat":326550},{"id":273426,"n":"Boisson énergisante Crazy Tiger 35cl","p":0.99,"u":"2,83 €/L","img":"https://fd13-photos.leclercdrive.fr/image.ashx?id=2955032&use=l&cat=p&typeid=i","cat":284533},{"id":273444,"n":"Riz Taureau Ailé 2x500g","p":3.15,"u":"3,15 €/KG","img":"https://fd13-photos.leclercdrive.fr/image.ashx?id=2963745&use=l&cat=p&typeid=i","cat":284428},{"id":273541,"n":"Boisson pétillante Quezac Citron - 1.15L","p":0.45,"u":"0,39 €/L","img":"https://fd13-photos.leclercdrive.fr/image.ashx?id=2963460&use=l&cat=p&typeid=i","cat":284536},{"id":273630,"n":"Oignon jaune tube filière Panier du Primeur x4","p":1.79,"u":"0,45 €/P","img":"https://fd13-photos.leclercdrive.fr/image.ashx?id=2942260&use=l&cat=p&typeid=i","cat":284352},{"id":273844,"n":"Duo de petits récipients Monbento - 2x100ml","p":11.0,"img":"https://fd13-photos.leclercdrive.fr/image.ashx?id=2943009&use=l&cat=p&typeid=i","cat":334134},{"id":273845,"n":"Gourde aluminium Monbento 650ml","p":15.0,"img":"https://fd13-photos.leclercdrive.fr/image.ashx?id=3005742&use=l&cat=p&typeid=i","cat":284710},{"id":273849,"n":"Boîte à en-cas Monbento Double compartiment - 400ml","p":14.0,"img":"https://fd13-photos.leclercdrive.fr/image.ashx?id=3005739&use=l&cat=p&typeid=i","cat":284710},{"id":273852,"n":"Sac repas Monbento x1","p":20.0,"img":"https://fd13-photos.leclercdrive.fr/image.ashx?id=3005730&use=l&cat=p&typeid=i","cat":313597},{"id":273853,"n":"Set de couverts Monbento x3 couverts","p":17.0,"img":"https://fd13-photos.leclercdrive.fr/image.ashx?id=3005736&use=l&cat=p&typeid=i","cat":334134},{"id":273854,"n":"Boîte repas Monbento 2 étages - x1","p":38.0,"img":"https://fd13-photos.leclercdrive.fr/image.ashx?id=3005787&use=l&cat=p&typeid=i","cat":284710},{"id":273855,"n":"Mug isotherme Monbento 500ml","p":25.0,"img":"https://fd13-photos.leclercdrive.fr/image.ashx?id=3005733&use=l&cat=p&typeid=i","cat":284710},{"id":273856,"n":"Boîte de conservation Monbento Rectangulaire - 2600ml","p":28.0,"img":"https://fd13-photos.leclercdrive.fr/image.ashx?id=3005724&use=l&cat=p&typeid=i","cat":284710},{"id":273859,"n":"Boîte repas Monbento 1 étage","p":28.0,"img":"https://fd13-photos.leclercdrive.fr/image.ashx?id=3005745&use=l&cat=p&typeid=i","cat":284710},{"id":273864,"n":"Capsules lave-vaisselle Finish Ultimate - x57 - 735g","p":11.88,"pp":7.13,"u":"9,70 €/KG","img":"https://fd13-photos.leclercdrive.fr/image.ashx?id=3011593&use=l&cat=p&typeid=i","cat":284656},{"id":274092,"n":"Courge Jack O Lantern Non comestible Halloween 1p","p":3.99,"img":"https://fd13-photos.leclercdrive.fr/image.ashx?id=2983591&use=l&cat=p&typeid=i","cat":284352},{"id":274347,"n":"Sauté de veau William Saurin Legumes - 280g","p":3.23,"u":"11,54 €/KG","img":"https://fd13-photos.leclercdrive.fr/image.ashx?id=2943984&use=l&cat=p&typeid=i","cat":284953},{"id":274421,"n":"Compotes Pom'Potes Pomme  Poire Banane - x4 - 360g","p":2.25,"u":"6,25 €/KG","img":"https://fd13-photos.leclercdrive.fr/image.ashx?id=2949826&use=l&cat=p&typeid=i","cat":284508},{"id":274422,"n":"Compotes Pom'Potes Pomme  Fraise Cerise - x4 - 360g","p":2.26,"u":"6,28 €/KG","img":"https://fd13-photos.leclercdrive.fr/image.ashx?id=3010921&use=l&cat=p&typeid=i","cat":284508},{"id":274430,"n":"Compotes Pom'Potes Les P'tits Explorateurs - x20 - 1.8kg","p":9.69,"u":"5,38 €/KG","img":"https://fd13-photos.leclercdrive.fr/image.ashx?id=2943825&use=l&cat=p&typeid=i","cat":284508},{"id":274505,"n":"Yaourt à la Grecque Danone Vanille -4x110g","p":2.39,"u":"5,43 €/KG","img":"https://fd13-photos.leclercdrive.fr/image.ashx?id=2992738&use=l&cat=p&typeid=i","cat":314999},{"id":274506,"n":"Yaourt à la Grecque Danone Nature  - 4x110g","p":1.86,"u":"4,23 €/KG","img":"https://fd13-photos.leclercdrive.fr/image.ashx?id=2992732&use=l&cat=p&typeid=i","cat":314999},{"id":274509,"n":"Yaourt à la Grecque Danone Fraise - 4x110g","p":2.42,"u":"5,50 €/KG","img":"https://fd13-photos.leclercdrive.fr/image.ashx?id=2992729&use=l&cat=p&typeid=i","cat":314999},{"id":274541,"n":"Yaourt à la Grecque Danone Stracciatella - 4x110g","p":2.41,"u":"5,48 €/KG","img":"https://fd13-photos.leclercdrive.fr/image.ashx?id=2992735&use=l&cat=p&typeid=i","cat":314999},{"id":274554,"n":"Yaourt à la Grecque Danone Citron - 4x110g","p":2.44,"u":"5,55 €/KG","img":"https://fd13-photos.leclercdrive.fr/image.ashx?id=2992744&use=l&cat=p&typeid=i","cat":314999},{"id":274555,"n":"Yaourt à la Grecque Danone Caramel - 4x110g","p":2.5,"u":"5,68 €/KG","img":"https://fd13-photos.leclercdrive.fr/image.ashx?id=2992741&use=l&cat=p&typeid=i","cat":314999},{"id":274559,"n":"Yaourt à la Grecque Danone Coco - 4x110g","p":2.48,"u":"5,64 €/KG","img":"https://fd13-photos.leclercdrive.fr/image.ashx?id=3010990&use=l&cat=p&typeid=i","cat":314999},{"id":274571,"n":"Skyr protéiné Danone nature 0% MG - 825g","p":4.73,"u":"5,73 €/KG","img":"https://fd13-photos.leclercdrive.fr/image.ashx?id=2951028&use=l&cat=p&typeid=i","cat":315000},{"id":274596,"n":"Danone Skyr nature  x8 - 800g","p":3.2,"u":"4,00 €/KG","img":"https://fd13-photos.leclercdrive.fr/image.ashx?id=2960657&use=l&cat=p&typeid=i","cat":315000},{"id":275214,"n":"Curry  pois chiches Cassegrain A l'indienne - 430g","p":2.17,"u":"5,05 €/KG","img":"https://fd13-photos.leclercdrive.fr/image.ashx?id=2952490&use=l&cat=p&typeid=i","cat":287599},{"id":275218,"n":"Chili de haricots Cassegrain A la mexicaine - 430g","p":2.17,"u":"5,05 €/KG","img":"https://fd13-photos.leclercdrive.fr/image.ashx?id=2962125&use=l&cat=p&typeid=i","cat":287599},{"id":275220,"n":"Dahl de lentilles Cassegrain A l'indienne - 435g","p":2.17,"u":"4,99 €/KG","img":"https://fd13-photos.leclercdrive.fr/image.ashx?id=2946904&use=l&cat=p&typeid=i","cat":287599},{"id":275222,"n":"Trio de poivrons Cassegrain Sarrasin - 375g","p":3.28,"u":"8,75 €/KG","img":"https://fd13-photos.leclercdrive.fr/image.ashx?id=2953459&use=l&cat=p&typeid=i","cat":287599},{"id":275245,"n":"Dentifrice Sensodyne Blancheur - 75ml","p":4.36,"u":"58,13 €/L","img":"https://fd13-photos.leclercdrive.fr/image.ashx?id=2947183&use=l&cat=p&typeid=i","cat":284612},{"id":275381,"n":"Gel douche Dop Lait végétal Pyrénées - 480ml","p":3.13,"u":"6,52 €/L","img":"https://fd13-photos.leclercdrive.fr/image.ashx?id=2955348&use=l&cat=p&typeid=i","cat":284594},{"id":275404,"n":"Shampooing Dop Hair Argan - 480ml","p":2.47,"u":"5,15 €/L","img":"https://fd13-photos.leclercdrive.fr/image.ashx?id=2955372&use=l&cat=p&typeid=i","cat":284606},{"id":275405,"n":"Shampooing Dop Hair Amande - 480ml","p":2.85,"u":"5,94 €/L","img":"https://fd13-photos.leclercdrive.fr/image.ashx?id=2955369&use=l&cat=p&typeid=i","cat":284606},{"id":275407,"n":"Shampooing Dop Hair Karité - 480ml","p":2.85,"u":"5,94 €/L","img":"https://fd13-photos.leclercdrive.fr/image.ashx?id=2955378&use=l&cat=p&typeid=i","cat":284606},{"id":275408,"n":"Shampooing P'tit Dop Amande - 480ml","p":4.36,"u":"9,08 €/MT","img":"https://fd13-photos.leclercdrive.fr/image.ashx?id=2955381&use=l&cat=p&typeid=i","cat":284606},{"id":275409,"n":"Shampooing Dop Hair Antipelliculaire - 480ml","p":2.85,"u":"5,94 €/L","img":"https://fd13-photos.leclercdrive.fr/image.ashx?id=2955375&use=l&cat=p&typeid=i","cat":284606},{"id":275410,"n":"Shampooing Dop Vitamines - 480ml","p":2.39,"u":"4,98 €/L","img":"https://fd13-photos.leclercdrive.fr/image.ashx?id=2955384&use=l&cat=p&typeid=i","cat":284606},{"id":275412,"n":"Shampooing Dop Hair Oeufs - 480ml","p":2.85,"u":"5,94 €/L","img":"https://fd13-photos.leclercdrive.fr/image.ashx?id=2954773&use=l&cat=p&typeid=i","cat":284606},{"id":275415,"n":"Gel douche enfance Dop Barbe à papa - 310ml","p":2.39,"u":"7,71 €/L","img":"https://fd13-photos.leclercdrive.fr/image.ashx?id=2955357&use=l&cat=p&typeid=i","cat":284594},{"id":275418,"n":"Gel douche enfance Dop Bonbons - 310ml","p":2.47,"u":"7,97 €/L","img":"https://fd13-photos.leclercdrive.fr/image.ashx?id=2955360&use=l&cat=p&typeid=i","cat":284594},{"id":275419,"n":"Gel douche enfance Dop Caramel - 310ml","p":2.65,"u":"8,55 €/L","img":"https://fd13-photos.leclercdrive.fr/image.ashx?id=2955363&use=l&cat=p&typeid=i","cat":284594},{"id":275509,"n":"Shampooing Dessange Couleur - 280ml","p":4.99,"u":"17,82 €/L","img":"https://fd13-photos.leclercdrive.fr/image.ashx?id=2955405&use=l&cat=p&typeid=i","cat":284606},{"id":275511,"n":"Gel douche enfance Dop Pomme d'amour - 310ml","p":2.49,"u":"8,03 €/L","img":"https://fd13-photos.leclercdrive.fr/image.ashx?id=2955366&use=l&cat=p&typeid=i","cat":284594},{"id":275526,"n":"Lait de brushing Dessange Hydratant - 140ml","p":9.49,"u":"67,79 €/L","img":"https://fd13-photos.leclercdrive.fr/image.ashx?id=2955387&use=l&cat=p&typeid=i","cat":284608},{"id":275528,"n":"Sérum Dessange Extrême 3 huiles - 110ml","p":6.36,"u":"57,82 €/L","img":"https://fd13-photos.leclercdrive.fr/image.ashx?id=2954624&use=l&cat=p&typeid=i","cat":284608},{"id":275529,"n":"Soin cheveux Dessange Nutri-richesse - 110ml","p":6.69,"u":"60,82 €/L","img":"https://fd13-photos.leclercdrive.fr/image.ashx?id=2955390&use=l&cat=p&typeid=i","cat":284608},{"id":275531,"n":"Masque Dessange Nutri-Extrême - 280ml","p":7.87,"u":"28,11 €/L","img":"https://fd13-photos.leclercdrive.fr/image.ashx?id=2955393&use=l&cat=p&typeid=i","cat":284608},{"id":275565,"n":"Sandwich Maxi Côté Snack Jambon beurre - 190g","p":0.99,"u":"5,21 €/KG","img":"https://fd13-photos.leclercdrive.fr/image.ashx?id=2729293&use=l&cat=p&typeid=i","cat":326550},{"id":275615,"n":"Gel douche Ushuaïa Minéraux marins - 280ml","p":2.67,"u":"9,54 €/L","img":"https://fd13-photos.leclercdrive.fr/image.ashx?id=3008791&use=l&cat=p&typeid=i","cat":284594},{"id":275616,"n":"Gel douche délassante Ushuaïa Huile essentielle d'Ylang 280ml","p":2.67,"u":"9,54 €/L","img":"https://fd13-photos.leclercdrive.fr/image.ashx?id=2949544&use=l&cat=p&typeid=i","cat":284594},{"id":275617,"n":"Gel douche Ushuaïa Orchidée - 280ml","p":2.29,"u":"8,18 €/L","img":"https://fd13-photos.leclercdrive.fr/image.ashx?id=2949541&use=l&cat=p&typeid=i","cat":284594},{"id":275618,"n":"Gel douche hydratant Ushuaïa Grenade - 280ml","p":2.67,"u":"9,54 €/L","img":"https://fd13-photos.leclercdrive.fr/image.ashx?id=2949550&use=l&cat=p&typeid=i","cat":284594},{"id":275619,"n":"Crème de douche Ushuaïa Lait de coco - 280ml","p":2.29,"u":"8,18 €/L","img":"https://fd13-photos.leclercdrive.fr/image.ashx?id=2949553&use=l&cat=p&typeid=i","cat":284594},{"id":275620,"n":"Gel douche tonifiant Ushuaïa Extrait de cèdre - 280ml","p":2.64,"u":"9,43 €/L","img":"https://fd13-photos.leclercdrive.fr/image.ashx?id=2949556&use=l&cat=p&typeid=i","cat":284594},{"id":275680,"n":"Masque Dessange Nutri-richesse - 280ml","p":6.66,"u":"23,79 €/L","img":"https://fd13-photos.leclercdrive.fr/image.ashx?id=2961068&use=l&cat=p&typeid=i","cat":284608},{"id":275681,"n":"Après-shampooing Dessange Nutri- extrême - 225ml","p":3.83,"u":"17,02 €/L","img":"https://fd13-photos.leclercdrive.fr/image.ashx?id=2954627&use=l&cat=p&typeid=i","cat":284607},{"id":275683,"n":"Shampooing Dessange Âge sublime - 280ml","p":3.83,"u":"13,68 €/L","img":"https://fd13-photos.leclercdrive.fr/image.ashx?id=3011578&use=l&cat=p&typeid=i","cat":284606},{"id":275684,"n":"Shampooing Dessange Hydra brush - 280ml","p":4.99,"u":"17,82 €/L","img":"https://fd13-photos.leclercdrive.fr/image.ashx?id=2955402&use=l&cat=p&typeid=i","cat":284606},{"id":275685,"n":"Shampooing Dessange Nutri-riche - 280ml","p":3.83,"u":"13,68 €/L","img":"https://fd13-photos.leclercdrive.fr/image.ashx?id=2955408&use=l&cat=p&typeid=i","cat":284606},{"id":275686,"n":"Shampooing Dessange Nutri-extrême - 280ml","p":3.83,"u":"13,68 €/L","img":"https://fd13-photos.leclercdrive.fr/image.ashx?id=2955411&use=l&cat=p&typeid=i","cat":284606},{"id":275690,"n":"Dentifrice Sensodyne Eclat blancheur - 75ml","p":6.99,"u":"93,20 €/L","img":"https://fd13-photos.leclercdrive.fr/image.ashx?id=2997781&use=l&cat=p&typeid=i","cat":284612},{"id":275706,"n":"Dentifrice Sensodyne Multi-protection Blancheur 75ml","p":4.37,"u":"58,27 €/L","img":"https://fd13-photos.leclercdrive.fr/image.ashx?id=2950723&use=l&cat=p&typeid=i","cat":284612},{"id":275708,"n":"Dentifrice Sensodyne Sensibilité Gencives Email 75ml","p":4.91,"u":"65,47 €/L","img":"https://fd13-photos.leclercdrive.fr/image.ashx?id=2950720&use=l&cat=p&typeid=i","cat":284612},{"id":276108,"n":"Boisson gazeuse Fanta citron 4x2L","p":9.57,"u":"1,20 €/L","img":"https://fd13-photos.leclercdrive.fr/image.ashx?id=2952004&use=l&cat=p&typeid=i","cat":284532},{"id":276113,"n":"Mini bâtonnets Trium Vanille x6 - 234g","p":2.35,"u":"10,04 €/KG","img":"https://fd13-photos.leclercdrive.fr/image.ashx?id=2951137&use=l&cat=p&typeid=i","cat":284265},{"id":276231,"n":"Mini Carambar  Team - 350g","p":3.49,"u":"9,97 €/KG","img":"https://fd13-photos.leclercdrive.fr/image.ashx?id=2951869&use=l&cat=p&typeid=i","cat":304250},{"id":276232,"n":"Mini Carambar  Red team - 350g","p":3.49,"u":"9,97 €/KG","img":"https://fd13-photos.leclercdrive.fr/image.ashx?id=2951872&use=l&cat=p&typeid=i","cat":304250},{"id":276235,"n":"Mini Carambar  Color team - 350g","p":3.49,"u":"9,97 €/KG","img":"https://fd13-photos.leclercdrive.fr/image.ashx?id=2951875&use=l&cat=p&typeid=i","cat":304250},{"id":276237,"n":"Boisson gazeuse Fanta  Orange 4x2L","p":8.43,"u":"1,05 €/L","img":"https://fd13-photos.leclercdrive.fr/image.ashx?id=2952007&use=l&cat=p&typeid=i","cat":284532},{"id":276258,"n":"Jambon Le Bon Paris Herta Sel réduit sans nitrite 8T - 280g","p":5.01,"u":"17,89 €/KG","img":"https://fd13-photos.leclercdrive.fr/image.ashx?id=2951764&use=l&cat=p&typeid=i","cat":316009},{"id":276442,"n":"Calendrier masque Miraculous 75g","p":3.83,"u":"51,07 €/KG","img":"https://fd13-photos.leclercdrive.fr/image.ashx?id=2953073&use=l&cat=p&typeid=i","cat":327590},{"id":276456,"n":"Les Recettes de l'Atelier   Assortiment Lait - 410g","p":14.75,"pp":11.06,"u":"26,98 €/KG","img":"https://fd13-photos.leclercdrive.fr/image.ashx?id=2964165&use=l&cat=p&typeid=i","cat":327595},{"id":276457,"n":"Les Recettes de l'Atelier   collector - 406g","p":14.75,"pp":11.06,"img":"https://fd13-photos.leclercdrive.fr/image.ashx?id=2953025&use=l&cat=p&typeid=i","cat":327595},{"id":276458,"n":"Les Recettes de l'Atelier   Assortiment Hiver - 408g","p":14.75,"pp":11.06,"u":"27,11 €/KG","img":"https://fd13-photos.leclercdrive.fr/image.ashx?id=2953986&use=l&cat=p&typeid=i","cat":327595},{"id":276460,"n":"Nestlé la Boite Rouge 398 g","p":12.95,"pp":9.71,"u":"24,40 €/KG","img":"https://fd13-photos.leclercdrive.fr/image.ashx?id=2953001&use=l&cat=p&typeid=i","cat":327595},{"id":276461,"n":"Nestlé la Boite Rouge Saveurs de Noel - 385g","p":12.95,"pp":9.71,"u":"25,22 €/KG","img":"https://fd13-photos.leclercdrive.fr/image.ashx?id=2952995&use=l&cat=p&typeid=i","cat":327595},{"id":276466,"n":"Les Recettes de l'Atelier Bouchées duo praliné - 266g","p":9.73,"u":"36,58 €/KG","img":"https://fd13-photos.leclercdrive.fr/image.ashx?id=2953052&use=l&cat=p&typeid=i","cat":284499},{"id":276484,"n":"Chocolats Ferrero Rocher  100g","p":3.98,"u":"39,80 €/KG","img":"https://fd13-photos.leclercdrive.fr/image.ashx?id=2952899&use=l&cat=p&typeid=i","cat":327600},{"id":276550,"n":"Biscuit sésame GERBLE - 5x4 220g","p":1.52,"u":"6,91 €/KG","img":"https://fd13-photos.leclercdrive.fr/image.ashx?id=2953803&use=l&cat=p&typeid=i","cat":318651},{"id":276561,"n":"Petit pot de crème Délisse Chocolat saveur noisette 4x100g","p":2.09,"u":"5,23 €/KG","img":"https://fd13-photos.leclercdrive.fr/image.ashx?id=2952406&use=l&cat=p&typeid=i","cat":285041},{"id":276565,"n":"Dessert de fruits pomme  Douceur du Verger 4x100g","p":0.99,"u":"2,48 €/KG","img":"https://fd13-photos.leclercdrive.fr/image.ashx?id=2961707&use=l&cat=p&typeid=i","cat":284416},{"id":277469,"n":"Céréales Special K Kellogg's  Fibre - 360g","p":3.29,"u":"9,14 €/KG","img":"https://fd13-photos.leclercdrive.fr/image.ashx?id=2963898&use=l&cat=p&typeid=i","cat":309512},{"id":277473,"n":"Kéfir Yaourt Activia Fraise, framboise - 2x150g","p":2.37,"u":"7,90 €/KG","img":"https://fd13-photos.leclercdrive.fr/image.ashx?id=2972388&use=l&cat=p&typeid=i","cat":315000},{"id":277474,"n":"Kéfir Yaourt Activia nature - 2x150g","p":2.27,"u":"7,57 €/KG","img":"https://fd13-photos.leclercdrive.fr/image.ashx?id=2972385&use=l&cat=p&typeid=i","cat":315000},{"id":277476,"n":"Activia Kéfir Nature 345g","p":2.29,"u":"6,64 €/KG","img":"https://fd13-photos.leclercdrive.fr/image.ashx?id=2966164&use=l&cat=p&typeid=i","cat":315000},{"id":277478,"n":"Liégeois Pâtissier Danette  Paris Brest 4x90g","p":2.49,"u":"6,92 €/KG","img":"https://fd13-photos.leclercdrive.fr/image.ashx?id=2965930&use=l&cat=p&typeid=i","cat":285042},{"id":277479,"n":"Liégeois Pâtissier Danette Framboisier 4x90g","p":2.36,"u":"6,56 €/KG","img":"https://fd13-photos.leclercdrive.fr/image.ashx?id=2965924&use=l&cat=p&typeid=i","cat":285042},{"id":277480,"n":"Liégeois Pâtissier Danette Tiramisu 4x90g","p":2.39,"u":"6,64 €/KG","img":"https://fd13-photos.leclercdrive.fr/image.ashx?id=2965927&use=l&cat=p&typeid=i","cat":285042},{"id":277483,"n":"Skyr nature Danone 0% MG - 450g","p":2.21,"u":"4,91 €/KG","img":"https://fd13-photos.leclercdrive.fr/image.ashx?id=2966279&use=l&cat=p&typeid=i","cat":284409},{"id":277484,"n":"Danone Skyr fraise 4x100g","p":2.15,"u":"5,38 €/KG","img":"https://fd13-photos.leclercdrive.fr/image.ashx?id=2965903&use=l&cat=p&typeid=i","cat":315000},{"id":277485,"n":"Danone Skyr fruits jaunes 4x100g","p":2.15,"u":"5,38 €/KG","img":"https://fd13-photos.leclercdrive.fr/image.ashx?id=2965906&use=l&cat=p&typeid=i","cat":315000},{"id":277493,"n":"Yaourt protéiné Hipro nature 480g","p":2.92,"u":"6,08 €/KG","img":"https://fd13-photos.leclercdrive.fr/image.ashx?id=2965945&use=l&cat=p&typeid=i","cat":284409},{"id":277544,"n":"Petit pot de crème Délisse Chocolat saveur noisette 4x100g","p":1.25,"u":"3,13 €/KG","img":"https://fd13-photos.leclercdrive.fr/image.ashx?id=2952406&use=l&cat=p&typeid=i","cat":326550},{"id":277592,"n":"Shampooing Dessange Blond californien - 280ml","p":4.86,"u":"17,36 €/L","img":"https://fd13-photos.leclercdrive.fr/image.ashx?id=2957941&use=l&cat=p&typeid=i","cat":284606},{"id":277593,"n":"Shampooing bleu Dessange Blond californien - 280ml","p":4.99,"u":"17,82 €/L","img":"https://fd13-photos.leclercdrive.fr/image.ashx?id=2957938&use=l&cat=p&typeid=i","cat":284606},{"id":277594,"n":"Soin patine Dessange Blond californien - 140ml","p":9.47,"u":"67,64 €/L","img":"https://fd13-photos.leclercdrive.fr/image.ashx?id=2957932&use=l&cat=p&typeid=i","cat":284608},{"id":277595,"n":"Gel douche Ushuaïa Agrumes verts - 280ml","p":1.94,"u":"6,93 €/L","img":"https://fd13-photos.leclercdrive.fr/image.ashx?id=2974399&use=l&cat=p&typeid=i","cat":284594},{"id":277625,"n":"Gel douche Ushuaïa Fleur d'oranger - 280ml","p":4.59,"u":"16,39 €/L","img":"https://fd13-photos.leclercdrive.fr/image.ashx?id=2957926&use=l&cat=p&typeid=i","cat":284594},{"id":277626,"n":"Gel douche Ushuaïa Sakura - 280ml","p":1.74,"u":"6,21 €/L","img":"https://fd13-photos.leclercdrive.fr/image.ashx?id=2974405&use=l&cat=p&typeid=i","cat":284594},{"id":277627,"n":"Gel douche Ushuaïa Coco - 280ml","p":3.21,"u":"11,46 €/L","img":"https://fd13-photos.leclercdrive.fr/image.ashx?id=3000264&use=l&cat=p&typeid=i","cat":284594},{"id":277629,"n":"Shampooing Dop Hair Lait végétal - 480ml","p":2.47,"u":"5,15 €/L","img":"https://fd13-photos.leclercdrive.fr/image.ashx?id=2957929&use=l&cat=p&typeid=i","cat":284606},{"id":277630,"n":"Shampooing Dop hair Pomme - 480ml","p":2.24,"u":"4,67 €/L","img":"https://fd13-photos.leclercdrive.fr/image.ashx?id=2957908&use=l&cat=p&typeid=i","cat":284606},{"id":277631,"n":"Shampooing régulateur Dessange Douce argile - 280ml","p":3.83,"u":"13,68 €/L","img":"https://fd13-photos.leclercdrive.fr/image.ashx?id=2957935&use=l&cat=p&typeid=i","cat":284606},{"id":277632,"n":"Huile de douche Ushuaïa Monoï & fleur de tiaré - 280ml","p":2.18,"u":"7,79 €/L","img":"https://fd13-photos.leclercdrive.fr/image.ashx?id=2958146&use=l&cat=p&typeid=i","cat":284594},{"id":277633,"n":"Gel douche Ushuaïa Vanille - 280ml","p":3.88,"u":"13,86 €/L","img":"https://fd13-photos.leclercdrive.fr/image.ashx?id=2957914&use=l&cat=p&typeid=i","cat":284594},{"id":277634,"n":"Gelée de douche Ushuaïa Bahia café açaï - 280ml","p":1.84,"u":"6,57 €/L","img":"https://fd13-photos.leclercdrive.fr/image.ashx?id=2957917&use=l&cat=p&typeid=i","cat":284594},{"id":277635,"n":"Crème de douche Dop Vanille - 480ml","p":3.12,"u":"6,50 €/L","img":"https://fd13-photos.leclercdrive.fr/image.ashx?id=2957893&use=l&cat=p&typeid=i","cat":284594},{"id":277638,"n":"Douche crème enfance Dop Fraises - 310ml","p":2.47,"u":"7,97 €/L","img":"https://fd13-photos.leclercdrive.fr/image.ashx?id=2957899&use=l&cat=p&typeid=i","cat":284594},{"id":277639,"n":"Crème douche enfance Dop Cookie - 310ml","p":2.51,"u":"8,10 €/L","img":"https://fd13-photos.leclercdrive.fr/image.ashx?id=2957902&use=l&cat=p&typeid=i","cat":284594},{"id":277847,"n":"Camembert Pops creamy Pickers Pickers by McCain - 230g","p":3.69,"u":"16,04 €/KG","img":"https://fd13-photos.leclercdrive.fr/image.ashx?id=2988731&use=l&cat=p&typeid=i","cat":319774},{"id":277848,"n":"Kiwi vert Eco+ Barquette 750g","p":2.99,"u":"3,99 €/KG","img":"https://fd13-photos.leclercdrive.fr/image.ashx?id=2957614&use=l&cat=p&typeid=i","cat":284356},{"id":278026,"n":"Jus Joker Orange -Sans pulpe - 4x1.5L","p":16.99,"u":"2,83 €/L","img":"https://fd13-photos.leclercdrive.fr/image.ashx?id=2959028&use=l&cat=p&typeid=i","cat":284521},{"id":278267,"n":"Red Bull winter 2025 250ml","p":1.29,"u":"5,16 €/L","img":"https://fd13-photos.leclercdrive.fr/image.ashx?id=2960117&use=l&cat=p&typeid=i","cat":284533},{"id":278570,"n":"Lessive liquide Le Chat  L'expert Bicarbonate - 1,8L","p":10.39,"u":"5,77 €/L","img":"https://fd13-photos.leclercdrive.fr/image.ashx?id=2962290&use=l&cat=p&typeid=i","cat":284640},{"id":278707,"n":"Lessive Dash Pods Envolée d'air x38- 726g","p":14.84,"u":"20,44 €/KG","img":"https://fd13-photos.leclercdrive.fr/image.ashx?id=2965328&use=l&cat=p&typeid=i","cat":284641},{"id":278729,"n":"Croque-Monsieur Herta Maxi Mozzarella x2 - 310g","p":2.59,"u":"8,35 €/KG","img":"https://fd13-photos.leclercdrive.fr/image.ashx?id=2965013&use=l&cat=p&typeid=i","cat":333671},{"id":278874,"n":"Crème glacé Haagen-Dazs Cookie Dough Chip Extra - 650ml","p":5.79,"u":"8,91 €/L","img":"https://fd13-photos.leclercdrive.fr/image.ashx?id=2966038&use=l&cat=p&typeid=i","cat":284725},{"id":279003,"n":"Apéri'chaud Richesmonts 140g","p":2.44,"u":"17,43 €/KG","img":"https://fd13-photos.leclercdrive.fr/image.ashx?id=2990484&use=l&cat=p&typeid=i","cat":314027},{"id":279027,"n":"Cheddar râpé British Heritage Extra mature 12 mois - 150g","p":3.19,"u":"21,27 €/KG","img":"https://fd13-photos.leclercdrive.fr/image.ashx?id=2968418&use=l&cat=p&typeid=i","cat":314035},{"id":279028,"n":"Sauce fromagère Saint-Agur 150g","p":2.67,"u":"17,80 €/KG","img":"https://fd13-photos.leclercdrive.fr/image.ashx?id=2968556&use=l&cat=p&typeid=i","cat":284382},{"id":279035,"n":"Savon de Marseille Le Chat 1,7L","p":10.0,"u":"5,88 €/L","img":"https://fd13-photos.leclercdrive.fr/image.ashx?id=2966569&use=l&cat=p&typeid=i","cat":284640},{"id":279257,"n":"Macaroni tomate mozza Panzani - 400g","p":2.45,"u":"6,13 €/KG","img":"https://fd13-photos.leclercdrive.fr/image.ashx?id=2968211&use=l&cat=p&typeid=i","cat":284442},{"id":279403,"n":"Macaroni cheese Panzani - 400g","p":2.46,"u":"6,15 €/KG","img":"https://fd13-photos.leclercdrive.fr/image.ashx?id=2967762&use=l&cat=p&typeid=i","cat":284442},{"id":279412,"n":"Spaghetti carbonara Panzani - 400g","p":2.47,"u":"6,18 €/KG","img":"https://fd13-photos.leclercdrive.fr/image.ashx?id=2967759&use=l&cat=p&typeid=i","cat":284442},{"id":279680,"n":"Spaghetti carbonara Panzani 800g","p":3.95,"u":"4,94 €/KG","img":"https://fd13-photos.leclercdrive.fr/image.ashx?id=2970957&use=l&cat=p&typeid=i","cat":284442},{"id":279682,"n":"Macaroni tomate Panzani 800g","p":3.95,"u":"4,94 €/KG","img":"https://fd13-photos.leclercdrive.fr/image.ashx?id=2970960&use=l&cat=p&typeid=i","cat":284442},{"id":279691,"n":"Skyr végétal Protéiné Alpro Fraise - 400g","p":2.89,"u":"7,23 €/KG","img":"https://fd13-photos.leclercdrive.fr/image.ashx?id=2976089&use=l&cat=p&typeid=i","cat":313736},{"id":280019,"n":"Œuf Kinder Joy Mario - 3x20g","p":3.25,"u":"54,17 €/KG","img":"https://fd13-photos.leclercdrive.fr/image.ashx?id=2970753&use=l&cat=p&typeid=i","cat":284958},{"id":280075,"n":"Cacahuètes grillées Menguy's 450g + 231g offerts","p":3.49,"u":"5,12 €/KG","img":"https://fd13-photos.leclercdrive.fr/image.ashx?id=2972020&use=l&cat=p&typeid=i","cat":284448},{"id":280076,"n":"Cacahuètes grillées à sec  Menguy's 450g + 231g offerts","p":3.49,"u":"5,12 €/KG","img":"https://fd13-photos.leclercdrive.fr/image.ashx?id=2972023&use=l&cat=p&typeid=i","cat":284448},{"id":280140,"n":"Doonuts marbrés St-Michel Chocolat x12 - 360g","p":3.76,"u":"10,44 €/KG","img":"https://fd13-photos.leclercdrive.fr/image.ashx?id=2971954&use=l&cat=p&typeid=i","cat":284495},{"id":280144,"n":"Barres Kitkat white x8 - 332g","p":4.78,"u":"14,40 €/KG","img":"https://fd13-photos.leclercdrive.fr/image.ashx?id=2993457&use=l&cat=p&typeid=i","cat":284498},{"id":280146,"n":"Chewing-gum Hollywood 2Fresh Menthe verte 3x22g","p":3.99,"u":"30,23 €/KG","img":"https://fd13-photos.leclercdrive.fr/image.ashx?id=3011968&use=l&cat=p&typeid=i","cat":304251},{"id":280147,"n":"Chewing-gum Hollywood 2fresh Menthe forte 3x22g","p":3.99,"u":"30,23 €/KG","img":"https://fd13-photos.leclercdrive.fr/image.ashx?id=3011971&use=l&cat=p&typeid=i","cat":304251},{"id":280148,"n":"Chewing-gum Hollywood 2fruity Fraise citron vert x6 - 132g","p":3.99,"u":"30,23 €/KG","img":"https://fd13-photos.leclercdrive.fr/image.ashx?id=3011974&use=l&cat=p&typeid=i","cat":304251},{"id":280164,"n":"Fois gras de canard entier Jean Larnaudie L'Emblématique 220g","p":29.27,"u":"133,05 €/KG","img":"https://fd13-photos.leclercdrive.fr/image.ashx?id=2971933&use=l&cat=p&typeid=i","cat":316008},{"id":280257,"n":"Chips tortilla Doritos Nature - 227g","p":2.74,"u":"10,07 €/KG","img":"https://fd13-photos.leclercdrive.fr/image.ashx?id=2972937&use=l&cat=p&typeid=i","cat":287899},{"id":280261,"n":"Chips tortilla Doritos Sweet chili - 272g","p":2.74,"u":"10,07 €/KG","img":"https://fd13-photos.leclercdrive.fr/image.ashx?id=2983225&use=l&cat=p&typeid=i","cat":287899},{"id":280483,"n":"Gnocchi à poêler Lustucru Extra chorizo 280g","p":2.47,"u":"8,82 €/KG","img":"https://fd13-photos.leclercdrive.fr/image.ashx?id=2973646&use=l&cat=p&typeid=i","cat":333682},{"id":280487,"n":"Gnocchi à poêler Lustucru star 500g","p":2.98,"u":"5,96 €/KG","img":"https://fd13-photos.leclercdrive.fr/image.ashx?id=2973637&use=l&cat=p&typeid=i","cat":333682},{"id":280488,"n":"Girasoli Lustucru  Extra raclette 250g","p":2.89,"u":"11,56 €/KG","img":"https://fd13-photos.leclercdrive.fr/image.ashx?id=2973640&use=l&cat=p&typeid=i","cat":333682},{"id":280777,"n":"Préparation Banana Bread Vahiné 300g","p":3.3,"u":"11,00 €/KG","img":"https://fd13-photos.leclercdrive.fr/image.ashx?id=2975873&use=l&cat=p&typeid=i","cat":284505},{"id":280778,"n":"Ketchup tomato Heinz cornichon - 250g","p":1.89,"u":"7,56 €/KG","img":"https://fd13-photos.leclercdrive.fr/image.ashx?id=2976176&use=l&cat=p&typeid=i","cat":284455},{"id":280782,"n":"Sauce sweet chili Heinz 260g","p":2.06,"u":"7,92 €/KG","img":"https://fd13-photos.leclercdrive.fr/image.ashx?id=2976101&use=l&cat=p&typeid=i","cat":318431},{"id":280783,"n":"Sauce korean barbecue Heinz 265g","p":2.06,"u":"7,77 €/KG","img":"https://fd13-photos.leclercdrive.fr/image.ashx?id=2976137&use=l&cat=p&typeid=i","cat":318431},{"id":280784,"n":"Mayonnaise  Heinz Srirachamix - 400g","p":3.2,"u":"8,00 €/KG","img":"https://fd13-photos.leclercdrive.fr/image.ashx?id=2976140&use=l&cat=p&typeid=i","cat":318431},{"id":280878,"n":"Bowl Bonduelle A la mexicaine - 250g","p":3.09,"u":"12,36 €/KG","img":"https://fd13-photos.leclercdrive.fr/image.ashx?id=2996533&use=l&cat=p&typeid=i","cat":328010},{"id":280997,"n":"Bowl à l'orientale 250g","p":3.09,"u":"12,36 €/KG","img":"https://fd13-photos.leclercdrive.fr/image.ashx?id=2991921&use=l&cat=p&typeid=i","cat":325094},{"id":281292,"n":"Bonbons Maoam Haribo Chauve qui peut ! 800g","p":5.97,"u":"7,46 €/KG","img":"https://fd13-photos.leclercdrive.fr/image.ashx?id=2983108&use=l&cat=p&typeid=i","cat":304250},{"id":281326,"n":"Bonbons Spaghetti Pik Haribo 220g","p":1.7,"u":"7,73 €/KG","img":"https://fd13-photos.leclercdrive.fr/image.ashx?id=2978661&use=l&cat=p&typeid=i","cat":304250},{"id":281327,"n":"Dragibus Halloween Haribo 250g","p":1.7,"u":"6,80 €/KG","img":"https://fd13-photos.leclercdrive.fr/image.ashx?id=2979382&use=l&cat=p&typeid=i","cat":304250},{"id":281336,"n":"Bonbons Lutti Vampires 280g","p":2.59,"u":"9,25 €/KG","img":"https://fd13-photos.leclercdrive.fr/image.ashx?id=2978814&use=l&cat=p&typeid=i","cat":304250},{"id":281338,"n":"Bonbons Lutti Vampires Fizz 280g","p":2.59,"u":"9,25 €/KG","img":"https://fd13-photos.leclercdrive.fr/image.ashx?id=2978817&use=l&cat=p&typeid=i","cat":304250},{"id":281339,"n":"Bonbons Lutti Giantfeet Fizz 280g","p":2.59,"u":"9,25 €/KG","img":"https://fd13-photos.leclercdrive.fr/image.ashx?id=2978820&use=l&cat=p&typeid=i","cat":304250},{"id":281340,"n":"Bonbons Krema Mystery 580g","p":3.42,"u":"5,90 €/KG","img":"https://fd13-photos.leclercdrive.fr/image.ashx?id=2978823&use=l&cat=p&typeid=i","cat":304250},{"id":281341,"n":"Bonbons Carambar Mix Electric Fruits 380g","p":3.35,"u":"8,82 €/KG","img":"https://fd13-photos.leclercdrive.fr/image.ashx?id=2978826&use=l&cat=p&typeid=i","cat":304250},{"id":281342,"n":"Bonbons Carambar  Color Mystery 380g","p":3.35,"u":"8,82 €/KG","img":"https://fd13-photos.leclercdrive.fr/image.ashx?id=2978829&use=l&cat=p&typeid=i","cat":304250},{"id":281345,"n":"Bonbons Krema Milkshake 580g","p":3.42,"u":"5,90 €/KG","img":"https://fd13-photos.leclercdrive.fr/image.ashx?id=2978835&use=l&cat=p&typeid=i","cat":304250},{"id":281346,"n":"Bonbons Lutti  Luciver Fizz 280g","p":2.65,"u":"9,46 €/KG","img":"https://fd13-photos.leclercdrive.fr/image.ashx?id=2978838&use=l&cat=p&typeid=i","cat":304250},{"id":281347,"n":"Bonbons Lutti  Papillot' Gummy 200g","p":2.65,"u":"13,25 €/KG","img":"https://fd13-photos.leclercdrive.fr/image.ashx?id=2978841&use=l&cat=p&typeid=i","cat":304250},{"id":281350,"n":"Bonbons Lutti  Papillot'Fizz Balls 200g","p":2.59,"u":"12,95 €/KG","img":"https://fd13-photos.leclercdrive.fr/image.ashx?id=2978847&use=l&cat=p&typeid=i","cat":304250},{"id":281355,"n":"Sucettes Chupa Chups  Fraise Love x16 - 192g","p":2.92,"u":"15,21 €/KG","img":"https://fd13-photos.leclercdrive.fr/image.ashx?id=3009209&use=l&cat=p&typeid=i","cat":304250},{"id":281359,"n":"Sucettes Chupa Chups  Bubble Gum x12 - 144g","p":2.49,"u":"17,29 €/KG","img":"https://fd13-photos.leclercdrive.fr/image.ashx?id=2980167&use=l&cat=p&typeid=i","cat":304250},{"id":281377,"n":"Ketchup Heinz  zéro sel ajouté - 230g","p":1.95,"u":"8,48 €/KG","img":"https://fd13-photos.leclercdrive.fr/image.ashx?id=2978904&use=l&cat=p&typeid=i","cat":284455},{"id":281398,"n":"Soupe de poissons à la Bretonne Nos Régions ont du Talent 490g","p":2.1,"u":"4,29 €/KG","img":"https://fd13-photos.leclercdrive.fr/image.ashx?id=2982359&use=l&cat=p&typeid=i","cat":285192},{"id":281735,"n":"Calendrier masque PatPatrouille Chase - 75g","p":3.83,"u":"51,07 €/KG","img":"https://fd13-photos.leclercdrive.fr/image.ashx?id=2981397&use=l&cat=p&typeid=i","cat":327590},{"id":282364,"n":"Ariel grandiose pods couleurs  éclatantes 21lav - 0,762kg","p":15.82,"u":"20,76 €/KG","img":"https://fd13-photos.leclercdrive.fr/image.ashx?id=2985642&use=l&cat=p&typeid=i","cat":284641}]}