{"id":"168302-168302","dt":"2025-12-15","p":[{"id":2,"n":"Haricots verts Notre Jardin Extra fins - 345g","p":2.39,"u":"6,93 €/KG","img":"https://fd9-photos.leclercdrive.fr/image.ashx?id=2368650&use=l&cat=p&typeid=i","cat":312606},{"id":3,"n":"Haricots verts Notre Jardin Très fins - 220g","p":0.86,"u":"3,91 €/KG","img":"https://fd9-photos.leclercdrive.fr/image.ashx?id=1993164&use=l&cat=p&typeid=i","cat":312606},{"id":4,"n":"Haricots verts Notre Jardin Très fins - 440g","p":1.15,"u":"2,61 €/KG","img":"https://fd9-photos.leclercdrive.fr/image.ashx?id=2050615&use=l&cat=p&typeid=i","cat":312606},{"id":5,"n":"Haricots verts Notre Jardin Extra fins - 440g","p":1.2,"u":"2,73 €/KG","img":"https://fd9-photos.leclercdrive.fr/image.ashx?id=3005655&use=l&cat=p&typeid=i","cat":312606},{"id":6,"n":"Haricots verts Notre Jardin Extra fins - 220g","p":0.88,"u":"4,00 €/KG","img":"https://fd9-photos.leclercdrive.fr/image.ashx?id=1993167&use=l&cat=p&typeid=i","cat":312606},{"id":7,"n":"Haricots beurre Notre Jardin Très fins - 220g","p":1.11,"u":"5,05 €/KG","img":"https://fd9-photos.leclercdrive.fr/image.ashx?id=2988027&use=l&cat=p&typeid=i","cat":312606},{"id":8,"n":"Haricots beurre Notre Jardin Très fins - 440g","p":1.55,"u":"3,52 €/KG","img":"https://fd9-photos.leclercdrive.fr/image.ashx?id=2988030&use=l&cat=p&typeid=i","cat":312606},{"id":9,"n":"Petits pois Notre Jardin A l'étuvée - Extra fins - 280g","p":0.9,"u":"3,21 €/KG","img":"https://fd9-photos.leclercdrive.fr/image.ashx?id=2375947&use=l&cat=p&typeid=i","cat":312607},{"id":11,"n":"Petits pois carottes  Notre Jardin -Extra fins - 530g","p":1.22,"u":"2,30 €/KG","img":"https://fd9-photos.leclercdrive.fr/image.ashx?id=2987961&use=l&cat=p&typeid=i","cat":312607},{"id":12,"n":"Petits pois carottes extra-fins Notre Jardin à l'étuvée 260g","p":0.99,"u":"3,74 €/KG","img":"https://fd9-photos.leclercdrive.fr/image.ashx?id=2987964&use=l&cat=p&typeid=i","cat":312607},{"id":13,"n":"Petits pois carottes Très fins Notre Jardin -A l'étuvée -530g","p":1.33,"u":"2,51 €/KG","img":"https://fd9-photos.leclercdrive.fr/image.ashx?id=2698156&use=l&cat=p&typeid=i","cat":312607},{"id":14,"n":"Carottes Notre Jardin Extra-fines - 265g","p":0.85,"u":"3,21 €/KG","img":"https://fd9-photos.leclercdrive.fr/image.ashx?id=2399150&use=l&cat=p&typeid=i","cat":312607},{"id":15,"n":"Champignons Paris Notre Jardin Entiers - 230g","p":1.47,"u":"6,39 €/KG","img":"https://fd9-photos.leclercdrive.fr/image.ashx?id=2553890&use=l&cat=p&typeid=i","cat":312610},{"id":16,"n":"Champignons Paris Notre Jardin Pieds et morceaux - 230g","p":1.49,"u":"6,48 €/KG","img":"https://fd9-photos.leclercdrive.fr/image.ashx?id=2553896&use=l&cat=p&typeid=i","cat":312610},{"id":17,"n":"Champignons Paris Notre Jardin Emincés - 230g","p":1.07,"u":"4,65 €/KG","img":"https://fd9-photos.leclercdrive.fr/image.ashx?id=2551960&use=l&cat=p&typeid=i","cat":312610},{"id":19,"n":"Flageolets verts Notre Jardin Extra fins - 265g","p":0.99,"u":"3,74 €/KG","img":"https://fd9-photos.leclercdrive.fr/image.ashx?id=1993161&use=l&cat=p&typeid=i","cat":312606},{"id":20,"n":"Macédoine légumes Notre Jardin 265g","p":0.71,"u":"2,68 €/KG","img":"https://fd9-photos.leclercdrive.fr/image.ashx?id=2050600&use=l&cat=p&typeid=i","cat":312612},{"id":21,"n":"Macédoine légumes Notre Jardin - 530g","p":1.23,"u":"2,32 €/KG","img":"https://fd9-photos.leclercdrive.fr/image.ashx?id=2526276&use=l&cat=p&typeid=i","cat":312612},{"id":22,"n":"Garniture de 4 légumes  Notre Jardin - 510g","p":1.74,"u":"3,41 €/KG","img":"https://fd9-photos.leclercdrive.fr/image.ashx?id=2526279&use=l&cat=p&typeid=i","cat":312612},{"id":26,"n":"Pois chiches Notre Jardin 265g","p":0.75,"u":"2,83 €/KG","img":"https://fd9-photos.leclercdrive.fr/image.ashx?id=2448974&use=l&cat=p&typeid=i","cat":312609},{"id":27,"n":"Lentilles préparées Notre  Jardin - 265g","p":0.67,"u":"2,53 €/KG","img":"https://fd9-photos.leclercdrive.fr/image.ashx?id=2987985&use=l&cat=p&typeid=i","cat":312609},{"id":28,"n":"Lentilles Préparées Notre  Jardin - 530g","p":1.15,"u":"2,17 €/KG","img":"https://fd9-photos.leclercdrive.fr/image.ashx?id=2987982&use=l&cat=p&typeid=i","cat":312609},{"id":29,"n":"Haricots rouges Notre Jardin 250g","p":0.84,"u":"3,36 €/KG","img":"https://fd9-photos.leclercdrive.fr/image.ashx?id=2988024&use=l&cat=p&typeid=i","cat":312606},{"id":30,"n":"Pommes de terre Notre Jardin 530g","p":1.29,"u":"2,43 €/KG","img":"https://fd9-photos.leclercdrive.fr/image.ashx?id=2696250&use=l&cat=p&typeid=i","cat":312612},{"id":37,"n":"Epinards hâchés Notre Jardin 395g","p":1.09,"u":"2,76 €/KG","img":"https://fd9-photos.leclercdrive.fr/image.ashx?id=1993152&use=l&cat=p&typeid=i","cat":312612},{"id":38,"n":"Epinards branches  Notre Jardin 265g","p":1.15,"u":"4,34 €/KG","img":"https://fd9-photos.leclercdrive.fr/image.ashx?id=1993155&use=l&cat=p&typeid=i","cat":312612},{"id":39,"n":"Epinards branches Notre Jardin 530g","p":1.69,"u":"3,19 €/KG","img":"https://fd9-photos.leclercdrive.fr/image.ashx?id=2913651&use=l&cat=p&typeid=i","cat":312612},{"id":40,"n":"Coeurs de palmiers Notre Jardin Extra tendres - 500g","p":3.85,"u":"7,70 €/KG","img":"https://fd9-photos.leclercdrive.fr/image.ashx?id=2072698&use=l&cat=p&typeid=i","cat":312611},{"id":41,"n":"Choux Bruxelles Notre Jardin 530g","p":1.95,"u":"3,68 €/KG","img":"https://fd9-photos.leclercdrive.fr/image.ashx?id=2072428&use=l&cat=p&typeid=i","cat":312612},{"id":42,"n":"Haricots Mungo Notre Jardin 180g","p":1.0,"u":"5,56 €/KG","img":"https://fd9-photos.leclercdrive.fr/image.ashx?id=2072431&use=l&cat=p&typeid=i","cat":312611},{"id":43,"n":"Asperges blanches miniatures Notre Jardin - 110g","p":1.55,"u":"14,09 €/KG","img":"https://fd9-photos.leclercdrive.fr/image.ashx?id=2049019&use=l&cat=p&typeid=i","cat":312611},{"id":44,"n":"Maïs Notre Jardin Tendre - 285g","p":0.96,"u":"3,37 €/KG","img":"https://fd9-photos.leclercdrive.fr/image.ashx?id=3005658&use=l&cat=p&typeid=i","cat":312611},{"id":47,"n":"Filets de thon Saupiquet Huile d'olive - 115g","p":2.42,"u":"21,04 €/KG","img":"https://fd9-photos.leclercdrive.fr/image.ashx?id=2846373&use=l&cat=p&typeid=i","cat":303867},{"id":50,"n":"Miettes de thon Pêche Océan Huile de tournesol - 160g","p":1.7,"u":"10,63 €/KG","img":"https://fd9-photos.leclercdrive.fr/image.ashx?id=2941369&use=l&cat=p&typeid=i","cat":303867},{"id":51,"n":"Miettes de thon Pêche Océan Tomate - 160g","p":1.13,"u":"7,06 €/KG","img":"https://fd9-photos.leclercdrive.fr/image.ashx?id=2941378&use=l&cat=p&typeid=i","cat":303867},{"id":52,"n":"Miettes de thon Pêche Océan Tomate - 3x80g","p":1.56,"u":"6,50 €/KG","img":"https://fd9-photos.leclercdrive.fr/image.ashx?id=2941363&use=l&cat=p&typeid=i","cat":303867},{"id":54,"n":"Sardines tomate Pêche Océan 135g","p":1.32,"u":"9,78 €/KG","img":"https://fd9-photos.leclercdrive.fr/image.ashx?id=2694097&use=l&cat=p&typeid=i","cat":305146},{"id":58,"n":"Filets maquereaux Pêche Océan Arômates et Muscadet 176g","p":1.45,"u":"8,24 €/KG","img":"https://fd9-photos.leclercdrive.fr/image.ashx?id=2476948&use=l&cat=p&typeid=i","cat":303868},{"id":59,"n":"Maquereaux Pêche Océan Moutarde de Dijon - 169g","p":1.65,"u":"9,76 €/KG","img":"https://fd9-photos.leclercdrive.fr/image.ashx?id=2488350&use=l&cat=p&typeid=i","cat":303868},{"id":66,"n":"Terrine de campagne Côté Table Cèpes - 180g","p":1.55,"u":"8,61 €/KG","img":"https://fd9-photos.leclercdrive.fr/image.ashx?id=2519414&use=l&cat=p&typeid=i","cat":305149},{"id":67,"n":"Terrine de canard Côté Table 180g","p":1.55,"u":"8,61 €/KG","img":"https://fd9-photos.leclercdrive.fr/image.ashx?id=2943091&use=l&cat=p&typeid=i","cat":305149},{"id":68,"n":"Cassoulet Côté Table Saucisses et saucissons - 420g","p":1.15,"u":"2,74 €/KG","img":"https://fd9-photos.leclercdrive.fr/image.ashx?id=2977099&use=l&cat=p&typeid=i","cat":284440},{"id":74,"n":"Choucroute Côté Table garnie 800g","p":2.69,"u":"3,36 €/KG","img":"https://fd9-photos.leclercdrive.fr/image.ashx?id=1847409&use=l&cat=p&typeid=i","cat":284441},{"id":75,"n":"Choucroute Côté Table garnie 400g","p":1.75,"u":"4,38 €/KG","img":"https://fd9-photos.leclercdrive.fr/image.ashx?id=1993170&use=l&cat=p&typeid=i","cat":284441},{"id":76,"n":"Gratin dauphinois Côté Table 850g","p":1.67,"u":"1,96 €/KG","img":"https://fd9-photos.leclercdrive.fr/image.ashx?id=2977117&use=l&cat=p&typeid=i","cat":284441},{"id":78,"n":"Saucisses lentilles Côté Table 840g","p":1.99,"u":"2,37 €/KG","img":"https://fd9-photos.leclercdrive.fr/image.ashx?id=2977102&use=l&cat=p&typeid=i","cat":284441},{"id":79,"n":"Saucisses lentilles Côté Table 420g","p":1.15,"u":"2,74 €/KG","img":"https://fd9-photos.leclercdrive.fr/image.ashx?id=2977105&use=l&cat=p&typeid=i","cat":284441},{"id":80,"n":"Gésiers de canard du Sud-Ouest NRT - 215g","p":6.99,"u":"32,51 €/KG","img":"https://fd9-photos.leclercdrive.fr/image.ashx?id=2723204&use=l&cat=p&typeid=i","cat":284440},{"id":97,"n":"Pétales salées Tokapi Soufflés - 75g","p":0.69,"u":"9,20 €/KG","img":"https://fd9-photos.leclercdrive.fr/image.ashx?id=2751874&use=l&cat=p&typeid=i","cat":284449},{"id":104,"n":"Mélange Grillé et salé Tokapi Cacahuètes et noisettes - 120g","p":1.46,"u":"12,17 €/KG","img":"https://fd9-photos.leclercdrive.fr/image.ashx?id=2794100&use=l&cat=p&typeid=i","cat":284448},{"id":105,"n":"Cacahuètes grillées Tokapi Salées - 250g","p":0.85,"u":"3,40 €/KG","img":"https://fd9-photos.leclercdrive.fr/image.ashx?id=2795529&use=l&cat=p&typeid=i","cat":284448},{"id":108,"n":"Noix de cajou grillées Tokapi Salées - 400g","p":4.78,"u":"11,95 €/KG","img":"https://fd9-photos.leclercdrive.fr/image.ashx?id=2793985&use=l&cat=p&typeid=i","cat":284448},{"id":117,"n":"Huile Isio 4 Lesieur 1L","p":3.56,"u":"3,56 €/L","img":"https://fd9-photos.leclercdrive.fr/image.ashx?id=2916018&use=l&cat=p&typeid=i","cat":284453},{"id":122,"n":"Huile de friture Rustica Sans odeur - 2L","p":4.45,"u":"2,23 €/L","img":"https://fd9-photos.leclercdrive.fr/image.ashx?id=2916662&use=l&cat=p&typeid=i","cat":284453},{"id":123,"n":"Huile végétale  Rustica Mélange 4 huiles  - 1L","p":2.65,"u":"2,65 €/L","img":"https://fd9-photos.leclercdrive.fr/image.ashx?id=2538134&use=l&cat=p&typeid=i","cat":284453},{"id":124,"n":"Huile d'olive Rustica Vierge extra - 1L","p":8.99,"u":"8,99 €/L","img":"https://fd9-photos.leclercdrive.fr/image.ashx?id=2898011&use=l&cat=p&typeid=i","cat":284453},{"id":125,"n":"Huile de tournesol Rustica  1L","p":1.99,"u":"1,99 €/L","img":"https://fd9-photos.leclercdrive.fr/image.ashx?id=2900319&use=l&cat=p&typeid=i","cat":284453},{"id":126,"n":"Huile de tournesol Rustica 3L","p":5.89,"u":"1,96 €/L","img":"https://fd9-photos.leclercdrive.fr/image.ashx?id=2900322&use=l&cat=p&typeid=i","cat":284453},{"id":127,"n":"Huile de colza Rustica  1L","p":1.76,"u":"1,76 €/L","img":"https://fd9-photos.leclercdrive.fr/image.ashx?id=2500797&use=l&cat=p&typeid=i","cat":284453},{"id":128,"n":"Vinaigre de vin Rustica 75cl","p":0.99,"u":"1,32 €/L","img":"https://fd9-photos.leclercdrive.fr/image.ashx?id=1061150&use=l&cat=p&typeid=i","cat":298543},{"id":129,"n":"Vinaigre de cidre Rustica  75cl","p":0.87,"u":"1,16 €/L","img":"https://fd9-photos.leclercdrive.fr/image.ashx?id=2657190&use=l&cat=p&typeid=i","cat":298543},{"id":130,"n":"Vinaigrette Rustica  Moutarde - 50cl","p":0.89,"u":"1,78 €/L","img":"https://fd9-photos.leclercdrive.fr/image.ashx?id=1950144&use=l&cat=p&typeid=i","cat":284456},{"id":131,"n":"Jus de citron Rustica Sicile - 2x125ml - 250ml","p":1.08,"u":"4,32 €/L","img":"https://fd9-photos.leclercdrive.fr/image.ashx?id=2974786&use=l&cat=p&typeid=i","cat":288383},{"id":136,"n":"Sel fin de Camargue NRT 250g","p":1.63,"u":"6,52 €/KG","img":"https://fd9-photos.leclercdrive.fr/image.ashx?id=2644906&use=l&cat=p&typeid=i","cat":284457},{"id":137,"n":"Gros sel de Camargue NRT Sachet -1kg","p":1.2,"u":"1,20 €/KG","img":"https://fd9-photos.leclercdrive.fr/image.ashx?id=2644903&use=l&cat=p&typeid=i","cat":284457},{"id":138,"n":"Sel fin de Guérande IGP NRT 250g","p":1.35,"u":"5,40 €/KG","img":"https://fd9-photos.leclercdrive.fr/image.ashx?id=2644900&use=l&cat=p&typeid=i","cat":284457},{"id":147,"n":"Olives vertes Rustica  Dénoyautées - 160g","p":0.92,"u":"5,75 €/KG","img":"https://fd9-photos.leclercdrive.fr/image.ashx?id=2499070&use=l&cat=p&typeid=i","cat":284458},{"id":156,"n":"Moutarde de Dijon Rustica  Fine et forte Verre whisky-280g","p":1.94,"u":"6,93 €/KG","img":"https://fd9-photos.leclercdrive.fr/image.ashx?id=2954337&use=l&cat=p&typeid=i","cat":288850},{"id":160,"n":"Mayonnaise Lesieur Huile de colza - 175g","p":0.8,"u":"4,57 €/KG","img":"https://fd9-photos.leclercdrive.fr/image.ashx?id=2917702&use=l&cat=p&typeid=i","cat":298295},{"id":169,"n":"Sauce Pesto Panzani Basilic - 200g","p":1.62,"u":"8,10 €/KG","img":"https://fd9-photos.leclercdrive.fr/image.ashx?id=2989093&use=l&cat=p&typeid=i","cat":287599},{"id":172,"n":"Purée de tomates Turini 720ml","p":1.26,"u":"1,75 €/L","img":"https://fd9-photos.leclercdrive.fr/image.ashx?id=2680539&use=l&cat=p&typeid=i","cat":288384},{"id":173,"n":"Pulpe de tomate Notre Jardin En dés - 3x383g","p":2.06,"u":"1,81 €/KG","img":"https://fd9-photos.leclercdrive.fr/image.ashx?id=2826918&use=l&cat=p&typeid=i","cat":288384},{"id":174,"n":"Tomates pelées Notre Jardin Entières - 476g","p":1.4,"u":"2,94 €/KG","img":"https://fd9-photos.leclercdrive.fr/image.ashx?id=2189999&use=l&cat=p&typeid=i","cat":312608},{"id":175,"n":"Sauce bolognaise Turini 420g","p":1.45,"u":"3,45 €/KG","img":"https://fd9-photos.leclercdrive.fr/image.ashx?id=2634860&use=l&cat=p&typeid=i","cat":287599},{"id":178,"n":"Sauce Napolitaine Turini 420g","p":0.88,"u":"2,10 €/KG","img":"https://fd9-photos.leclercdrive.fr/image.ashx?id=2441893&use=l&cat=p&typeid=i","cat":287599},{"id":186,"n":"Pâtes Barilla Penne rigate - 500g","p":1.03,"u":"2,06 €/KG","img":"https://fd9-photos.leclercdrive.fr/image.ashx?id=2392203&use=l&cat=p&typeid=i","cat":284427},{"id":187,"n":"Pâtes Barilla Fusilli - 500g","p":1.07,"u":"2,14 €/KG","img":"https://fd9-photos.leclercdrive.fr/image.ashx?id=2392212&use=l&cat=p&typeid=i","cat":284427},{"id":190,"n":"Pâtes Barilla piccolini Mini penne rigate - 500g","p":1.2,"u":"2,40 €/KG","img":"https://fd9-photos.leclercdrive.fr/image.ashx?id=2737588&use=l&cat=p&typeid=i","cat":284427},{"id":191,"n":"Pâtes Collezione Barilla Lasagne aux œufs - 500g","p":2.02,"u":"4,04 €/KG","img":"https://fd9-photos.leclercdrive.fr/image.ashx?id=2990997&use=l&cat=p&typeid=i","cat":284427},{"id":192,"n":"Pâtes Barilla Penne rigate - 1kg","p":1.87,"u":"1,87 €/KG","img":"https://fd9-photos.leclercdrive.fr/image.ashx?id=2392191&use=l&cat=p&typeid=i","cat":284427},{"id":193,"n":"Pâtes vermicelles Panzani  500g","p":1.32,"u":"2,64 €/KG","img":"https://fd9-photos.leclercdrive.fr/image.ashx?id=2896072&use=l&cat=p&typeid=i","cat":284427},{"id":196,"n":"Pâtes nouilles fines Panzani 500g","p":1.16,"u":"2,32 €/KG","img":"https://fd9-photos.leclercdrive.fr/image.ashx?id=2876005&use=l&cat=p&typeid=i","cat":284427},{"id":197,"n":"Pâtes Torti Panzani 500g","p":0.77,"u":"1,54 €/KG","img":"https://fd9-photos.leclercdrive.fr/image.ashx?id=2869552&use=l&cat=p&typeid=i","cat":284427},{"id":198,"n":"Pâtes Spaghetti Panzani 500g","p":0.9,"u":"1,80 €/KG","img":"https://fd9-photos.leclercdrive.fr/image.ashx?id=2876023&use=l&cat=p&typeid=i","cat":284427},{"id":199,"n":"Pâtes Tagliatelle Panzani Créatives - 500G","p":1.6,"u":"3,20 €/KG","img":"https://fd9-photos.leclercdrive.fr/image.ashx?id=2902936&use=l&cat=p&typeid=i","cat":284427},{"id":200,"n":"Pâtes lasagnes Turini  500g","p":1.29,"u":"2,58 €/KG","img":"https://fd9-photos.leclercdrive.fr/image.ashx?id=2980779&use=l&cat=p&typeid=i","cat":284427},{"id":201,"n":"Pâtes Etoiles Turini 500g","p":1.05,"u":"2,10 €/KG","img":"https://fd9-photos.leclercdrive.fr/image.ashx?id=2744222&use=l&cat=p&typeid=i","cat":284427},{"id":203,"n":"Pâtes Torsades Turini 500g","p":0.65,"u":"1,30 €/KG","img":"https://fd9-photos.leclercdrive.fr/image.ashx?id=2980423&use=l&cat=p&typeid=i","cat":284427},{"id":204,"n":"Pâtes Coquillettes Turini 500g","p":0.75,"u":"1,50 €/KG","img":"https://fd9-photos.leclercdrive.fr/image.ashx?id=2980405&use=l&cat=p&typeid=i","cat":284427},{"id":205,"n":"Pâtes Macaroni Turini 500g","p":0.75,"u":"1,50 €/KG","img":"https://fd9-photos.leclercdrive.fr/image.ashx?id=2980414&use=l&cat=p&typeid=i","cat":284427},{"id":206,"n":"Spaghetti Turini 500g","p":0.69,"u":"1,38 €/KG","img":"https://fd9-photos.leclercdrive.fr/image.ashx?id=2980396&use=l&cat=p&typeid=i","cat":284427},{"id":208,"n":"Pâtes gansettes Turini 500g","p":0.98,"u":"1,96 €/KG","img":"https://fd9-photos.leclercdrive.fr/image.ashx?id=2607422&use=l&cat=p&typeid=i","cat":284427},{"id":210,"n":"Pâtes cheveux d'anges Turini 500g","p":0.85,"u":"1,70 €/KG","img":"https://fd9-photos.leclercdrive.fr/image.ashx?id=2980785&use=l&cat=p&typeid=i","cat":284427},{"id":211,"n":"Pâtes Tagliatelles Turini 500g","p":1.29,"u":"2,58 €/KG","img":"https://fd9-photos.leclercdrive.fr/image.ashx?id=2669693&use=l&cat=p&typeid=i","cat":284427},{"id":217,"n":"Riz Thaï Comptoir du Grain Sélection Riz long - 1kg","p":2.2,"u":"2,20 €/KG","img":"https://fd9-photos.leclercdrive.fr/image.ashx?id=2657084&use=l&cat=p&typeid=i","cat":284428},{"id":218,"n":"Riz Basmati Comptoir du Grain Sélection Riz long - 1kg","p":2.55,"u":"2,55 €/KG","img":"https://fd9-photos.leclercdrive.fr/image.ashx?id=2549373&use=l&cat=p&typeid=i","cat":284428},{"id":219,"n":"Riz long Comptoir du Grain Sachet cuisson rapide x5 - 1kg","p":1.74,"u":"1,74 €/KG","img":"https://fd9-photos.leclercdrive.fr/image.ashx?id=1759876&use=l&cat=p&typeid=i","cat":284428},{"id":220,"n":"Couscous moyen Regia 1kg","p":2.4,"u":"2,40 €/KG","img":"https://fd9-photos.leclercdrive.fr/image.ashx?id=2874856&use=l&cat=p&typeid=i","cat":284429},{"id":224,"n":"Purée pomme de terre Pom'lisse Nature - 4x125g - 500g","p":1.85,"u":"3,70 €/KG","img":"https://fd9-photos.leclercdrive.fr/image.ashx?id=2949403&use=l&cat=p&typeid=i","cat":284431},{"id":225,"n":"Couscous Comptoir du Grain Grain moyen - 1kg","p":1.44,"u":"1,44 €/KG","img":"https://fd9-photos.leclercdrive.fr/image.ashx?id=3012797&use=l&cat=p&typeid=i","cat":284429},{"id":229,"n":"Blé précuit Comptoir du Grain Cuisson rapide 10 min - 500g","p":1.54,"u":"3,08 €/KG","img":"https://fd9-photos.leclercdrive.fr/image.ashx?id=3012818&use=l&cat=p&typeid=i","cat":284429},{"id":231,"n":"Lentilles vertes Notre Jardin 500g","p":1.63,"u":"3,26 €/KG","img":"https://fd9-photos.leclercdrive.fr/image.ashx?id=2055651&use=l&cat=p&typeid=i","cat":284430},{"id":238,"n":"Soupe Velouté Régal Soupe Tomates - 1L","p":1.09,"u":"1,09 €/L","img":"https://fd9-photos.leclercdrive.fr/image.ashx?id=2800234&use=l&cat=p&typeid=i","cat":284462},{"id":239,"n":"Soupe Velouté Régal Soupe 10 légumes - 1L","p":1.19,"u":"1,19 €/L","img":"https://fd9-photos.leclercdrive.fr/image.ashx?id=2983781&use=l&cat=p&typeid=i","cat":284462},{"id":240,"n":"Soupe Régal Soupe Poireaux Pommes de terre - 1L","p":1.19,"u":"1,19 €/L","img":"https://fd9-photos.leclercdrive.fr/image.ashx?id=2607356&use=l&cat=p&typeid=i","cat":284462},{"id":241,"n":"Soupe Mouliné Régal Soupe 10 légumes variés - 1L","p":1.08,"u":"1,08 €/L","img":"https://fd9-photos.leclercdrive.fr/image.ashx?id=2607353&use=l&cat=p&typeid=i","cat":284462},{"id":242,"n":"Soupe Velouté Régal Soupe Potiron - 1L","p":1.35,"u":"1,35 €/L","img":"https://fd9-photos.leclercdrive.fr/image.ashx?id=2983787&use=l&cat=p&typeid=i","cat":284462},{"id":255,"n":"Arôme Saveur Maggi 250g","p":2.02,"u":"8,08 €/KG","img":"https://fd9-photos.leclercdrive.fr/image.ashx?id=2671960&use=l&cat=p&typeid=i","cat":288379},{"id":259,"n":"Assaisonnement Liquide KNORR Viandox - 160ml","p":1.46,"pp":1.02,"u":"6,38 €/L","img":"https://fd9-photos.leclercdrive.fr/image.ashx?id=2705215&use=l&cat=p&typeid=i","cat":288383},{"id":267,"n":"Biscuits Petit Ecolier LU Chocolat au lait - 120g","p":2.13,"u":"17,75 €/KG","img":"https://fd9-photos.leclercdrive.fr/image.ashx?id=3014404&use=l&cat=p&typeid=i","cat":284488},{"id":270,"n":"Biscuits Petit Ecolier LU Chocolat noir - 150g","p":1.73,"u":"11,53 €/KG","img":"https://fd9-photos.leclercdrive.fr/image.ashx?id=2944359&use=l&cat=p&typeid=i","cat":284488},{"id":274,"n":"Biscuits Pocket Prince Chocolat - 400g","p":2.49,"u":"6,23 €/KG","img":"https://fd9-photos.leclercdrive.fr/image.ashx?id=3002207&use=l&cat=p&typeid=i","cat":284488},{"id":278,"n":"Biscuits La Barquette Lulu LU Chocolat noisettes - 2x120g","p":2.05,"u":"8,54 €/KG","img":"https://fd9-photos.leclercdrive.fr/image.ashx?id=2135740&use=l&cat=p&typeid=i","cat":284488},{"id":280,"n":"Biscuits Petits cœurs LU Chocolat - 180g","p":2.55,"u":"14,17 €/KG","img":"https://fd9-photos.leclercdrive.fr/image.ashx?id=3002024&use=l&cat=p&typeid=i","cat":284488},{"id":281,"n":"Gâteaux moelleux Lulu LU Coqueline Chocolat - 165g","p":1.73,"u":"10,48 €/KG","img":"https://fd9-photos.leclercdrive.fr/image.ashx?id=3001946&use=l&cat=p&typeid=i","cat":284495},{"id":283,"n":"Biscuit Petit beurre P'tit Déli Chocolat au lait pocket - 250g","p":2.25,"u":"9,00 €/KG","img":"https://fd9-photos.leclercdrive.fr/image.ashx?id=750519&use=l&cat=p&typeid=i","cat":284488},{"id":284,"n":"Biscuits P'tit Déli ronds Chocolat lait 200g","p":1.2,"u":"6,00 €/KG","img":"https://fd9-photos.leclercdrive.fr/image.ashx?id=2884210&use=l&cat=p&typeid=i","cat":284488},{"id":288,"n":"Gaufrettes P'tit Déli  Enrobées chocolat 150g","p":1.59,"u":"10,60 €/KG","img":"https://fd9-photos.leclercdrive.fr/image.ashx?id=2965416&use=l&cat=p&typeid=i","cat":284488},{"id":289,"n":"Mini goûters P'tit Déli Chocolat 168g","p":1.13,"u":"6,73 €/KG","img":"https://fd9-photos.leclercdrive.fr/image.ashx?id=2321941&use=l&cat=p&typeid=i","cat":284488},{"id":290,"n":"Biscuits P'tit Déli Bâtonnets Chocolat 150g","p":1.19,"u":"7,93 €/KG","img":"https://fd9-photos.leclercdrive.fr/image.ashx?id=2470189&use=l&cat=p&typeid=i","cat":284488},{"id":291,"n":"Goûter Moelleux P'tit Déli  Lait et cacao x10 420g","p":2.81,"u":"6,69 €/KG","img":"https://fd9-photos.leclercdrive.fr/image.ashx?id=2610684&use=l&cat=p&typeid=i","cat":284495},{"id":292,"n":"Biscuits fourrés P'tit Déli Coeur fondant chocolat - 225g","p":1.26,"u":"5,60 €/KG","img":"https://fd9-photos.leclercdrive.fr/image.ashx?id=2932393&use=l&cat=p&typeid=i","cat":284488},{"id":296,"n":"Biscuits La Barquette Lulu LU Fraise - 2x120g","p":2.11,"u":"8,79 €/KG","img":"https://fd9-photos.leclercdrive.fr/image.ashx?id=3001952&use=l&cat=p&typeid=i","cat":284489},{"id":298,"n":"Gâteaux moelleux Lulu LU Coqueline Fraise - 165g","p":1.38,"u":"8,36 €/KG","img":"https://fd9-photos.leclercdrive.fr/image.ashx?id=2977252&use=l&cat=p&typeid=i","cat":284495},{"id":304,"n":"Génoises fourrées P'tit Déli - 150g","p":1.39,"u":"9,27 €/KG","img":"https://fd9-photos.leclercdrive.fr/image.ashx?id=2470192&use=l&cat=p&typeid=i","cat":284489},{"id":310,"n":"Biscuits boudoirs P'tit Déli Aux oeufs - 175g","p":1.38,"u":"7,89 €/KG","img":"https://fd9-photos.leclercdrive.fr/image.ashx?id=828485&use=l&cat=p&typeid=i","cat":284487},{"id":313,"n":"Biscuits palmiers P'tit Déli 100g","p":0.59,"u":"5,90 €/KG","img":"https://fd9-photos.leclercdrive.fr/image.ashx?id=2940896&use=l&cat=p&typeid=i","cat":284487},{"id":314,"n":"Biscuits langue chat P'tit Déli 200g","p":1.28,"u":"6,40 €/KG","img":"https://fd9-photos.leclercdrive.fr/image.ashx?id=552395&use=l&cat=p&typeid=i","cat":284487},{"id":316,"n":"Palets bretons P'tit Déli 125g","p":0.97,"u":"7,76 €/KG","img":"https://fd9-photos.leclercdrive.fr/image.ashx?id=2809650&use=l&cat=p&typeid=i","cat":284487},{"id":321,"n":"Cake fruits Brossard 500g","p":4.28,"u":"8,56 €/KG","img":"https://fd9-photos.leclercdrive.fr/image.ashx?id=2983105&use=l&cat=p&typeid=i","cat":284493},{"id":322,"n":"Cake anglais Brossard 400g","p":3.16,"u":"7,90 €/KG","img":"https://fd9-photos.leclercdrive.fr/image.ashx?id=2456795&use=l&cat=p&typeid=i","cat":284493},{"id":323,"n":"Gâteaux Mini roulés Pépito Chocolat - 150g","p":1.76,"u":"11,73 €/KG","img":"https://fd9-photos.leclercdrive.fr/image.ashx?id=2331898&use=l&cat=p&typeid=i","cat":284495},{"id":325,"n":"Galettes Bretonnes P'tit Déli Pur beurre - 125g","p":0.73,"u":"5,84 €/KG","img":"https://fd9-photos.leclercdrive.fr/image.ashx?id=2847943&use=l&cat=p&typeid=i","cat":284487},{"id":327,"n":"Biscuits P'tit Déli Cookies Chocolat nougatine 200g","p":1.35,"u":"6,75 €/KG","img":"https://fd9-photos.leclercdrive.fr/image.ashx?id=2900022&use=l&cat=p&typeid=i","cat":325066},{"id":328,"n":"Biscuits Cookies P'tit Déli Chocolat pépite chocolat - 200g","p":1.35,"u":"6,75 €/KG","img":"https://fd9-photos.leclercdrive.fr/image.ashx?id=2900025&use=l&cat=p&typeid=i","cat":325066},{"id":329,"n":"Biscuits Bastogne LU Originale - 260g","p":1.62,"u":"6,23 €/KG","img":"https://fd9-photos.leclercdrive.fr/image.ashx?id=2346765&use=l&cat=p&typeid=i","cat":284487},{"id":349,"n":"Pain de mie nature Epi d'Or Classique - 500g","p":1.19,"u":"2,38 €/KG","img":"https://fd9-photos.leclercdrive.fr/image.ashx?id=2615582&use=l&cat=p&typeid=i","cat":284477},{"id":350,"n":"Pain de mie nature Epi d'Or Grandes tranches - 550g","p":1.09,"u":"1,98 €/KG","img":"https://fd9-photos.leclercdrive.fr/image.ashx?id=2860700&use=l&cat=p&typeid=i","cat":284477},{"id":352,"n":"Pain de mie nature Epi d'Or  Extra-moelleux - 500g","p":0.95,"u":"1,90 €/KG","img":"https://fd9-photos.leclercdrive.fr/image.ashx?id=2860697&use=l&cat=p&typeid=i","cat":284477},{"id":360,"n":"Pains au lait Epi d'Or Pépites chocolat - 350g","p":2.29,"u":"6,54 €/KG","img":"https://fd9-photos.leclercdrive.fr/image.ashx?id=2867895&use=l&cat=p&typeid=i","cat":293505},{"id":361,"n":"Brioche tranchée Epi d'Or Nature - 500g","p":1.65,"u":"3,30 €/KG","img":"https://fd9-photos.leclercdrive.fr/image.ashx?id=2860694&use=l&cat=p&typeid=i","cat":284478},{"id":362,"n":"Briochettes Epi d'Or Nature x12 - 480g","p":1.49,"u":"3,10 €/KG","img":"https://fd9-photos.leclercdrive.fr/image.ashx?id=2860709&use=l&cat=p&typeid=i","cat":284478},{"id":363,"n":"Pains au lait Epi d'Or x10 - 350g","p":1.19,"u":"3,40 €/KG","img":"https://fd9-photos.leclercdrive.fr/image.ashx?id=2860688&use=l&cat=p&typeid=i","cat":293505},{"id":364,"n":"Pains au chocolat Epi d'Or x8 - 360g","p":1.89,"u":"5,25 €/KG","img":"https://fd9-photos.leclercdrive.fr/image.ashx?id=2860691&use=l&cat=p&typeid=i","cat":296366},{"id":368,"n":"Madeleine P'tit Déli coquilles Sachet 1kg","p":3.4,"u":"3,40 €/KG","img":"https://fd9-photos.leclercdrive.fr/image.ashx?id=2999493&use=l&cat=p&typeid=i","cat":284492},{"id":369,"n":"Marbré P'tit Déli 300g","p":1.89,"u":"6,30 €/KG","img":"https://fd9-photos.leclercdrive.fr/image.ashx?id=2562698&use=l&cat=p&typeid=i","cat":294776},{"id":373,"n":"Biscottes Plaine Vie Heudebert  Sans sel - 300g","p":1.75,"u":"5,83 €/KG","img":"https://fd9-photos.leclercdrive.fr/image.ashx?id=2870572&use=l&cat=p&typeid=i","cat":284479},{"id":375,"n":"Biscottes fourrées Cracotte LU  Framboise - 200g","p":1.83,"u":"9,15 €/KG","img":"https://fd9-photos.leclercdrive.fr/image.ashx?id=2873844&use=l&cat=p&typeid=i","cat":284479},{"id":376,"n":"Biscottes Cracotte LU  Froment - 250g","p":1.55,"u":"6,20 €/KG","img":"https://fd9-photos.leclercdrive.fr/image.ashx?id=3002006&use=l&cat=p&typeid=i","cat":284479},{"id":377,"n":"Biscottes Cracotte LU Gourmande - 250g","p":1.7,"u":"6,80 €/KG","img":"https://fd9-photos.leclercdrive.fr/image.ashx?id=3002009&use=l&cat=p&typeid=i","cat":284479},{"id":378,"n":"Biscottes Cracotte LU  Céréales complètes - 250g","p":1.71,"u":"6,84 €/KG","img":"https://fd9-photos.leclercdrive.fr/image.ashx?id=3002012&use=l&cat=p&typeid=i","cat":284479},{"id":382,"n":"Biscottes Epi d'Or 6 céréales x36 - 300g","p":1.22,"u":"4,07 €/KG","img":"https://fd9-photos.leclercdrive.fr/image.ashx?id=2532832&use=l&cat=p&typeid=i","cat":284479},{"id":384,"n":"Biscottes Epi d'Or froment x36 - 300g","p":1.37,"u":"4,57 €/KG","img":"https://fd9-photos.leclercdrive.fr/image.ashx?id=2634854&use=l&cat=p&typeid=i","cat":284479},{"id":385,"n":"Pains azymes Biscuiterie d'Agen Croustillants - x12 - 600g","p":3.1,"u":"5,17 €/KG","img":"https://fd9-photos.leclercdrive.fr/image.ashx?id=1577583&use=l&cat=p&typeid=i","cat":284479},{"id":399,"n":"Café moulu Plantation Intense et aromatique - 2x250g","p":6.8,"u":"13,60 €/KG","img":"https://fd9-photos.leclercdrive.fr/image.ashx?id=2607398&use=l&cat=p&typeid=i","cat":284750},{"id":400,"n":"Café moulu Plantation  Intense et aromatique - 250g","p":3.5,"u":"14,00 €/KG","img":"https://fd9-photos.leclercdrive.fr/image.ashx?id=2555050&use=l&cat=p&typeid=i","cat":284750},{"id":401,"n":"Café moulu Plantation  Brésil - 2x250g","p":7.19,"u":"14,38 €/KG","img":"https://fd9-photos.leclercdrive.fr/image.ashx?id=2824247&use=l&cat=p&typeid=i","cat":284750},{"id":406,"n":"Café soluble Nescafé Capuccino - x10 - 140g","p":3.1,"u":"22,14 €/KG","img":"https://fd9-photos.leclercdrive.fr/image.ashx?id=2729929&use=l&cat=p&typeid=i","cat":284843},{"id":407,"n":"Café et Chicorée Soluble Ricoré Lait - 400g","p":6.26,"u":"15,65 €/KG","img":"https://fd9-photos.leclercdrive.fr/image.ashx?id=2979617&use=l&cat=p&typeid=i","cat":284843},{"id":437,"n":"Infusion Tiséa Verveine Orange - x25","p":1.34,"u":"33,50 €/KG","img":"https://fd9-photos.leclercdrive.fr/image.ashx?id=2757915&use=l&cat=p&typeid=i","cat":293234},{"id":444,"n":"Lait en poudre Régilait Demi écrémé - 300g","p":2.63,"u":"8,77 €/KG","img":"https://fd9-photos.leclercdrive.fr/image.ashx?id=2110077&use=l&cat=p&typeid=i","cat":299162},{"id":450,"n":"Chocolat poudre Van Houten 250g","p":3.86,"u":"15,44 €/KG","img":"https://fd9-photos.leclercdrive.fr/image.ashx?id=2647173&use=l&cat=p&typeid=i","cat":293235},{"id":451,"n":"Confiture Bonne Maman Abricots - 370g","p":1.72,"u":"4,65 €/KG","img":"https://fd9-photos.leclercdrive.fr/image.ashx?id=3001275&use=l&cat=p&typeid=i","cat":284480},{"id":453,"n":"Confiture extra figues NRT De Provence - 315g","p":2.64,"u":"8,38 €/KG","img":"https://fd9-photos.leclercdrive.fr/image.ashx?id=2699801&use=l&cat=p&typeid=i","cat":284480},{"id":456,"n":"Céréales Golden Grahams Nestlé 375g","p":2.22,"u":"5,92 €/KG","img":"https://fd9-photos.leclercdrive.fr/image.ashx?id=2979830&use=l&cat=p&typeid=i","cat":309513},{"id":473,"n":"Céréales Lion Nestlé Caramel et Chocolat - 400g","p":2.67,"u":"6,68 €/KG","img":"https://fd9-photos.leclercdrive.fr/image.ashx?id=2927453&use=l&cat=p&typeid=i","cat":309513},{"id":474,"n":"Céréales Cookie Crisp Nestlé 375g","p":2.32,"u":"6,19 €/KG","img":"https://fd9-photos.leclercdrive.fr/image.ashx?id=2926443&use=l&cat=p&typeid=i","cat":309513},{"id":486,"n":"Sucre en poudre Saint Louis 1kg","p":1.79,"u":"1,79 €/KG","img":"https://fd9-photos.leclercdrive.fr/image.ashx?id=2624239&use=l&cat=p&typeid=i","cat":284502},{"id":491,"n":"Levure boulangère Francine 30g","p":1.22,"u":"40,67 €/KG","img":"https://fd9-photos.leclercdrive.fr/image.ashx?id=2210083&use=l&cat=p&typeid=i","cat":294686},{"id":492,"n":"Farine fluide Tablier Blanc Sans grumeaux - 1kg","p":0.85,"u":"0,85 €/KG","img":"https://fd9-photos.leclercdrive.fr/image.ashx?id=2832628&use=l&cat=p&typeid=i","cat":284503},{"id":494,"n":"Levure boulangère Alsa Briochin - x5 - 27.5g","p":0.92,"u":"32,86 €/KG","img":"https://fd9-photos.leclercdrive.fr/image.ashx?id=3007906&use=l&cat=p&typeid=i","cat":294686},{"id":495,"n":"Sucre vanilliné Tablier Blanc x10 - 75g","p":0.73,"u":"9,73 €/KG","img":"https://fd9-photos.leclercdrive.fr/image.ashx?id=2487434&use=l&cat=p&typeid=i","cat":284504},{"id":496,"n":"Sucre Vanillé des Isles Alsa x7 - 52.5g","p":2.23,"u":"42,88 €/KG","img":"https://fd9-photos.leclercdrive.fr/image.ashx?id=2965867&use=l&cat=p&typeid=i","cat":294686},{"id":497,"n":"Sucre Vanillé Alsa x12 - 90g","p":2.14,"u":"23,78 €/KG","img":"https://fd9-photos.leclercdrive.fr/image.ashx?id=3004459&use=l&cat=p&typeid=i","cat":294686},{"id":528,"n":"Bonbons Copains Copines Cola acide - 275 g","p":1.53,"u":"5,56 €/KG","img":"https://fd9-photos.leclercdrive.fr/image.ashx?id=2934658&use=l&cat=p&typeid=i","cat":304250},{"id":529,"n":"Bonbons Copains Copines Chocours 200g","p":1.25,"u":"6,25 €/KG","img":"https://fd9-photos.leclercdrive.fr/image.ashx?id=2934649&use=l&cat=p&typeid=i","cat":304250},{"id":546,"n":"Eau minérale naturelle Des Alpes - 6x50cl","p":1.98,"u":"0,66 €/L","img":"https://fd9-photos.leclercdrive.fr/image.ashx?id=552962&use=l&cat=p&typeid=i","cat":284535},{"id":547,"n":"Eau de source de Montagne 5L","p":0.87,"u":"0,17 €/L","img":"https://fd9-photos.leclercdrive.fr/image.ashx?id=2699420&use=l&cat=p&typeid=i","cat":284535},{"id":567,"n":"Eau gazeuse San Pellegrino Minérale naturelle - 6x50cl","p":2.95,"u":"0,98 €/L","img":"https://fd9-photos.leclercdrive.fr/image.ashx?id=2145871&use=l&cat=p&typeid=i","cat":284536},{"id":591,"n":"Sirop Frucci Citron - 75cl","p":1.69,"u":"2,25 €/L","img":"https://fd9-photos.leclercdrive.fr/image.ashx?id=2842214&use=l&cat=p&typeid=i","cat":295020},{"id":592,"n":"Sirop Frucci Grenadine - 75cl","p":1.99,"u":"2,65 €/L","img":"https://fd9-photos.leclercdrive.fr/image.ashx?id=2842220&use=l&cat=p&typeid=i","cat":295020},{"id":593,"n":"Sirop Frucci Pêche - 75cl","p":2.39,"u":"3,19 €/L","img":"https://fd9-photos.leclercdrive.fr/image.ashx?id=2842226&use=l&cat=p&typeid=i","cat":295020},{"id":594,"n":"Sirop Frucci Framboise - 75cl","p":3.52,"u":"4,69 €/L","img":"https://fd9-photos.leclercdrive.fr/image.ashx?id=2909867&use=l&cat=p&typeid=i","cat":295020},{"id":595,"n":"Sirop Frucci Fraise - 75cl","p":2.69,"u":"3,59 €/L","img":"https://fd9-photos.leclercdrive.fr/image.ashx?id=2842232&use=l&cat=p&typeid=i","cat":295020},{"id":596,"n":"Sirop Frucci Cassis - 75cl","p":2.94,"u":"3,92 €/L","img":"https://fd9-photos.leclercdrive.fr/image.ashx?id=2842238&use=l&cat=p&typeid=i","cat":295020},{"id":598,"n":"100% Pur jus de tomate Jafaden bouteille plastique -1L","p":2.05,"u":"2,05 €/L","img":"https://fd9-photos.leclercdrive.fr/image.ashx?id=2860682&use=l&cat=p&typeid=i","cat":284523},{"id":612,"n":"100% Pur jus d'orange Jafaden Sans pulpe - 1L","p":2.22,"u":"2,22 €/L","img":"https://fd9-photos.leclercdrive.fr/image.ashx?id=2955620&use=l&cat=p&typeid=i","cat":284521},{"id":613,"n":"Jus d'orange Jafaden A base de concentré - 6x20cl","p":1.99,"u":"1,66 €/L","img":"https://fd9-photos.leclercdrive.fr/image.ashx?id=2751871&use=l&cat=p&typeid=i","cat":284524},{"id":614,"n":"Jus d'orange Jafaden A base de concentré - 1L","p":1.14,"u":"1,14 €/L","img":"https://fd9-photos.leclercdrive.fr/image.ashx?id=2842459&use=l&cat=p&typeid=i","cat":284521},{"id":617,"n":"100% Pur jus d'orange Jafaden  Sans pulpe - 1,5L","p":2.65,"u":"1,77 €/L","img":"https://fd9-photos.leclercdrive.fr/image.ashx?id=2842468&use=l&cat=p&typeid=i","cat":284521},{"id":618,"n":"Nectar d'orange Jafaden Avec pulpe - 1L","p":1.69,"u":"1,69 €/L","img":"https://fd9-photos.leclercdrive.fr/image.ashx?id=2955638&use=l&cat=p&typeid=i","cat":284521},{"id":619,"n":"Nectar orange Jafaden 2L","p":2.52,"u":"1,26 €/L","img":"https://fd9-photos.leclercdrive.fr/image.ashx?id=2955644&use=l&cat=p&typeid=i","cat":284521},{"id":621,"n":"100% Pur jus d'orange Jafaden  Sans pulpe - 2L","p":3.49,"u":"1,75 €/L","img":"https://fd9-photos.leclercdrive.fr/image.ashx?id=2842456&use=l&cat=p&typeid=i","cat":284521},{"id":624,"n":"Pur Jus de pommes NRT De Bretagne - 1L","p":2.52,"u":"2,52 €/L","img":"https://fd9-photos.leclercdrive.fr/image.ashx?id=2590463&use=l&cat=p&typeid=i","cat":284522},{"id":625,"n":"Pur jus raisin Jafaden 1L","p":1.55,"u":"1,55 €/L","img":"https://fd9-photos.leclercdrive.fr/image.ashx?id=2955626&use=l&cat=p&typeid=i","cat":284915},{"id":627,"n":"Jus pamplemousse rose Jafaden A base de concentré - 1L","p":1.55,"u":"1,55 €/L","img":"https://fd9-photos.leclercdrive.fr/image.ashx?id=2520005&use=l&cat=p&typeid=i","cat":284914},{"id":632,"n":"Jus ananas Jafaden A base de concentré 1L","p":1.75,"u":"1,75 €/L","img":"https://fd9-photos.leclercdrive.fr/image.ashx?id=2919592&use=l&cat=p&typeid=i","cat":284916},{"id":633,"n":"Jus d'ananas Jafaden Briquettes - 6x20cl","p":2.7,"u":"2,25 €/L","img":"https://fd9-photos.leclercdrive.fr/image.ashx?id=2869775&use=l&cat=p&typeid=i","cat":284524},{"id":638,"n":"Jus multifruits Jafaden 1L","p":1.89,"u":"1,89 €/L","img":"https://fd9-photos.leclercdrive.fr/image.ashx?id=2916659&use=l&cat=p&typeid=i","cat":285435},{"id":656,"n":"Soda Jean's Cola Canette - 6x33cl","p":2.26,"u":"1,14 €/L","img":"https://fd9-photos.leclercdrive.fr/image.ashx?id=2966632&use=l&cat=p&typeid=i","cat":284530},{"id":668,"n":"Limonade artisanale NRT 1L","p":2.75,"u":"2,75 €/L","img":"https://fd9-photos.leclercdrive.fr/image.ashx?id=2791066&use=l&cat=p&typeid=i","cat":284531},{"id":669,"n":"Limonade des Pyrénées NRT 6x33cl","p":3.36,"u":"1,70 €/L","img":"https://fd9-photos.leclercdrive.fr/image.ashx?id=2699807&use=l&cat=p&typeid=i","cat":284531},{"id":682,"n":"Soda Pulp'Orange Bouteille - 1,5L","p":1.47,"u":"0,98 €/L","img":"https://fd9-photos.leclercdrive.fr/image.ashx?id=2922382&use=l&cat=p&typeid=i","cat":284532},{"id":689,"n":"Thé glacé Fresh Tea Pêche - Canette -  6x33cl","p":2.49,"u":"1,26 €/L","img":"https://fd9-photos.leclercdrive.fr/image.ashx?id=2622239&use=l&cat=p&typeid=i","cat":295019},{"id":700,"n":"Bière blonde 1664 5,5° - 4x50cl canettes","p":4.87,"u":"2,44 €/L","img":"https://fd9-photos.leclercdrive.fr/image.ashx?id=2793536&use=l&cat=p&typeid=i","cat":334853},{"id":726,"n":"Bière blonde Amsterdam  Maximator 11.6% vol. - 50cl","p":1.87,"u":"3,74 €/L","img":"https://fd9-photos.leclercdrive.fr/image.ashx?id=2190897&use=l&cat=p&typeid=i","cat":334853},{"id":731,"n":"Bière blonde forte Falsbourg Canette - 8%vol. - 50cl","p":0.98,"u":"1,96 €/L","img":"https://fd9-photos.leclercdrive.fr/image.ashx?id=1907450&use=l&cat=p&typeid=i","cat":334853},{"id":737,"n":"Rhum blanc Lagoa 40%vol - 70cl","p":9.99,"u":"14,27 €/L","img":"https://fd9-photos.leclercdrive.fr/image.ashx?id=2966469&use=l&cat=p&typeid=i","cat":284550},{"id":741,"n":"IGP Pays d'Oc Chardonnay Blanc Vieux Carion 13% vol -75 cl","p":2.75,"u":"3,67 €/L","img":"https://fd9-photos.leclercdrive.fr/image.ashx?id=2874690&use=l&cat=p&typeid=i","cat":289557},{"id":742,"n":"AOP Cabernet d'Anjou vin rosé Les Caractères - BIB 3L - 11%","p":13.49,"u":"4,50 €/L","img":"https://fd9-photos.leclercdrive.fr/image.ashx?id=2940902&use=l&cat=p&typeid=i","cat":289560},{"id":744,"n":"Cidre bouché Les Goelleries Breton brut 5%vol. - 75cl","p":1.99,"u":"2,65 €/L","img":"https://fd9-photos.leclercdrive.fr/image.ashx?id=2842184&use=l&cat=p&typeid=i","cat":334880},{"id":746,"n":"Fromage allégé Bridelight 5% mg - 350g","p":3.62,"u":"10,34 €/KG","img":"https://fd9-photos.leclercdrive.fr/image.ashx?id=2019486&use=l&cat=p&typeid=i","cat":314033},{"id":749,"n":"Camembert Les Croisés 20%MG - 250g","p":1.53,"u":"6,12 €/KG","img":"https://fd9-photos.leclercdrive.fr/image.ashx?id=2974759&use=l&cat=p&typeid=i","cat":314033},{"id":750,"n":"Camembert de Pays Les Croisés 21% mg - 250 gr","p":1.75,"u":"7,00 €/KG","img":"https://fd9-photos.leclercdrive.fr/image.ashx?id=2974795&use=l&cat=p&typeid=i","cat":314033},{"id":751,"n":"Coulommiers Les Croisés Tendre/Onctueux - 24%mg - 350g","p":2.15,"u":"6,14 €/KG","img":"https://fd9-photos.leclercdrive.fr/image.ashx?id=2974765&use=l&cat=p&typeid=i","cat":314033},{"id":752,"n":"Petit Brie Les Croisés 32% matière grasse - 500g","p":4.31,"u":"8,62 €/KG","img":"https://fd9-photos.leclercdrive.fr/image.ashx?id=2974792&use=l&cat=p&typeid=i","cat":314033},{"id":753,"n":"Pointe de Brie Les Croisés 32% mg - 200g","p":1.45,"u":"7,25 €/KG","img":"https://fd9-photos.leclercdrive.fr/image.ashx?id=2974774&use=l&cat=p&typeid=i","cat":314033},{"id":754,"n":"Fromage Les Croisés Coeur Crème Lait pasteurisé 33%mg - 300g","p":2.29,"u":"7,63 €/KG","img":"https://fd9-photos.leclercdrive.fr/image.ashx?id=2625068&use=l&cat=p&typeid=i","cat":314033},{"id":757,"n":"Fromage Comté Entremont 32 %mg - 350g","p":5.41,"u":"15,46 €/KG","img":"https://fd9-photos.leclercdrive.fr/image.ashx?id=2983147&use=l&cat=p&typeid=i","cat":314034},{"id":760,"n":"Emmental fromage bloc Les Croisés - 250g","p":2.24,"u":"8,96 €/KG","img":"https://fd9-photos.leclercdrive.fr/image.ashx?id=2897763&use=l&cat=p&typeid=i","cat":314034},{"id":764,"n":"Fromage Bleu Les Croisés Lait pasteurisé 31% mg - 250g","p":2.29,"u":"9,16 €/KG","img":"https://fd9-photos.leclercdrive.fr/image.ashx?id=2642100&use=l&cat=p&typeid=i","cat":314032},{"id":768,"n":"Fromage de chèvre Les Croisés Lait pasteurisé 22%mg - 180g","p":2.29,"u":"12,72 €/KG","img":"https://fd9-photos.leclercdrive.fr/image.ashx?id=2048615&use=l&cat=p&typeid=i","cat":314031},{"id":769,"n":"Fromage de Brebis Les Croisés -Tranche - 200g","p":2.22,"u":"11,10 €/KG","img":"https://fd9-photos.leclercdrive.fr/image.ashx?id=2237499&use=l&cat=p&typeid=i","cat":314031},{"id":785,"n":"Rondelé ail et fines herbes 125g","p":1.79,"u":"14,32 €/KG","img":"https://fd9-photos.leclercdrive.fr/image.ashx?id=2967756&use=l&cat=p&typeid=i","cat":314029},{"id":786,"n":"Chaussée aux Moines 450g","p":4.1,"u":"9,11 €/KG","img":"https://fd9-photos.leclercdrive.fr/image.ashx?id=2771166&use=l&cat=p&typeid=i","cat":329184},{"id":787,"n":"Fromage L'Ortolan  Fromagerie Milleret - 250g","p":2.65,"u":"10,60 €/KG","img":"https://fd9-photos.leclercdrive.fr/image.ashx?id=2450913&use=l&cat=p&typeid=i","cat":314033},{"id":794,"n":"Rocamadour NRT AOP  Fromage de chèvre - 3x35g","p":2.69,"u":"25,62 €/KG","img":"https://fd9-photos.leclercdrive.fr/image.ashx?id=2954142&use=l&cat=p&typeid=i","cat":314031},{"id":795,"n":"Fromage Brique Les Croisés Lait pasteurisé 60%mg - 200g","p":1.74,"u":"8,70 €/KG","img":"https://fd9-photos.leclercdrive.fr/image.ashx?id=2615804&use=l&cat=p&typeid=i","cat":314033},{"id":796,"n":"Fromage raclette Les Croisés Tranchette lait pasteurisé 400g","p":3.89,"u":"9,73 €/KG","img":"https://fd9-photos.leclercdrive.fr/image.ashx?id=2791704&use=l&cat=p&typeid=i","cat":314037},{"id":800,"n":"Mozzarella Les Croisés - 125g","p":0.93,"u":"7,44 €/KG","img":"https://fd9-photos.leclercdrive.fr/image.ashx?id=2992480&use=l&cat=p&typeid=i","cat":314026},{"id":806,"n":"Emmental fromage rapé Les Croisés - 500g","p":3.99,"u":"7,98 €/KG","img":"https://fd9-photos.leclercdrive.fr/image.ashx?id=2791698&use=l&cat=p&typeid=i","cat":314035},{"id":807,"n":"Emmental fromage rapé Les Croisés - 200g","p":1.65,"u":"8,25 €/KG","img":"https://fd9-photos.leclercdrive.fr/image.ashx?id=2791230&use=l&cat=p&typeid=i","cat":314035},{"id":808,"n":"Emmental fromage rapé Les Croisés - 100g","p":1.1,"u":"11,00 €/KG","img":"https://fd9-photos.leclercdrive.fr/image.ashx?id=2842259&use=l&cat=p&typeid=i","cat":314035},{"id":809,"n":"Râpé Parmigiano Reggiano AOP Les Croisés - 60g","p":1.1,"u":"18,33 €/KG","img":"https://fd9-photos.leclercdrive.fr/image.ashx?id=2858024&use=l&cat=p&typeid=i","cat":314035},{"id":810,"n":"Râpé Grana Padano AOP Les Croisés - 100g","p":1.5,"u":"15,00 €/KG","img":"https://fd9-photos.leclercdrive.fr/image.ashx?id=2903938&use=l&cat=p&typeid=i","cat":314035},{"id":816,"n":"Yaourts Délisse Nature - 16x125g","p":2.25,"u":"1,13 €/KG","img":"https://fd9-photos.leclercdrive.fr/image.ashx?id=2974756&use=l&cat=p&typeid=i","cat":284409},{"id":817,"n":"Yaourts Délisse Nature - 12x125g","p":1.85,"u":"1,23 €/KG","img":"https://fd9-photos.leclercdrive.fr/image.ashx?id=2971867&use=l&cat=p&typeid=i","cat":284409},{"id":818,"n":"Yaourts brassés Délisse  Nature - 8x125g","p":1.65,"u":"1,65 €/KG","img":"https://fd9-photos.leclercdrive.fr/image.ashx?id=2742611&use=l&cat=p&typeid=i","cat":284409},{"id":819,"n":"Yaourts brassés Délisse Nature - 16x125g","p":2.99,"u":"1,50 €/KG","img":"https://fd9-photos.leclercdrive.fr/image.ashx?id=3003049&use=l&cat=p&typeid=i","cat":284409},{"id":821,"n":"Yaourts sucrés Délisse Nature - 16x125g","p":2.69,"u":"1,35 €/KG","img":"https://fd9-photos.leclercdrive.fr/image.ashx?id=2591485&use=l&cat=p&typeid=i","cat":284409},{"id":822,"n":"Yaourts à la Grecque Délisse Nature - 4x150g","p":1.29,"u":"2,15 €/KG","img":"https://fd9-photos.leclercdrive.fr/image.ashx?id=2699405&use=l&cat=p&typeid=i","cat":314999},{"id":834,"n":"Yaourts La Laitière Fruits pâtissiers - 12x125g","p":4.7,"u":"3,13 €/KG","img":"https://fd9-photos.leclercdrive.fr/image.ashx?id=2578684&use=l&cat=p&typeid=i","cat":314999},{"id":841,"n":"Yaourts brassés Délisse Panaché de fruits - 16x125g","p":3.26,"u":"1,63 €/KG","img":"https://fd9-photos.leclercdrive.fr/image.ashx?id=2494211&use=l&cat=p&typeid=i","cat":284410},{"id":842,"n":"Yaourts aux fruits Délisse Panaché de fruits - 16x125g","p":3.78,"u":"1,89 €/KG","img":"https://fd9-photos.leclercdrive.fr/image.ashx?id=2609544&use=l&cat=p&typeid=i","cat":284410},{"id":843,"n":"Yaourts Crème Délisse Stracciatella - 4x125g","p":2.04,"u":"4,08 €/KG","img":"https://fd9-photos.leclercdrive.fr/image.ashx?id=2117120&use=l&cat=p&typeid=i","cat":314999},{"id":879,"n":"Fromage blanc sous mousse  Gervita nature - 4x100g","p":1.98,"u":"4,95 €/KG","img":"https://fd9-photos.leclercdrive.fr/image.ashx?id=2746157&use=l&cat=p&typeid=i","cat":284409},{"id":887,"n":"Fromage frais Délisse Fruits panachés 22%mg - 12x50g","p":1.51,"u":"2,52 €/KG","img":"https://fd9-photos.leclercdrive.fr/image.ashx?id=2922491&use=l&cat=p&typeid=i","cat":284414},{"id":890,"n":"Fromage frais Délisse Nature 3,8% MG - 12x60g","p":1.64,"u":"2,28 €/KG","img":"https://fd9-photos.leclercdrive.fr/image.ashx?id=799431&use=l&cat=p&typeid=i","cat":284409},{"id":892,"n":"Fromage frais Duodélisse Nature - 8x100g","p":2.79,"u":"3,49 €/KG","img":"https://fd9-photos.leclercdrive.fr/image.ashx?id=2387316&use=l&cat=p&typeid=i","cat":284409},{"id":894,"n":"Fromage blanc Délisse Nature 0% MG - 8x100g","p":1.79,"u":"2,24 €/KG","img":"https://fd9-photos.leclercdrive.fr/image.ashx?id=2898817&use=l&cat=p&typeid=i","cat":315000},{"id":895,"n":"Fromage blanc Délisse Nature - 3,1% MG - 8x100g","p":1.79,"u":"2,24 €/KG","img":"https://fd9-photos.leclercdrive.fr/image.ashx?id=3012791&use=l&cat=p&typeid=i","cat":284409},{"id":897,"n":"Fromage blanc Délisse Nature 3.1% MG - 1kg","p":1.97,"u":"1,97 €/KG","img":"https://fd9-photos.leclercdrive.fr/image.ashx?id=3012788&use=l&cat=p&typeid=i","cat":284409},{"id":909,"n":"Crème dessert Danette Chocolat et lait - 6x70g","p":1.69,"u":"4,02 €/KG","img":"https://fd9-photos.leclercdrive.fr/image.ashx?id=1984855&use=l&cat=p&typeid=i","cat":285041},{"id":918,"n":"Crème dessert Délisse Café - 4x125g","p":0.89,"u":"1,78 €/KG","img":"https://fd9-photos.leclercdrive.fr/image.ashx?id=2441048&use=l&cat=p&typeid=i","cat":285041},{"id":920,"n":"Crème dessert Délisse Chocolat - 4x125g","p":0.95,"u":"1,90 €/KG","img":"https://fd9-photos.leclercdrive.fr/image.ashx?id=2854207&use=l&cat=p&typeid=i","cat":285041},{"id":921,"n":"Crème dessert Délisse Vanille - 4x125g","p":0.89,"u":"1,78 €/KG","img":"https://fd9-photos.leclercdrive.fr/image.ashx?id=2854210&use=l&cat=p&typeid=i","cat":285041},{"id":923,"n":"Crème dessert Délisse Panaché - 12x125g","p":2.83,"u":"1,89 €/KG","img":"https://fd9-photos.leclercdrive.fr/image.ashx?id=2465211&use=l&cat=p&typeid=i","cat":285041},{"id":924,"n":"Petit pot de crème Délisse Chocolat - 4x100g","p":1.88,"u":"4,70 €/KG","img":"https://fd9-photos.leclercdrive.fr/image.ashx?id=2544967&use=l&cat=p&typeid=i","cat":285041},{"id":925,"n":"Petit pot de crème Délisse Vanille - 4x100g","p":1.74,"u":"4,35 €/KG","img":"https://fd9-photos.leclercdrive.fr/image.ashx?id=2556508&use=l&cat=p&typeid=i","cat":285041},{"id":926,"n":"Petit pot de crème Délisse Noix de coco - 4x100g","p":2.1,"u":"5,25 €/KG","img":"https://fd9-photos.leclercdrive.fr/image.ashx?id=2722387&use=l&cat=p&typeid=i","cat":285041},{"id":931,"n":"Dessert Liégeois Délisse Café - 4x100g","p":0.99,"u":"2,48 €/KG","img":"https://fd9-photos.leclercdrive.fr/image.ashx?id=2630881&use=l&cat=p&typeid=i","cat":285042},{"id":932,"n":"Dessert Liégeois Délisse Chocolat - 4x100g","p":1.1,"u":"2,75 €/KG","img":"https://fd9-photos.leclercdrive.fr/image.ashx?id=2636233&use=l&cat=p&typeid=i","cat":285042},{"id":933,"n":"Dessert Liégeois Délisse Chocolat Café - 8x100g","p":2.19,"u":"2,74 €/KG","img":"https://fd9-photos.leclercdrive.fr/image.ashx?id=2630884&use=l&cat=p&typeid=i","cat":285042},{"id":934,"n":"Dessert Liégeois Délisse Chocolat - 12x100g","p":3.14,"u":"2,62 €/KG","img":"https://fd9-photos.leclercdrive.fr/image.ashx?id=2630878&use=l&cat=p&typeid=i","cat":285042},{"id":935,"n":"Dessert Liégeois Délisse Vanille Caramel - 8x100g","p":1.98,"u":"2,48 €/KG","img":"https://fd9-photos.leclercdrive.fr/image.ashx?id=2636236&use=l&cat=p&typeid=i","cat":285042},{"id":939,"n":"Semoule au lait Délisse Vanille - 4x115g","p":1.09,"u":"2,37 €/KG","img":"https://fd9-photos.leclercdrive.fr/image.ashx?id=2558377&use=l&cat=p&typeid=i","cat":284418},{"id":940,"n":"Gâteaux de riz Délisse 4x100g","p":1.49,"u":"3,73 €/KG","img":"https://fd9-photos.leclercdrive.fr/image.ashx?id=2898820&use=l&cat=p&typeid=i","cat":284418},{"id":941,"n":"Mousse liégeoise Viennois  Chocolat - 8x90g","p":3.23,"u":"4,49 €/KG","img":"https://fd9-photos.leclercdrive.fr/image.ashx?id=2855043&use=l&cat=p&typeid=i","cat":284417},{"id":942,"n":"Mousse à la liégeoise Délisse Vanille - 8x80g","p":2.62,"u":"4,09 €/KG","img":"https://fd9-photos.leclercdrive.fr/image.ashx?id=3009487&use=l&cat=p&typeid=i","cat":284417},{"id":943,"n":"Mousse Délisse Chocolat noir - 4x60g","p":1.15,"u":"4,79 €/KG","img":"https://fd9-photos.leclercdrive.fr/image.ashx?id=3009493&use=l&cat=p&typeid=i","cat":284417},{"id":944,"n":"Mousse au chocolat Délisse Chocolat au lait - 4x60g","p":1.15,"u":"4,79 €/KG","img":"https://fd9-photos.leclercdrive.fr/image.ashx?id=3009496&use=l&cat=p&typeid=i","cat":284417},{"id":964,"n":"Lait demi-écrémé Délisse UHT Bouteille -  1L","p":1.05,"u":"1,05 €/L","img":"https://fd9-photos.leclercdrive.fr/image.ashx?id=2981831&use=l&cat=p&typeid=i","cat":284377},{"id":965,"n":"Lait demi-écrémé Délisse UHT Bouteille -  50cl","p":0.79,"u":"1,58 €/L","img":"https://fd9-photos.leclercdrive.fr/image.ashx?id=2981858&use=l&cat=p&typeid=i","cat":284377},{"id":966,"n":"Lait entier Délisse UHT - Bouteille : 1L","p":1.29,"u":"1,29 €/L","img":"https://fd9-photos.leclercdrive.fr/image.ashx?id=2981873&use=l&cat=p&typeid=i","cat":285610},{"id":967,"n":"Lait écrémé Délisse UHT - Bouteille : 1L","p":0.99,"u":"0,99 €/L","img":"https://fd9-photos.leclercdrive.fr/image.ashx?id=2617189&use=l&cat=p&typeid=i","cat":284949},{"id":972,"n":"Matin Léger de Lactel Bouteille Sans lactose 1.2% mg - 50cl","p":1.21,"u":"2,42 €/L","img":"https://fd9-photos.leclercdrive.fr/image.ashx?id=2883561&use=l&cat=p&typeid=i","cat":317169},{"id":973,"n":"Lait chèvre demi-écrémé Lactel UHT Bouteille - 1L","p":2.58,"u":"2,58 €/L","img":"https://fd9-photos.leclercdrive.fr/image.ashx?id=3005035&use=l&cat=p&typeid=i","cat":295251},{"id":974,"n":"Lait bio Bio Village Bouteille  Demi-écrémé UHT -  1L","p":1.08,"u":"1,08 €/L","img":"https://fd9-photos.leclercdrive.fr/image.ashx?id=2981900&use=l&cat=p&typeid=i","cat":284377},{"id":979,"n":"Beurre Mini Elle&Vire  Doux - 82% MG - 16P - 200g","p":3.01,"u":"15,05 €/KG","img":"https://fd9-photos.leclercdrive.fr/image.ashx?id=2528397&use=l&cat=p&typeid=i","cat":284379},{"id":981,"n":"Beurre Montfleuri Doux - 60% MG - 250g","p":2.01,"u":"8,04 €/KG","img":"https://fd9-photos.leclercdrive.fr/image.ashx?id=2988569&use=l&cat=p&typeid=i","cat":284379},{"id":983,"n":"Beurre Tendre Les Croisés Doux - 82% MG - 250g","p":2.59,"u":"10,36 €/KG","img":"https://fd9-photos.leclercdrive.fr/image.ashx?id=2778015&use=l&cat=p&typeid=i","cat":284379},{"id":985,"n":"Beurre de Bretagne Les Croisés Doux - 82% MG - 500g","p":4.89,"u":"9,78 €/KG","img":"https://fd9-photos.leclercdrive.fr/image.ashx?id=2777976&use=l&cat=p&typeid=i","cat":284379},{"id":989,"n":"Beurre Tendre Les Croisés Demi-sel - 80% MG - 250g","p":2.62,"u":"10,48 €/KG","img":"https://fd9-photos.leclercdrive.fr/image.ashx?id=2778000&use=l&cat=p&typeid=i","cat":284379},{"id":990,"n":"Beurre Tendre Les Croisés Doux - 82% MG - 250g","p":2.29,"u":"9,16 €/KG","img":"https://fd9-photos.leclercdrive.fr/image.ashx?id=2839890&use=l&cat=p&typeid=i","cat":284379},{"id":1004,"n":"Crème UHT Elle&Vire Semi-Ep. Si Légère - 4% MG - 3x20cl","p":2.75,"u":"4,58 €/L","img":"https://fd9-photos.leclercdrive.fr/image.ashx?id=2985282&use=l&cat=p&typeid=i","cat":284381},{"id":1005,"n":"Crème Chantilly sucrée Délisse Entière sous pression - 250g","p":1.95,"u":"7,80 €/KG","img":"https://fd9-photos.leclercdrive.fr/image.ashx?id=3002512&use=l&cat=p&typeid=i","cat":284382},{"id":1006,"n":"Crème Chantilly sucrée Délisse Allégée sous pression - 250g","p":1.85,"u":"7,40 €/KG","img":"https://fd9-photos.leclercdrive.fr/image.ashx?id=3002515&use=l&cat=p&typeid=i","cat":284382},{"id":1008,"n":"Crème entière fluide Délisse 30%mg - 3x20cl","p":2.65,"u":"4,42 €/L","img":"https://fd9-photos.leclercdrive.fr/image.ashx?id=2509977&use=l&cat=p&typeid=i","cat":284381},{"id":1009,"n":"Crème légère semi-épaisse   Délisse 18%mg - 3x20cl","p":2.09,"u":"3,48 €/L","img":"https://fd9-photos.leclercdrive.fr/image.ashx?id=3002557&use=l&cat=p&typeid=i","cat":284381},{"id":1010,"n":"Crème entière d'Isigny AOP NRT 40cl","p":2.99,"u":"7,48 €/L","img":"https://fd9-photos.leclercdrive.fr/image.ashx?id=2771022&use=l&cat=p&typeid=i","cat":284381},{"id":1011,"n":"Crème fraîche légère Délisse Epaisse - 15% MG - 20cl","p":0.7,"u":"3,50 €/L","img":"https://fd9-photos.leclercdrive.fr/image.ashx?id=1974248&use=l&cat=p&typeid=i","cat":284381},{"id":1012,"n":"Crème fraîche légère Délisse Epaisse - 15% MG  - 50cl","p":1.55,"u":"3,10 €/L","img":"https://fd9-photos.leclercdrive.fr/image.ashx?id=3002539&use=l&cat=p&typeid=i","cat":284381},{"id":1013,"n":"Crème fraîche entière Délisse Epaisse - 30% MG - 20cl","p":0.84,"u":"4,20 €/L","img":"https://fd9-photos.leclercdrive.fr/image.ashx?id=832931&use=l&cat=p&typeid=i","cat":284381},{"id":1014,"n":"Crème fraîche entière Délisse Epaisse - 30% MG- 50cl","p":1.95,"u":"3,90 €/L","img":"https://fd9-photos.leclercdrive.fr/image.ashx?id=3002524&use=l&cat=p&typeid=i","cat":284381},{"id":1019,"n":"Jambon Italien Saint Azay x6 - 100g","p":1.75,"u":"17,50 €/KG","img":"https://fd9-photos.leclercdrive.fr/image.ashx?id=2466871&use=l&cat=p&typeid=i","cat":316007},{"id":1021,"n":"Rosette de lyon Saint Azay 10 tranches - 100g","p":2.99,"u":"29,90 €/KG","img":"https://fd9-photos.leclercdrive.fr/image.ashx?id=2114415&use=l&cat=p&typeid=i","cat":316007},{"id":1022,"n":"Bacon Saint Azay x15 - 150g","p":1.79,"u":"11,93 €/KG","img":"https://fd9-photos.leclercdrive.fr/image.ashx?id=2974957&use=l&cat=p&typeid=i","cat":316007},{"id":1027,"n":"Plateau charcuteries Alsace NRT 200g","p":2.04,"u":"10,20 €/KG","img":"https://fd9-photos.leclercdrive.fr/image.ashx?id=2991479&use=l&cat=p&typeid=i","cat":316012},{"id":1032,"n":"Saucisse sèche Saint Azay Qualité supérieure - 300g","p":3.46,"u":"11,53 €/KG","img":"https://fd9-photos.leclercdrive.fr/image.ashx?id=2859152&use=l&cat=p&typeid=i","cat":316006},{"id":1033,"n":"Chorizo Doux Saint Azay 225g","p":1.89,"u":"8,40 €/KG","img":"https://fd9-photos.leclercdrive.fr/image.ashx?id=2293375&use=l&cat=p&typeid=i","cat":316006},{"id":1039,"n":"Jambon Tranché Fin FleuryMichon à l'italienne x4 - 120g","p":2.78,"u":"23,17 €/KG","img":"https://fd9-photos.leclercdrive.fr/image.ashx?id=2889304&use=l&cat=p&typeid=i","cat":316009},{"id":1058,"n":"Jambon serrano IGP Saint Azay 6 tranches - 100g","p":1.69,"u":"16,90 €/KG","img":"https://fd9-photos.leclercdrive.fr/image.ashx?id=2850422&use=l&cat=p&typeid=i","cat":316007},{"id":1069,"n":"Saucisses de Montbéliard IGP NRT - 250g","p":3.19,"u":"12,76 €/KG","img":"https://fd9-photos.leclercdrive.fr/image.ashx?id=2991470&use=l&cat=p&typeid=i","cat":316012},{"id":1070,"n":"Saucisse de Morteau NRT IGP - 350g","p":5.41,"u":"15,46 €/KG","img":"https://fd9-photos.leclercdrive.fr/image.ashx?id=2991464&use=l&cat=p&typeid=i","cat":316012},{"id":1071,"n":"Coppa italienne Saint Azay 10 tranches 100 g","p":1.98,"u":"19,80 €/KG","img":"https://fd9-photos.leclercdrive.fr/image.ashx?id=2665844&use=l&cat=p&typeid=i","cat":316007},{"id":1081,"n":"Véritables Knacks d'Alsace NRT X4 - 260g","p":2.79,"u":"10,73 €/KG","img":"https://fd9-photos.leclercdrive.fr/image.ashx?id=2991488&use=l&cat=p&typeid=i","cat":316012},{"id":1087,"n":"Pâté en croûte St Azay 450g","p":2.65,"u":"5,89 €/KG","img":"https://fd9-photos.leclercdrive.fr/image.ashx?id=2932396&use=l&cat=p&typeid=i","cat":316003},{"id":1103,"n":"Foie gras de canard entier Pierre de Chaumeyrac - 180g","p":15.48,"u":"86,00 €/KG","img":"https://fd9-photos.leclercdrive.fr/image.ashx?id=2801040&use=l&cat=p&typeid=i","cat":316008},{"id":1104,"n":"Foie gras canard IGP Périgord Entier NRT - 300g","p":23.9,"u":"79,67 €/KG","img":"https://fd9-photos.leclercdrive.fr/image.ashx?id=2807318&use=l&cat=p&typeid=i","cat":316008},{"id":1105,"n":"Carottes râpées Menu Fraîcheur  Assaisonnées - 500g","p":0.99,"u":"1,98 €/KG","img":"https://fd9-photos.leclercdrive.fr/image.ashx?id=2850811&use=l&cat=p&typeid=i","cat":333657},{"id":1106,"n":"Céleri Menu Fraîcheur  Rémoulade - 300g","p":0.99,"u":"3,30 €/KG","img":"https://fd9-photos.leclercdrive.fr/image.ashx?id=2819929&use=l&cat=p&typeid=i","cat":333657},{"id":1107,"n":"Taboulé Menu Fraîcheur A l'orientale - 300g","p":0.99,"u":"3,30 €/KG","img":"https://fd9-photos.leclercdrive.fr/image.ashx?id=2816546&use=l&cat=p&typeid=i","cat":333657},{"id":1108,"n":"Taboulé Menu Fraîcheur A l'orientale - 500g","p":1.39,"u":"2,78 €/KG","img":"https://fd9-photos.leclercdrive.fr/image.ashx?id=2816549&use=l&cat=p&typeid=i","cat":333657},{"id":1109,"n":"Taboule Menu Fraîcheur Au poulet - 300g","p":1.39,"u":"4,63 €/KG","img":"https://fd9-photos.leclercdrive.fr/image.ashx?id=2901431&use=l&cat=p&typeid=i","cat":333657},{"id":1117,"n":"Manchons de poulet Côté Croc 250g","p":2.5,"u":"10,00 €/KG","img":"https://fd9-photos.leclercdrive.fr/image.ashx?id=2560467&use=l&cat=p&typeid=i","cat":333685},{"id":1118,"n":"Manchons de poulet Côté Croc Méxicaine - 250g","p":2.5,"u":"10,00 €/KG","img":"https://fd9-photos.leclercdrive.fr/image.ashx?id=2570031&use=l&cat=p&typeid=i","cat":333685},{"id":1125,"n":"Cordons bleus Côté Croc Dinde - 200g","p":1.95,"u":"9,75 €/KG","img":"https://fd9-photos.leclercdrive.fr/image.ashx?id=2915113&use=l&cat=p&typeid=i","cat":333683},{"id":1127,"n":"Croque Fromage Père Dodu  x2 - 200g","p":1.95,"u":"9,75 €/KG","img":"https://fd9-photos.leclercdrive.fr/image.ashx?id=2956981&use=l&cat=p&typeid=i","cat":333683},{"id":1133,"n":"Nuggets de Poulet Père Dodu  x10 - 200g","p":2.25,"u":"11,25 €/KG","img":"https://fd9-photos.leclercdrive.fr/image.ashx?id=2956972&use=l&cat=p&typeid=i","cat":333684},{"id":1135,"n":"Pizza fraîche Turini Jambon fromage - 450g","p":2.39,"u":"5,31 €/KG","img":"https://fd9-photos.leclercdrive.fr/image.ashx?id=2709719&use=l&cat=p&typeid=i","cat":333679},{"id":1136,"n":"Pizza fraîche Turini 4 fromages - 450g","p":2.49,"u":"5,53 €/KG","img":"https://fd9-photos.leclercdrive.fr/image.ashx?id=2967639&use=l&cat=p&typeid=i","cat":333679},{"id":1137,"n":"Pizza Turini Chèvre lardons - 450g","p":2.58,"u":"5,73 €/KG","img":"https://fd9-photos.leclercdrive.fr/image.ashx?id=2727611&use=l&cat=p&typeid=i","cat":333679},{"id":1142,"n":"Ravioli Lustucru Selection  Boeuf - 300g","p":1.94,"u":"6,47 €/KG","img":"https://fd9-photos.leclercdrive.fr/image.ashx?id=2938659&use=l&cat=p&typeid=i","cat":333682},{"id":1144,"n":"Ravioli jambon Turini 300g","p":2.06,"u":"6,87 €/KG","img":"https://fd9-photos.leclercdrive.fr/image.ashx?id=2777997&use=l&cat=p&typeid=i","cat":333682},{"id":1145,"n":"Ravioli 4 fromages Turini 300g","p":1.49,"u":"4,97 €/KG","img":"https://fd9-photos.leclercdrive.fr/image.ashx?id=813114&use=l&cat=p&typeid=i","cat":333682},{"id":1147,"n":"Kit Pâte à pizza Croustipate 600g","p":3.2,"u":"5,33 €/KG","img":"https://fd9-photos.leclercdrive.fr/image.ashx?id=2161651&use=l&cat=p&typeid=i","cat":333681},{"id":1149,"n":"Pâte à pizza Tablier Blanc 260g","p":1.05,"u":"4,04 €/KG","img":"https://fd9-photos.leclercdrive.fr/image.ashx?id=2041773&use=l&cat=p&typeid=i","cat":333681},{"id":1150,"n":"Pâte sablée Tablier Blanc 230g","p":1.09,"u":"4,74 €/KG","img":"https://fd9-photos.leclercdrive.fr/image.ashx?id=2635898&use=l&cat=p&typeid=i","cat":333681},{"id":1151,"n":"Pâte feuilletée Tablier Blanc Au beurre - 230g","p":1.15,"u":"5,00 €/KG","img":"https://fd9-photos.leclercdrive.fr/image.ashx?id=2942780&use=l&cat=p&typeid=i","cat":333681},{"id":1152,"n":"Pâte feuilletée Tablier Blanc Prête à dérouler - 230g","p":0.74,"u":"3,22 €/KG","img":"https://fd9-photos.leclercdrive.fr/image.ashx?id=2922388&use=l&cat=p&typeid=i","cat":333681},{"id":1154,"n":"Lardons de saumon fumé Ronde des Mers - 90g","p":3.6,"u":"40,00 €/KG","img":"https://fd9-photos.leclercdrive.fr/image.ashx?id=2966240&use=l&cat=p&typeid=i","cat":285188},{"id":1163,"n":"Mini blinis Ronde des Mers x16 - 135g","p":0.99,"u":"7,33 €/KG","img":"https://fd9-photos.leclercdrive.fr/image.ashx?id=2981849&use=l&cat=p&typeid=i","cat":285191},{"id":1164,"n":"Bâtonnets surimi Pêche Océan MSC - 400g","p":2.19,"u":"5,48 €/KG","img":"https://fd9-photos.leclercdrive.fr/image.ashx?id=2981840&use=l&cat=p&typeid=i","cat":285189},{"id":1165,"n":"Bâtonnets Surimi Pêche Océan MSC - x30 - 500g","p":2.74,"u":"5,48 €/KG","img":"https://fd9-photos.leclercdrive.fr/image.ashx?id=2953227&use=l&cat=p&typeid=i","cat":285189},{"id":1166,"n":"Miettes de surimi Pêche Océan MSC - 180g","p":1.64,"u":"9,11 €/KG","img":"https://fd9-photos.leclercdrive.fr/image.ashx?id=2981861&use=l&cat=p&typeid=i","cat":285189},{"id":1167,"n":"Oeufs de lompe Ronde des mers Noir - MSC - 100g","p":2.6,"u":"26,00 €/KG","img":"https://fd9-photos.leclercdrive.fr/image.ashx?id=1511089&use=l&cat=p&typeid=i","cat":285191},{"id":1168,"n":"Filets de hareng Pêche Océan MSC - Doux - 200g","p":1.75,"u":"8,75 €/KG","img":"https://fd9-photos.leclercdrive.fr/image.ashx?id=2992489&use=l&cat=p&typeid=i","cat":285190},{"id":1169,"n":"Filets d'anchois Pêche Océan À l'huile d'olive - 105g","p":2.45,"u":"23,33 €/KG","img":"https://fd9-photos.leclercdrive.fr/image.ashx?id=2992504&use=l&cat=p&typeid=i","cat":285190},{"id":1175,"n":"Pizza Cuite sur pierre Turini Saumon crevettes - 400g","p":2.25,"u":"5,63 €/KG","img":"https://fd9-photos.leclercdrive.fr/image.ashx?id=1694104&use=l&cat=p&typeid=i","cat":284256},{"id":1178,"n":"Pizza Cuite sur pierre Volpone  Bolognaise - 400g","p":2.0,"u":"5,00 €/KG","img":"https://fd9-photos.leclercdrive.fr/image.ashx?id=2815208&use=l&cat=p&typeid=i","cat":284256},{"id":1179,"n":"Pizza Royale Turini Cuite au feu de bois - 440g","p":2.15,"u":"4,89 €/KG","img":"https://fd9-photos.leclercdrive.fr/image.ashx?id=2815199&use=l&cat=p&typeid=i","cat":284256},{"id":1180,"n":"Quiche Lorraine Côté Table 400g","p":2.49,"u":"6,23 €/KG","img":"https://fd9-photos.leclercdrive.fr/image.ashx?id=2869778&use=l&cat=p&typeid=i","cat":284257},{"id":1181,"n":"Tarte aux poireaux Côté Table - 400g","p":2.55,"u":"6,38 €/KG","img":"https://fd9-photos.leclercdrive.fr/image.ashx?id=2791710&use=l&cat=p&typeid=i","cat":284257},{"id":1182,"n":"Crêpes Côté Table Jambon fromage x6 - 300g","p":1.99,"u":"6,63 €/KG","img":"https://fd9-photos.leclercdrive.fr/image.ashx?id=2932402&use=l&cat=p&typeid=i","cat":319776},{"id":1183,"n":"Crêpes Côté Table Jambon fromage x20 1kg","p":3.89,"u":"3,89 €/KG","img":"https://fd9-photos.leclercdrive.fr/image.ashx?id=2932405&use=l&cat=p&typeid=i","cat":319776},{"id":1185,"n":"Steaks hachés Charal Pur Bœuf 15% MG 10x100g - 1kg","p":14.45,"u":"14,45 €/KG","img":"https://fd9-photos.leclercdrive.fr/image.ashx?id=2659300&use=l&cat=p&typeid=i","cat":319778},{"id":1186,"n":"Haché Extra Moelleux Charal 10x100g - 1kg","p":12.01,"u":"12,01 €/KG","img":"https://fd9-photos.leclercdrive.fr/image.ashx?id=2731735&use=l&cat=p&typeid=i","cat":319778},{"id":1187,"n":"Haché à l'oignon Charal 10x100g - 1kg","p":8.69,"u":"8,69 €/KG","img":"https://fd9-photos.leclercdrive.fr/image.ashx?id=2741940&use=l&cat=p&typeid=i","cat":319778},{"id":1191,"n":"Poisson Bordelaise Pêche Océan MSC - 400g","p":2.99,"u":"7,48 €/KG","img":"https://fd9-photos.leclercdrive.fr/image.ashx?id=2930081&use=l&cat=p&typeid=i","cat":319788},{"id":1192,"n":"Colin d'Alaska MSC Pêche Océan À l'oseille x2 - 400g","p":3.15,"u":"7,88 €/KG","img":"https://fd9-photos.leclercdrive.fr/image.ashx?id=2930099&use=l&cat=p&typeid=i","cat":319786},{"id":1193,"n":"Pané colin d'Alaska Pêche Océan x15 bâtonnets - MSC - 450g","p":2.27,"u":"5,04 €/KG","img":"https://fd9-photos.leclercdrive.fr/image.ashx?id=1682702&use=l&cat=p&typeid=i","cat":319788},{"id":1194,"n":"Calamars Pêche Océan A la romaine 40/60 - 500g","p":4.45,"u":"8,90 €/KG","img":"https://fd9-photos.leclercdrive.fr/image.ashx?id=625137&use=l&cat=p&typeid=i","cat":319788},{"id":1196,"n":"Coquilles Saint-Jacques Coté Table - 4x90g","p":4.79,"u":"13,31 €/KG","img":"https://fd9-photos.leclercdrive.fr/image.ashx?id=2625071&use=l&cat=p&typeid=i","cat":319775},{"id":1200,"n":"Poêlée paysanne Côté Table 900g","p":4.3,"u":"4,78 €/KG","img":"https://fd9-photos.leclercdrive.fr/image.ashx?id=2471670&use=l&cat=p&typeid=i","cat":319823},{"id":1201,"n":"Poêlée campagnarde Côté Table 900g","p":4.64,"u":"5,16 €/KG","img":"https://fd9-photos.leclercdrive.fr/image.ashx?id=2647414&use=l&cat=p&typeid=i","cat":319823},{"id":1211,"n":"Choux fleurs Notre Jardin Fleurettes 1kg","p":1.69,"u":"1,69 €/KG","img":"https://fd9-photos.leclercdrive.fr/image.ashx?id=2873024&use=l&cat=p&typeid=i","cat":319805},{"id":1212,"n":"Choux de Bruxelles Notre Jardin 1kg","p":1.95,"u":"1,95 €/KG","img":"https://fd9-photos.leclercdrive.fr/image.ashx?id=2873012&use=l&cat=p&typeid=i","cat":319805},{"id":1214,"n":"Haricots verts Notre jardin Très fins 1kg","p":1.82,"u":"1,82 €/KG","img":"https://fd9-photos.leclercdrive.fr/image.ashx?id=2900040&use=l&cat=p&typeid=i","cat":319805},{"id":1215,"n":"Haricots verts Notre Jardin Extra fins 1kg","p":1.85,"u":"1,85 €/KG","img":"https://fd9-photos.leclercdrive.fr/image.ashx?id=2873048&use=l&cat=p&typeid=i","cat":319805},{"id":1216,"n":"Courgettes Notre Jardin Rondelles 1kg","p":1.29,"u":"1,29 €/KG","img":"https://fd9-photos.leclercdrive.fr/image.ashx?id=2873096&use=l&cat=p&typeid=i","cat":319805},{"id":1217,"n":"Epinards Notre Jardin Branches - 1kg","p":1.3,"u":"1,30 €/KG","img":"https://fd9-photos.leclercdrive.fr/image.ashx?id=2873072&use=l&cat=p&typeid=i","cat":319805},{"id":1218,"n":"Epinards Notre Jardin Hâchés - 1kg","p":1.34,"u":"1,34 €/KG","img":"https://fd9-photos.leclercdrive.fr/image.ashx?id=2900037&use=l&cat=p&typeid=i","cat":319805},{"id":1219,"n":"Epinards Notre Jardin Hachés A la crème fraîche - 1kg","p":1.67,"u":"1,67 €/KG","img":"https://fd9-photos.leclercdrive.fr/image.ashx?id=2916656&use=l&cat=p&typeid=i","cat":319805},{"id":1220,"n":"Carottes Notre Jardin En rondelles 1kg","p":1.09,"u":"1,09 €/KG","img":"https://fd9-photos.leclercdrive.fr/image.ashx?id=2900070&use=l&cat=p&typeid=i","cat":319805},{"id":1221,"n":"Petits pois carottes Notre Jardin 1kg","p":2.25,"u":"2,25 €/KG","img":"https://fd9-photos.leclercdrive.fr/image.ashx?id=2659256&use=l&cat=p&typeid=i","cat":319805},{"id":1222,"n":"Petits pois Notre Jardin Extra fins 1kg","p":1.89,"u":"1,89 €/KG","img":"https://fd9-photos.leclercdrive.fr/image.ashx?id=2873060&use=l&cat=p&typeid=i","cat":319805},{"id":1225,"n":"Légumes Notre Jardin Pour ratatouille 1kg","p":2.35,"u":"2,35 €/KG","img":"https://fd9-photos.leclercdrive.fr/image.ashx?id=2900058&use=l&cat=p&typeid=i","cat":319823},{"id":1226,"n":"Légumes potage Notre Jardin 1kg","p":1.28,"u":"1,28 €/KG","img":"https://fd9-photos.leclercdrive.fr/image.ashx?id=2916653&use=l&cat=p&typeid=i","cat":319805},{"id":1227,"n":"Poêlée de légumes Notre Jardin Méridionale - 1kg","p":2.95,"u":"2,95 €/KG","img":"https://fd9-photos.leclercdrive.fr/image.ashx?id=1960240&use=l&cat=p&typeid=i","cat":319823},{"id":1238,"n":"Pommes rissolées Pom'lisse 1kg","p":1.56,"u":"1,56 €/KG","img":"https://fd9-photos.leclercdrive.fr/image.ashx?id=2704597&use=l&cat=p&typeid=i","cat":319792},{"id":1239,"n":"Frites allumettes Pom'lisse 1kg","p":1.85,"u":"1,85 €/KG","img":"https://fd9-photos.leclercdrive.fr/image.ashx?id=2699378&use=l&cat=p&typeid=i","cat":319791},{"id":1240,"n":"Frites Pom'lisse 2.5 kg","p":4.55,"u":"1,82 €/KG","img":"https://fd9-photos.leclercdrive.fr/image.ashx?id=2699390&use=l&cat=p&typeid=i","cat":319791},{"id":1243,"n":"Frites Pom'lisse Au four - 600g","p":1.15,"u":"1,92 €/KG","img":"https://fd9-photos.leclercdrive.fr/image.ashx?id=2770678&use=l&cat=p&typeid=i","cat":319791},{"id":1244,"n":"Potatoes Pom'lisse Finement épicées - 600g","p":1.16,"u":"1,93 €/KG","img":"https://fd9-photos.leclercdrive.fr/image.ashx?id=2699663&use=l&cat=p&typeid=i","cat":319791},{"id":1245,"n":"Pommes noisettes Pom'lisse 1kg","p":1.88,"u":"1,88 €/KG","img":"https://fd9-photos.leclercdrive.fr/image.ashx?id=2958314&use=l&cat=p&typeid=i","cat":319792},{"id":1246,"n":"Pommes dauphine Pom'lisse 500g","p":1.49,"u":"2,98 €/KG","img":"https://fd9-photos.leclercdrive.fr/image.ashx?id=2699657&use=l&cat=p&typeid=i","cat":319792},{"id":1248,"n":"Frites Pom'lisse 1kg","p":1.87,"u":"1,87 €/KG","img":"https://fd9-photos.leclercdrive.fr/image.ashx?id=2699651&use=l&cat=p&typeid=i","cat":319791},{"id":1251,"n":"Crème glacée Eskiss Vanille de Madagascar - 494g","p":1.65,"u":"3,34 €/KG","img":"https://fd9-photos.leclercdrive.fr/image.ashx?id=2982592&use=l&cat=p&typeid=i","cat":284263},{"id":1252,"n":"Glace Smicy Vanille fraise chocolat - 345g","p":2.41,"u":"6,99 €/KG","img":"https://fd9-photos.leclercdrive.fr/image.ashx?id=2951113&use=l&cat=p&typeid=i","cat":285250},{"id":1309,"n":"Lessive Epsil gel main express Tube 250ml","p":1.55,"u":"6,20 €/L","img":"https://fd9-photos.leclercdrive.fr/image.ashx?id=2838906&use=l&cat=p&typeid=i","cat":284643},{"id":1335,"n":"Liquide vaisselle Visior Citron - 750ml","p":1.2,"u":"1,60 €/L","img":"https://fd9-photos.leclercdrive.fr/image.ashx?id=2930849&use=l&cat=p&typeid=i","cat":284655},{"id":1336,"n":"Liquide vaisselle Visior Ultra Peaux sensibles 500ml","p":0.64,"u":"1,28 €/L","img":"https://fd9-photos.leclercdrive.fr/image.ashx?id=2951116&use=l&cat=p&typeid=i","cat":284655},{"id":1344,"n":"Gants jetables Mamison latex T6 x10","p":1.33,"img":"https://fd9-photos.leclercdrive.fr/image.ashx?id=554721&use=l&cat=p&typeid=i","cat":284668},{"id":1345,"n":"Gants jetables Mamison latex T8 x10","p":1.33,"img":"https://fd9-photos.leclercdrive.fr/image.ashx?id=2742691&use=l&cat=p&typeid=i","cat":284668},{"id":1346,"n":"Eponges Mamison végétales Super absorbantes x3","p":1.17,"u":"0,39 €/P","img":"https://fd9-photos.leclercdrive.fr/image.ashx?id=2458052&use=l&cat=p&typeid=i","cat":284667},{"id":1359,"n":"Pastilles javel Clair x48 - 150g","p":1.65,"u":"11,00 €/KG","img":"https://fd9-photos.leclercdrive.fr/image.ashx?id=2631426&use=l&cat=p&typeid=i","cat":284661},{"id":1360,"n":"Eau de Javel Clair Parfum Eucalyptus - 2L","p":0.75,"u":"0,38 €/L","img":"https://fd9-photos.leclercdrive.fr/image.ashx?id=800843&use=l&cat=p&typeid=i","cat":284661},{"id":1376,"n":"Lingettes nettoyantes Clair Sols muguet larges x15","p":1.14,"img":"https://fd9-photos.leclercdrive.fr/image.ashx?id=2593815&use=l&cat=p&typeid=i","cat":325364},{"id":1381,"n":"Dépoussiérant Clair meuble Cire 300ml","p":1.33,"u":"4,43 €/L","img":"https://fd9-photos.leclercdrive.fr/image.ashx?id=2819256&use=l&cat=p&typeid=i","cat":325364},{"id":1385,"n":"Spray nettoyant Vitroclen  Vitrocéramique - 250ml","p":2.45,"u":"9,80 €/L","img":"https://fd9-photos.leclercdrive.fr/image.ashx?id=2263727&use=l&cat=p&typeid=i","cat":325363},{"id":1392,"n":"Blocs wc eau bleue Syphon x2 80g","p":1.12,"u":"14,00 €/KG","img":"https://fd9-photos.leclercdrive.fr/image.ashx?id=2302537&use=l&cat=p&typeid=i","cat":284662},{"id":1400,"n":"Papier aluminium Elembal 20m","p":2.62,"img":"https://fd9-photos.leclercdrive.fr/image.ashx?id=2492252&use=l&cat=p&typeid=i","cat":334134},{"id":1401,"n":"Barquettes aluminium Elembal x10 0.5L","p":2.56,"img":"https://fd9-photos.leclercdrive.fr/image.ashx?id=1733306&use=l&cat=p&typeid=i","cat":334134},{"id":1403,"n":"Barquettes aluminium Elembal Profondes x10 1L","p":4.3,"img":"https://fd9-photos.leclercdrive.fr/image.ashx?id=1733315&use=l&cat=p&typeid=i","cat":334134},{"id":1405,"n":"Barquettes aluminium Elembal x5 2L","p":3.46,"img":"https://fd9-photos.leclercdrive.fr/image.ashx?id=1733312&use=l&cat=p&typeid=i","cat":334134},{"id":1407,"n":"Film étirable Elembal 30m","p":1.2,"img":"https://fd9-photos.leclercdrive.fr/image.ashx?id=2431191&use=l&cat=p&typeid=i","cat":334134},{"id":1412,"n":"Sacs congélation Elembal Grand modèle x25","p":1.08,"img":"https://fd9-photos.leclercdrive.fr/image.ashx?id=2169147&use=l&cat=p&typeid=i","cat":334134},{"id":1413,"n":"Sacs congélation Elembal Petit modèle x50","p":1.1,"img":"https://fd9-photos.leclercdrive.fr/image.ashx?id=2158155&use=l&cat=p&typeid=i","cat":334134},{"id":1415,"n":"Sacs poubelle 130L Elembal à liens classiques - x10","p":4.65,"u":"0,47 €/P","img":"https://fd9-photos.leclercdrive.fr/image.ashx?id=2791743&use=l&cat=p&typeid=i","cat":285168},{"id":1416,"n":"Sacs poubelle 100L Elembal Poignées coulissantes - x10","p":1.62,"u":"0,16 €/P","img":"https://fd9-photos.leclercdrive.fr/image.ashx?id=1959148&use=l&cat=p&typeid=i","cat":285168},{"id":1417,"n":"Sacs poubelle 100L Elembal à liens classiques - x10","p":1.54,"u":"0,15 €/P","img":"https://fd9-photos.leclercdrive.fr/image.ashx?id=1959151&use=l&cat=p&typeid=i","cat":285168},{"id":1418,"n":"Sacs poubelle 50L Elembal à liens classiques - x15","p":2.19,"u":"0,15 €/P","img":"https://fd9-photos.leclercdrive.fr/image.ashx?id=2958693&use=l&cat=p&typeid=i","cat":285168},{"id":1419,"n":"Sacs poubelle Elembal 20L x20","p":1.2,"u":"0,06 €/P","img":"https://fd9-photos.leclercdrive.fr/image.ashx?id=2100551&use=l&cat=p&typeid=i","cat":285168},{"id":1420,"n":"Sacs poubelle Elembal 20L A poignées - x30","p":2.08,"u":"0,07 €/P","img":"https://fd9-photos.leclercdrive.fr/image.ashx?id=2791674&use=l&cat=p&typeid=i","cat":285168},{"id":1423,"n":"Sacs poubelle 50L Elembal Poignées coulissantes - x15","p":2.31,"u":"0,15 €/P","img":"https://fd9-photos.leclercdrive.fr/image.ashx?id=2958696&use=l&cat=p&typeid=i","cat":285168},{"id":1427,"n":"Gel douche Manava Pétales d'Orient - 250ml","p":1.15,"u":"4,60 €/L","img":"https://fd9-photos.leclercdrive.fr/image.ashx?id=2494214&use=l&cat=p&typeid=i","cat":284594},{"id":1428,"n":"Lait de douche Manava Coeur de vanille - 250ml","p":0.94,"u":"3,76 €/L","img":"https://fd9-photos.leclercdrive.fr/image.ashx?id=2456141&use=l&cat=p&typeid=i","cat":284594},{"id":1429,"n":"Gel douche Manava Boisé - 250ml","p":1.15,"u":"4,60 €/L","img":"https://fd9-photos.leclercdrive.fr/image.ashx?id=2809653&use=l&cat=p&typeid=i","cat":284594},{"id":1433,"n":"Recharge savon mains Manava Crème perles d'oranger - 250ml","p":0.68,"u":"2,72 €/L","img":"https://fd9-photos.leclercdrive.fr/image.ashx?id=2935483&use=l&cat=p&typeid=i","cat":284597},{"id":1435,"n":"Recharge savon mains Manava Crème Amande - 250ml","p":0.57,"u":"2,28 €/L","img":"https://fd9-photos.leclercdrive.fr/image.ashx?id=2935474&use=l&cat=p&typeid=i","cat":284597},{"id":1436,"n":"Lait de douche Manava Amande douce - 250ml","p":0.94,"u":"3,76 €/L","img":"https://fd9-photos.leclercdrive.fr/image.ashx?id=2771346&use=l&cat=p&typeid=i","cat":284594},{"id":1437,"n":"Lait de douche Manava Lait de coco - 250ml","p":0.94,"u":"3,76 €/L","img":"https://fd9-photos.leclercdrive.fr/image.ashx?id=2443176&use=l&cat=p&typeid=i","cat":284594},{"id":1441,"n":"Cire Chaude au Sucre Pure Veet Vanille 98% naturelle 250ml","p":4.71,"u":"18,84 €/L","img":"https://fd9-photos.leclercdrive.fr/image.ashx?id=2960684&use=l&cat=p&typeid=i","cat":325351},{"id":1449,"n":"Déodorant Manava fraîcheur Vanille glacée spray 200ml","p":1.39,"u":"6,95 €/L","img":"https://fd9-photos.leclercdrive.fr/image.ashx?id=2656445&use=l&cat=p&typeid=i","cat":284595},{"id":1464,"n":"Rasoirs jetables Bic 1 Sensitive - x10","p":1.3,"u":"0,13 €/P","img":"https://fd9-photos.leclercdrive.fr/image.ashx?id=2218035&use=l&cat=p&typeid=i","cat":284616},{"id":1465,"n":"Rasoirs jetables Comfort 2 Bic x10","p":3.02,"u":"0,30 €/P","img":"https://fd9-photos.leclercdrive.fr/image.ashx?id=2984862&use=l&cat=p&typeid=i","cat":284616},{"id":1473,"n":"Gel à raser Carré Homme Hydratant 200ml","p":1.69,"u":"8,45 €/L","img":"https://fd9-photos.leclercdrive.fr/image.ashx?id=2771582&use=l&cat=p&typeid=i","cat":284617},{"id":1481,"n":"Dentifrice Dentamyl Protection caries - 75ml","p":0.73,"u":"9,73 €/L","img":"https://fd9-photos.leclercdrive.fr/image.ashx?id=2699129&use=l&cat=p&typeid=i","cat":284612},{"id":1482,"n":"Dentifrice enfant Dentamyl Fraise - 3-6 ans - 50ml","p":0.89,"u":"17,80 €/L","img":"https://fd9-photos.leclercdrive.fr/image.ashx?id=2075188&use=l&cat=p&typeid=i","cat":288898},{"id":1484,"n":"Brosse à dents junior Dentamyl 1 pièce","p":0.49,"img":"https://fd9-photos.leclercdrive.fr/image.ashx?id=2790901&use=l&cat=p&typeid=i","cat":288897},{"id":1486,"n":"Brosse à dents enfant Dentamyl 2-6 ans x1","p":0.51,"img":"https://fd9-photos.leclercdrive.fr/image.ashx?id=1980485&use=l&cat=p&typeid=i","cat":288897},{"id":1487,"n":"Pansements Primoplast Multi-usages x40","p":1.11,"img":"https://fd9-photos.leclercdrive.fr/image.ashx?id=2891773&use=l&cat=p&typeid=i","cat":284630},{"id":1488,"n":"Mouchoirs blancs 4 plis Caresse Mouchoirs papier Lotion x12","p":2.28,"u":"0,19 €/P","img":"https://fd9-photos.leclercdrive.fr/image.ashx?id=2572993&use=l&cat=p&typeid=i","cat":284638},{"id":1517,"n":"Petit pot bébé Blédiner 6 mois  Semoule carotte - 2x200g","p":1.84,"u":"4,60 €/KG","img":"https://fd9-photos.leclercdrive.fr/image.ashx?id=2986155&use=l&cat=p&typeid=i","cat":312239},{"id":1627,"n":"Lingettes bébé Mots d'Enfants Ultra-douces - x72","p":1.75,"u":"0,02 €/P","img":"https://fd9-photos.leclercdrive.fr/image.ashx?id=2856447&use=l&cat=p&typeid=i","cat":284738},{"id":1629,"n":"Lingettes bébé Mots d'Enfants Sensitive - x63","p":1.32,"u":"0,02 €/P","img":"https://fd9-photos.leclercdrive.fr/image.ashx?id=2856462&use=l&cat=p&typeid=i","cat":284738},{"id":1640,"n":"Protection incontinence Chorys Rectangulaire - x24","p":4.62,"u":"0,19 €/P","img":"https://fd9-photos.leclercdrive.fr/image.ashx?id=2761980&use=l&cat=p&typeid=i","cat":284628},{"id":1655,"n":"Enveloppes adhésives Esquisse x100 11x22cm 80g","p":2.69,"img":"https://fd9-photos.leclercdrive.fr/image.ashx?id=2943184&use=l&cat=p&typeid=i","cat":284697},{"id":1660,"n":"Tube de colle Esquisse 2x10g","p":0.9,"u":"45,00 €/KG","img":"https://fd9-photos.leclercdrive.fr/image.ashx?id=1699684&use=l&cat=p&typeid=i","cat":334133},{"id":1683,"n":"Piles alcalines Foxter AAA/LR3 1,5V - x4","p":0.98,"img":"https://fd9-photos.leclercdrive.fr/image.ashx?id=2162150&use=l&cat=p&typeid=i","cat":300572},{"id":1684,"n":"Piles Foxter C/LR14 1.5V - x2","p":1.69,"img":"https://fd9-photos.leclercdrive.fr/image.ashx?id=2162168&use=l&cat=p&typeid=i","cat":300572},{"id":1686,"n":"Pile Foxter 9V/6LR61 - x1","p":1.99,"img":"https://fd9-photos.leclercdrive.fr/image.ashx?id=2162159&use=l&cat=p&typeid=i","cat":300572},{"id":1687,"n":"Pile alcaline Foxter 3LR12 4,5V - x1","p":2.25,"img":"https://fd9-photos.leclercdrive.fr/image.ashx?id=2162177&use=l&cat=p&typeid=i","cat":300572},{"id":1729,"n":"Croquettes chiens Lydog poulet Petit chien - Poulet - 1kg","p":2.92,"u":"2,92 €/KG","img":"https://fd9-photos.leclercdrive.fr/image.ashx?id=2895762&use=l&cat=p&typeid=i","cat":294526},{"id":1730,"n":"Barquette chiens Lydog Au Saumon et Truite - 300g","p":1.49,"u":"4,97 €/KG","img":"https://fd9-photos.leclercdrive.fr/image.ashx?id=2042433&use=l&cat=p&typeid=i","cat":284673},{"id":1735,"n":"Croquettes chiens Tous Mes Amis Spécial Forme - 10kg","p":12.25,"u":"1,23 €/KG","img":"https://fd9-photos.leclercdrive.fr/image.ashx?id=1972608&use=l&cat=p&typeid=i","cat":284672},{"id":1751,"n":"Croquettes chat Purina One Adulte - Saumon/Céréales - 450g","p":2.58,"u":"5,73 €/KG","img":"https://fd9-photos.leclercdrive.fr/image.ashx?id=2683220&use=l&cat=p&typeid=i","cat":284680},{"id":1753,"n":"Croquettes chat Purina One Adulte - Saumon/Céréales -1.5kg","p":6.96,"u":"4,64 €/KG","img":"https://fd9-photos.leclercdrive.fr/image.ashx?id=2902268&use=l&cat=p&typeid=i","cat":284680},{"id":1754,"n":"Croquettes chat Purina One Adulte - Poulet/Céréales - 3kg","p":12.88,"u":"4,29 €/KG","img":"https://fd9-photos.leclercdrive.fr/image.ashx?id=2432007&use=l&cat=p&typeid=i","cat":284680},{"id":1755,"n":"Bouchées chiens Lydog Adulte - Boeuf - 4kg","p":7.49,"u":"1,87 €/KG","img":"https://fd9-photos.leclercdrive.fr/image.ashx?id=2907162&use=l&cat=p&typeid=i","cat":284672},{"id":1762,"n":"Croquettes chat Tous mes amis Poulet légumes - 4kg","p":5.76,"u":"1,44 €/KG","img":"https://fd9-photos.leclercdrive.fr/image.ashx?id=2301406&use=l&cat=p&typeid=i","cat":284680},{"id":1763,"n":"Croquettes chat Tous mes amis Boeuf Poulet Légumes - 2kg","p":2.79,"u":"1,40 €/KG","img":"https://fd9-photos.leclercdrive.fr/image.ashx?id=2739724&use=l&cat=p&typeid=i","cat":284680},{"id":1764,"n":"Croquettes chat Tous mes amis Poulet dinde canard olive - 2kg","p":3.62,"u":"1,81 €/KG","img":"https://fd9-photos.leclercdrive.fr/image.ashx?id=2301400&use=l&cat=p&typeid=i","cat":284680},{"id":1765,"n":"Croquettes chat Tous mes amis Saumon & Légumes - 2kg","p":2.79,"u":"1,40 €/KG","img":"https://fd9-photos.leclercdrive.fr/image.ashx?id=2301394&use=l&cat=p&typeid=i","cat":284680},{"id":1767,"n":"Barquette chats Tous mes amis au Boeuf - 100g","p":0.61,"u":"6,10 €/KG","img":"https://fd9-photos.leclercdrive.fr/image.ashx?id=2042418&use=l&cat=p&typeid=i","cat":285286},{"id":1769,"n":"Barquette chats Lycat au Foie et Volaille - 100g","p":0.59,"u":"5,90 €/KG","img":"https://fd9-photos.leclercdrive.fr/image.ashx?id=2042415&use=l&cat=p&typeid=i","cat":285286},{"id":1770,"n":"Barquette chats Tous mes amis au Saumon 100g","p":0.58,"u":"5,80 €/KG","img":"https://fd9-photos.leclercdrive.fr/image.ashx?id=2042412&use=l&cat=p&typeid=i","cat":285286},{"id":1771,"n":"Terrines chats Tous mes amis Délices Multi-viandes - 3x400g","p":2.97,"u":"2,48 €/KG","img":"https://fd9-photos.leclercdrive.fr/image.ashx?id=1671538&use=l&cat=p&typeid=i","cat":285601},{"id":1772,"n":"Sachet repas chat Tous mes amis Poissons en gelée - 12x100g","p":3.65,"u":"3,04 €/KG","img":"https://fd9-photos.leclercdrive.fr/image.ashx?id=2027592&use=l&cat=p&typeid=i","cat":285286},{"id":1775,"n":"Litière minérale Catsan Hygiène plus pour chat - 10L","p":5.57,"u":"0,56 €/L","img":"https://fd9-photos.leclercdrive.fr/image.ashx?id=2692677&use=l&cat=p&typeid=i","cat":284683},{"id":1776,"n":"Litière chats Eco+ 7L","p":1.2,"u":"0,17 €/L","img":"https://fd9-photos.leclercdrive.fr/image.ashx?id=2757509&use=l&cat=p&typeid=i","cat":284683},{"id":1786,"n":"Blocs WC Syphon Activ' effect Fraîcheur marine x3","p":1.22,"u":"0,41 €/P","img":"https://fd9-photos.leclercdrive.fr/image.ashx?id=2317294&use=l&cat=p&typeid=i","cat":284662},{"id":1798,"n":"Eponges Multi-usages Mamison grattantes - x3","p":0.89,"u":"0,30 €/P","img":"https://fd9-photos.leclercdrive.fr/image.ashx?id=2202341&use=l&cat=p&typeid=i","cat":284667},{"id":1799,"n":"Haricots verts Notre Jardin Très fins - 3x110g","p":1.83,"u":"5,55 €/KG","img":"https://fd9-photos.leclercdrive.fr/image.ashx?id=2987994&use=l&cat=p&typeid=i","cat":312606},{"id":1801,"n":"Boules inox Mamison x2","p":0.44,"img":"https://fd9-photos.leclercdrive.fr/image.ashx?id=555602&use=l&cat=p&typeid=i","cat":284667},{"id":1802,"n":"Insecticide Insectivor cafards Fourmis araignées 400ml","p":2.49,"u":"6,23 €/L","img":"https://fd9-photos.leclercdrive.fr/image.ashx?id=2843039&use=l&cat=p&typeid=i","cat":298368},{"id":1803,"n":"Spray désodorisant Texil Textile 500ml","p":2.61,"u":"5,22 €/L","img":"https://fd9-photos.leclercdrive.fr/image.ashx?id=2958690&use=l&cat=p&typeid=i","cat":290451},{"id":1806,"n":"Insecticide Insectivor guêpes Mouches moustiques - 400ml","p":2.22,"u":"5,55 €/L","img":"https://fd9-photos.leclercdrive.fr/image.ashx?id=2835008&use=l&cat=p&typeid=i","cat":298368},{"id":1810,"n":"Gel nettoyant wc Syphon 750ml","p":1.03,"u":"1,37 €/L","img":"https://fd9-photos.leclercdrive.fr/image.ashx?id=2558775&use=l&cat=p&typeid=i","cat":284662},{"id":1812,"n":"Gel nettoyant wc Syphon 750ml","p":0.73,"u":"0,97 €/L","img":"https://fd9-photos.leclercdrive.fr/image.ashx?id=2067935&use=l&cat=p&typeid=i","cat":284662},{"id":1816,"n":"Déboucheur canalisations Syphon Gel 1L","p":1.39,"u":"1,39 €/L","img":"https://fd9-photos.leclercdrive.fr/image.ashx?id=2202347&use=l&cat=p&typeid=i","cat":284908},{"id":1821,"n":"Confiture Bonne Maman Figues violettes - 370g","p":1.94,"u":"5,24 €/KG","img":"https://fd9-photos.leclercdrive.fr/image.ashx?id=2547477&use=l&cat=p&typeid=i","cat":284480},{"id":1826,"n":"Confiture Douceur du Verger Abricots - Allégée - 340g","p":1.1,"u":"3,24 €/KG","img":"https://fd9-photos.leclercdrive.fr/image.ashx?id=2965440&use=l&cat=p&typeid=i","cat":284480},{"id":1828,"n":"Confiture Bonne Maman Framboises - 370g","p":2.57,"u":"6,95 €/KG","img":"https://fd9-photos.leclercdrive.fr/image.ashx?id=2544807&use=l&cat=p&typeid=i","cat":284480},{"id":1833,"n":"Confiture Douceur du Verger Fraises - 340g","p":1.05,"u":"3,09 €/KG","img":"https://fd9-photos.leclercdrive.fr/image.ashx?id=2965431&use=l&cat=p&typeid=i","cat":284480},{"id":1845,"n":"Barres de céréales Frosties Kellogg's - 6x25g","p":1.82,"u":"12,13 €/KG","img":"https://fd9-photos.leclercdrive.fr/image.ashx?id=2300062&use=l&cat=p&typeid=i","cat":285869},{"id":1846,"n":"Compote Douceur du Verger Gourdes Pomme Fraise - 4x90g","p":1.39,"u":"3,86 €/KG","img":"https://fd9-photos.leclercdrive.fr/image.ashx?id=2837024&use=l&cat=p&typeid=i","cat":284508},{"id":1847,"n":"Barres céréales Fitness Nestlé Chocolat - 6x23.5g","p":1.86,"u":"13,19 €/KG","img":"https://fd9-photos.leclercdrive.fr/image.ashx?id=2947009&use=l&cat=p&typeid=i","cat":285869},{"id":1850,"n":"Chocolat au lait Tablette d'Or Céréales croustillantes 2x100g","p":2.01,"u":"10,05 €/KG","img":"https://fd9-photos.leclercdrive.fr/image.ashx?id=2555952&use=l&cat=p&typeid=i","cat":284497},{"id":1851,"n":"Chocolat au lait Tablette d'Or 3x100g","p":3.12,"u":"10,40 €/KG","img":"https://fd9-photos.leclercdrive.fr/image.ashx?id=2771508&use=l&cat=p&typeid=i","cat":284497},{"id":1861,"n":"Levure chimique Tablier Blanc x6 sachets","p":0.26,"u":"3,94 €/KG","img":"https://fd9-photos.leclercdrive.fr/image.ashx?id=2867892&use=l&cat=p&typeid=i","cat":294686},{"id":1863,"n":"Soja cuisine fluide Bio Bjorg - 25cl","p":1.0,"u":"4,00 €/L","img":"https://fd9-photos.leclercdrive.fr/image.ashx?id=2970921&use=l&cat=p&typeid=i","cat":316069},{"id":1864,"n":"Chocolat Tablette d'Or Noir amandes entières 200g","p":1.84,"u":"9,20 €/KG","img":"https://fd9-photos.leclercdrive.fr/image.ashx?id=2982886&use=l&cat=p&typeid=i","cat":284956},{"id":1865,"n":"Chocolat Tablette d'Or noir Ecorces d'orange 200g","p":2.45,"u":"12,25 €/KG","img":"https://fd9-photos.leclercdrive.fr/image.ashx?id=2654267&use=l&cat=p&typeid=i","cat":284956},{"id":1867,"n":"Chocolat au lait Tablette d'Or Noisettes entières - 200g","p":2.31,"u":"11,55 €/KG","img":"https://fd9-photos.leclercdrive.fr/image.ashx?id=2580889&use=l&cat=p&typeid=i","cat":284497},{"id":1868,"n":"Chocolat blanc Tablette d'Or Noisettes entières - 200g","p":2.45,"u":"12,25 €/KG","img":"https://fd9-photos.leclercdrive.fr/image.ashx?id=1899672&use=l&cat=p&typeid=i","cat":284957},{"id":1870,"n":"Tablette de chocolat Equador Noir 85% cacao - 100g","p":1.53,"u":"15,30 €/KG","img":"https://fd9-photos.leclercdrive.fr/image.ashx?id=2840734&use=l&cat=p&typeid=i","cat":284956},{"id":1871,"n":"Céréales mini-pack Kellogg's Multi-variétés - 215g","p":2.78,"u":"12,93 €/KG","img":"https://fd9-photos.leclercdrive.fr/image.ashx?id=3014467&use=l&cat=p&typeid=i","cat":309513},{"id":1872,"n":"Pâte à tartiner Nustikao Gressins 3x60g","p":1.8,"u":"10,00 €/KG","img":"https://fd9-photos.leclercdrive.fr/image.ashx?id=2440703&use=l&cat=p&typeid=i","cat":284488},{"id":1873,"n":"Petits pains grillés Epi d'Or Complet - 225g","p":0.89,"u":"3,96 €/KG","img":"https://fd9-photos.leclercdrive.fr/image.ashx?id=2726491&use=l&cat=p&typeid=i","cat":284479},{"id":1874,"n":"Chocolat Tablette d'Or Noir noisettes entières 200g","p":2.05,"u":"10,25 €/KG","img":"https://fd9-photos.leclercdrive.fr/image.ashx?id=2582516&use=l&cat=p&typeid=i","cat":284956},{"id":1879,"n":"Compote Douceur du Verger Coupelle pomme poire - 4x100g","p":1.17,"u":"2,93 €/KG","img":"https://fd9-photos.leclercdrive.fr/image.ashx?id=2663470&use=l&cat=p&typeid=i","cat":284508},{"id":1884,"n":"Compote Douceur du Verger Gourdes Pomme - 4x90g","p":0.99,"u":"2,75 €/KG","img":"https://fd9-photos.leclercdrive.fr/image.ashx?id=2837018&use=l&cat=p&typeid=i","cat":284508},{"id":1886,"n":"Petits pois Notre Jardin A l'étuvée - Extra fins - 560g","p":1.29,"u":"2,30 €/KG","img":"https://fd9-photos.leclercdrive.fr/image.ashx?id=2526267&use=l&cat=p&typeid=i","cat":312607},{"id":1887,"n":"Champignons Paris Notre Jardin Pieds et morceaux - 3x115g","p":1.99,"u":"5,77 €/KG","img":"https://fd9-photos.leclercdrive.fr/image.ashx?id=2991115&use=l&cat=p&typeid=i","cat":312610},{"id":1888,"n":"Flageolets verts Notre Jardin Extra fins - 530g","p":1.29,"u":"2,43 €/KG","img":"https://fd9-photos.leclercdrive.fr/image.ashx?id=2468819&use=l&cat=p&typeid=i","cat":312606},{"id":1889,"n":"Macédoine légumes Notre Jardin 3x130g","p":1.75,"u":"4,49 €/KG","img":"https://fd9-photos.leclercdrive.fr/image.ashx?id=2537349&use=l&cat=p&typeid=i","cat":312612},{"id":1890,"n":"Choux Bruxelles Notre Jardin 265g","p":1.29,"u":"4,87 €/KG","img":"https://fd9-photos.leclercdrive.fr/image.ashx?id=2913654&use=l&cat=p&typeid=i","cat":312612},{"id":1895,"n":"Foie de morue Connétable MSC - Fumé - 121g","p":2.17,"u":"17,93 €/KG","img":"https://fd9-photos.leclercdrive.fr/image.ashx?id=2804454&use=l&cat=p&typeid=i","cat":305147},{"id":1897,"n":"Pâté NRT Campagne porc breton - 200g","p":1.91,"u":"9,55 €/KG","img":"https://fd9-photos.leclercdrive.fr/image.ashx?id=2560494&use=l&cat=p&typeid=i","cat":305149},{"id":1898,"n":"Cassoulet Côté Table 840g","p":2.19,"u":"2,61 €/KG","img":"https://fd9-photos.leclercdrive.fr/image.ashx?id=2977096&use=l&cat=p&typeid=i","cat":284440},{"id":1903,"n":"Saucisses cocktail Tokapi  240g","p":1.95,"u":"8,13 €/KG","img":"https://fd9-photos.leclercdrive.fr/image.ashx?id=2943614&use=l&cat=p&typeid=i","cat":284450},{"id":1906,"n":"Huile de tournesol Lesieur  1L","p":2.76,"u":"2,76 €/L","img":"https://fd9-photos.leclercdrive.fr/image.ashx?id=2916839&use=l&cat=p&typeid=i","cat":284453},{"id":1907,"n":"Vinaigre de Xérès AOP Maille 50cl","p":2.78,"u":"5,56 €/L","img":"https://fd9-photos.leclercdrive.fr/image.ashx?id=2769624&use=l&cat=p&typeid=i","cat":298543},{"id":1909,"n":"Olives vertes Rustica Entières - 200g","p":1.24,"u":"6,20 €/KG","img":"https://fd9-photos.leclercdrive.fr/image.ashx?id=2499073&use=l&cat=p&typeid=i","cat":284458},{"id":1913,"n":"Pâtes Barilla Coquillettes - 500g","p":1.04,"u":"2,08 €/KG","img":"https://fd9-photos.leclercdrive.fr/image.ashx?id=2392218&use=l&cat=p&typeid=i","cat":284427},{"id":1920,"n":"Boisson végétale Bio Bjorg Soja Douceur - 1L","p":1.9,"u":"1,90 €/L","img":"https://fd9-photos.leclercdrive.fr/image.ashx?id=2967052&use=l&cat=p&typeid=i","cat":316067},{"id":1925,"n":"Petits beurre P'tit Déli x24 - 200g","p":0.95,"u":"4,75 €/KG","img":"https://fd9-photos.leclercdrive.fr/image.ashx?id=778266&use=l&cat=p&typeid=i","cat":284487},{"id":1930,"n":"Quatre-quart P'tit Déli De Bretagne - 800g","p":4.34,"u":"5,43 €/KG","img":"https://fd9-photos.leclercdrive.fr/image.ashx?id=2911799&use=l&cat=p&typeid=i","cat":294776},{"id":1935,"n":"Café Soluble Nescafé Sélection - 200g","p":6.16,"u":"30,80 €/KG","img":"https://fd9-photos.leclercdrive.fr/image.ashx?id=2968847&use=l&cat=p&typeid=i","cat":284843},{"id":1939,"n":"Infusion Tiséa verveine menthe x25","p":0.92,"u":"23,00 €/KG","img":"https://fd9-photos.leclercdrive.fr/image.ashx?id=2441102&use=l&cat=p&typeid=i","cat":293234},{"id":1942,"n":"Chocolat en poudre Nesquik Boîte 1kg","p":6.54,"u":"6,54 €/KG","img":"https://fd9-photos.leclercdrive.fr/image.ashx?id=2493805&use=l&cat=p&typeid=i","cat":293235},{"id":1944,"n":"Miel Nid d'Abeille A tartiner - 250 g","p":1.91,"u":"7,64 €/KG","img":"https://fd9-photos.leclercdrive.fr/image.ashx?id=2696805&use=l&cat=p&typeid=i","cat":287643},{"id":1955,"n":"Farine de blé T45 Tablier Blanc 1kg","p":0.69,"u":"0,69 €/KG","img":"https://fd9-photos.leclercdrive.fr/image.ashx?id=2832622&use=l&cat=p&typeid=i","cat":284503},{"id":1956,"n":"Compote Douceur du Verger Coupelle pomme banane - 4x100g","p":1.3,"u":"3,25 €/KG","img":"https://fd9-photos.leclercdrive.fr/image.ashx?id=2663461&use=l&cat=p&typeid=i","cat":284508},{"id":1961,"n":"Tablette de chocolat Equador Noir 72% cacao 100g","p":1.39,"u":"13,90 €/KG","img":"https://fd9-photos.leclercdrive.fr/image.ashx?id=2822920&use=l&cat=p&typeid=i","cat":284956},{"id":1962,"n":"Tablette de Chocolat Blanc Galak - 2x100g","p":3.05,"u":"15,25 €/KG","img":"https://fd9-photos.leclercdrive.fr/image.ashx?id=2769618&use=l&cat=p&typeid=i","cat":284957},{"id":1975,"n":"Sirop Frucci Menthe - 75cl","p":1.85,"u":"2,47 €/L","img":"https://fd9-photos.leclercdrive.fr/image.ashx?id=2842208&use=l&cat=p&typeid=i","cat":295020},{"id":1980,"n":"Pur Jus d'ananas Jafaden Brique élopack 1L","p":2.09,"u":"2,09 €/L","img":"https://fd9-photos.leclercdrive.fr/image.ashx?id=2955683&use=l&cat=p&typeid=i","cat":284916},{"id":1984,"n":"Thé glacé Fresh Tea Pêche - 2L","p":1.64,"u":"0,82 €/L","img":"https://fd9-photos.leclercdrive.fr/image.ashx?id=2715281&use=l&cat=p&typeid=i","cat":295019},{"id":1989,"n":"Whisky Sir Edward's 40%vol - 70cl","p":12.15,"u":"17,36 €/L","img":"https://fd9-photos.leclercdrive.fr/image.ashx?id=2503371&use=l&cat=p&typeid=i","cat":284547},{"id":1990,"n":"Scotch Whisky Label 5 40%vol - 70cl","p":12.96,"u":"18,51 €/L","img":"https://fd9-photos.leclercdrive.fr/image.ashx?id=2639468&use=l&cat=p&typeid=i","cat":284547},{"id":1994,"n":"Whisky J&B Rare 40%vol - 70cl","p":15.03,"u":"21,47 €/L","img":"https://fd9-photos.leclercdrive.fr/image.ashx?id=2301028&use=l&cat=p&typeid=i","cat":284547},{"id":1995,"n":"Whisky Ballantine's Finest Blended Scotch 40% vol - 70cl","p":15.4,"pp":14.4,"u":"20,57 €/L","img":"https://fd9-photos.leclercdrive.fr/image.ashx?id=2981298&use=l&cat=p&typeid=i","cat":284547},{"id":1997,"n":"Whisky Clan Campbell Blended Scotch 40% vol - 70cl","p":14.21,"u":"20,30 €/L","img":"https://fd9-photos.leclercdrive.fr/image.ashx?id=2868365&use=l&cat=p&typeid=i","cat":284547},{"id":1998,"n":"Whiskey Irlandais Jameson  40% vol - 70cl","p":19.01,"u":"27,16 €/L","img":"https://fd9-photos.leclercdrive.fr/image.ashx?id=2866025&use=l&cat=p&typeid=i","cat":284547},{"id":2000,"n":"Pastis Duval 45%vol - 1L","p":16.75,"u":"16,75 €/L","img":"https://fd9-photos.leclercdrive.fr/image.ashx?id=2659656&use=l&cat=p&typeid=i","cat":284548},{"id":2001,"n":"Pastis Ricard Anisé 45% vol - 1L","p":19.89,"pp":18.89,"u":"18,89 €/L","img":"https://fd9-photos.leclercdrive.fr/image.ashx?id=2947820&use=l&cat=p&typeid=i","cat":284548},{"id":2002,"n":"Pastis de Marseille Vivalis 45%vol - 1L","p":17.02,"u":"17,02 €/L","img":"https://fd9-photos.leclercdrive.fr/image.ashx?id=2699639&use=l&cat=p&typeid=i","cat":284548},{"id":2003,"n":"Vodka premium Eristoff Original 37,5° - 70cl","p":12.13,"u":"17,33 €/L","img":"https://fd9-photos.leclercdrive.fr/image.ashx?id=2850734&use=l&cat=p&typeid=i","cat":284550},{"id":2006,"n":"Vodka Novotna  Pure grain 37.5%vol - 70cl","p":10.59,"u":"15,13 €/L","img":"https://fd9-photos.leclercdrive.fr/image.ashx?id=1654441&use=l&cat=p&typeid=i","cat":284550},{"id":2007,"n":"Rhum blanc Bacardi Carta Blanca 37,5° - 70cl","p":15.01,"u":"21,44 €/L","img":"https://fd9-photos.leclercdrive.fr/image.ashx?id=2833933&use=l&cat=p&typeid=i","cat":284550},{"id":2010,"n":"Rhum blanc Old Nick  40%vol - 70cl","p":10.27,"u":"14,67 €/L","img":"https://fd9-photos.leclercdrive.fr/image.ashx?id=2483747&use=l&cat=p&typeid=i","cat":284550},{"id":2012,"n":"Rhum ambré Negrita 40%vol - 1L","p":13.4,"u":"13,40 €/L","img":"https://fd9-photos.leclercdrive.fr/image.ashx?id=2519633&use=l&cat=p&typeid=i","cat":284550},{"id":2014,"n":"Cognac Hennessy v.s 40%vol 70cl","p":35.81,"u":"51,16 €/L","img":"https://fd9-photos.leclercdrive.fr/image.ashx?id=2732449&use=l&cat=p&typeid=i","cat":286032},{"id":2015,"n":"Liqueur The Original Baileys Irish Cream 17%vol - 70cl","p":11.57,"u":"16,53 €/L","img":"https://fd9-photos.leclercdrive.fr/image.ashx?id=2536059&use=l&cat=p&typeid=i","cat":286032},{"id":2019,"n":"Sucre de canne Lagoa 70cl","p":1.65,"u":"2,36 €/L","img":"https://fd9-photos.leclercdrive.fr/image.ashx?id=2966475&use=l&cat=p&typeid=i","cat":284551},{"id":2021,"n":"Apéritif Suze L'Originale 15% vol - 1L","p":9.61,"u":"9,61 €/L","img":"https://fd9-photos.leclercdrive.fr/image.ashx?id=2914462&use=l&cat=p&typeid=i","cat":284913},{"id":2025,"n":"Muscat de Rivesaltes G. d'Arria 15.5%vol - 75cl","p":4.99,"u":"6,65 €/L","img":"https://fd9-photos.leclercdrive.fr/image.ashx?id=2974744&use=l&cat=p&typeid=i","cat":284913},{"id":2028,"n":"AOP Bordeaux rouge Baron de Lestac - 75cl","p":4.16,"u":"5,55 €/L","img":"https://fd9-photos.leclercdrive.fr/image.ashx?id=2471148&use=l&cat=p&typeid=i","cat":289556},{"id":2029,"n":"AOP Bordeaux rouge Malesan - 75 cl","p":4.28,"u":"5,71 €/L","img":"https://fd9-photos.leclercdrive.fr/image.ashx?id=2917432&use=l&cat=p&typeid=i","cat":289556},{"id":2044,"n":"IGP Pays d'Oc Merlot vin rouge Vieux Carion 13% vol -75 cl","p":2.25,"u":"3,00 €/L","img":"https://fd9-photos.leclercdrive.fr/image.ashx?id=2949412&use=l&cat=p&typeid=i","cat":289556},{"id":2045,"n":"IGP Pays d'Oc vin rouge Vieux Carion 12.5% vol -75 cl","p":2.25,"u":"3,00 €/L","img":"https://fd9-photos.leclercdrive.fr/image.ashx?id=2800267&use=l&cat=p&typeid=i","cat":289556},{"id":2049,"n":"IGP Pays d'Oc Gris vin rosé Rives & Terrasses - 75cl -12,5%","p":2.89,"u":"3,85 €/L","img":"https://fd9-photos.leclercdrive.fr/image.ashx?id=2920918&use=l&cat=p&typeid=i","cat":289558},{"id":2058,"n":"IGP Pays d'Oc Sauvignon Blanc Vieux Carion 12% vol -75 cl","p":2.25,"u":"3,00 €/L","img":"https://fd9-photos.leclercdrive.fr/image.ashx?id=2879937&use=l&cat=p&typeid=i","cat":289557},{"id":2072,"n":"AOP Champagne Mumm Cordon Rouge Brut 12% vol - 75cl","p":28.9,"pp":27.9,"u":"37,20 €/L","img":"https://fd9-photos.leclercdrive.fr/image.ashx?id=3011005&use=l&cat=p&typeid=i","cat":284542},{"id":2073,"n":"AOC Champagne brut rosé Pol Carson - 75cl","p":19.95,"u":"26,60 €/L","img":"https://fd9-photos.leclercdrive.fr/image.ashx?id=2909876&use=l&cat=p&typeid=i","cat":284542},{"id":2074,"n":"AOP Champagne demi-sec blanc Pol Carson - 75cl","p":17.99,"u":"23,99 €/L","img":"https://fd9-photos.leclercdrive.fr/image.ashx?id=2909846&use=l&cat=p&typeid=i","cat":284542},{"id":2075,"n":"AOP Champagne brut Pol Carson - 75cl","p":17.99,"u":"23,99 €/L","img":"https://fd9-photos.leclercdrive.fr/image.ashx?id=2909843&use=l&cat=p&typeid=i","cat":284542},{"id":2078,"n":"Pétillant Gibus pomme Sans alcool 75cl","p":2.39,"u":"3,19 €/L","img":"https://fd9-photos.leclercdrive.fr/image.ashx?id=1887586&use=l&cat=p&typeid=i","cat":289460},{"id":2079,"n":"Cidre bouché Les Goelleries Breton doux 2%vol. - 75cl","p":2.12,"u":"2,83 €/L","img":"https://fd9-photos.leclercdrive.fr/image.ashx?id=2842190&use=l&cat=p&typeid=i","cat":334880},{"id":2082,"n":"AOP Crémant d'Alsace brut Rebmann - 75 cl","p":5.95,"u":"7,93 €/L","img":"https://fd9-photos.leclercdrive.fr/image.ashx?id=2888935&use=l&cat=p&typeid=i","cat":284545},{"id":2087,"n":"Jus de pomme pétillant Champomy L'Original Pomme - 75cl","p":2.68,"u":"3,57 €/L","img":"https://fd9-photos.leclercdrive.fr/image.ashx?id=2688683&use=l&cat=p&typeid=i","cat":289460},{"id":2090,"n":"Emmental fromage bloc Les Croisés - 500g","p":4.19,"u":"8,38 €/KG","img":"https://fd9-photos.leclercdrive.fr/image.ashx?id=1992255&use=l&cat=p&typeid=i","cat":314034},{"id":2092,"n":"Bûche de chèvre Saint-Maure LEs Croisés 25% MG - 200g","p":2.06,"u":"10,30 €/KG","img":"https://fd9-photos.leclercdrive.fr/image.ashx?id=2894719&use=l&cat=p&typeid=i","cat":314031},{"id":2095,"n":"Emmental Fromage râpé Les Croisés - 3x70g","p":1.89,"u":"9,00 €/KG","img":"https://fd9-photos.leclercdrive.fr/image.ashx?id=2849572&use=l&cat=p&typeid=i","cat":314035},{"id":2104,"n":"Mousse à la liégeoise Délisse Chocolat - 8x80g","p":2.35,"u":"3,67 €/KG","img":"https://fd9-photos.leclercdrive.fr/image.ashx?id=3009490&use=l&cat=p&typeid=i","cat":284417},{"id":2109,"n":"Matin Léger de Lactel Sans lactose 1.2% mg - 1L","p":1.83,"u":"1,83 €/L","img":"https://fd9-photos.leclercdrive.fr/image.ashx?id=2883122&use=l&cat=p&typeid=i","cat":317169},{"id":2111,"n":"Beurre Extra fin Les Croisés Doux - 82% MG - 250g","p":2.35,"u":"9,40 €/KG","img":"https://fd9-photos.leclercdrive.fr/image.ashx?id=2791224&use=l&cat=p&typeid=i","cat":284379},{"id":2112,"n":"Sauce Béchamel Bridélice 3x20cl","p":3.25,"u":"5,42 €/L","img":"https://fd9-photos.leclercdrive.fr/image.ashx?id=2888458&use=l&cat=p&typeid=i","cat":284382},{"id":2114,"n":"Saucisse sèche Saint Azay Qualité supérieure - 250g","p":2.99,"u":"11,96 €/KG","img":"https://fd9-photos.leclercdrive.fr/image.ashx?id=2859149&use=l&cat=p&typeid=i","cat":316006},{"id":2121,"n":"Carottes râpées Menu Fraîcheur  Assaisonnées - 300g","p":0.69,"u":"2,30 €/KG","img":"https://fd9-photos.leclercdrive.fr/image.ashx?id=2816552&use=l&cat=p&typeid=i","cat":333657},{"id":2125,"n":"Tagliatelle fraîche Turini 350g","p":1.19,"u":"3,40 €/KG","img":"https://fd9-photos.leclercdrive.fr/image.ashx?id=2846514&use=l&cat=p&typeid=i","cat":333682},{"id":2126,"n":"Pâte brisée Tablier Blanc Prête à dérouler - 230g","p":0.65,"u":"2,83 €/KG","img":"https://fd9-photos.leclercdrive.fr/image.ashx?id=2922385&use=l&cat=p&typeid=i","cat":333681},{"id":2128,"n":"Bâtonnets Surimi Pêche Océan MSC - x12 - 200g","p":1.38,"u":"6,90 €/KG","img":"https://fd9-photos.leclercdrive.fr/image.ashx?id=3004582&use=l&cat=p&typeid=i","cat":285189},{"id":2129,"n":"Tarama Ronde des mers  Aux oeufs de cabillaud - 100g","p":0.99,"u":"9,90 €/KG","img":"https://fd9-photos.leclercdrive.fr/image.ashx?id=2824600&use=l&cat=p&typeid=i","cat":315999},{"id":2130,"n":"Filets d'anchois Pêche Océan Huile d'olive - 50g","p":1.36,"u":"27,20 €/KG","img":"https://fd9-photos.leclercdrive.fr/image.ashx?id=1671613&use=l&cat=p&typeid=i","cat":285190},{"id":2139,"n":"Gants jetables Mamison latex T7 x10","p":1.33,"img":"https://fd9-photos.leclercdrive.fr/image.ashx?id=2742688&use=l&cat=p&typeid=i","cat":284668},{"id":2141,"n":"Crème nettoyante Clair 3en1 - 750ml","p":1.15,"u":"1,53 €/L","img":"https://fd9-photos.leclercdrive.fr/image.ashx?id=2868310&use=l&cat=p&typeid=i","cat":325357},{"id":2166,"n":"Piles Foxter AA/LR6 1,5V - x4","p":0.99,"u":"0,25 €/P","img":"https://fd9-photos.leclercdrive.fr/image.ashx?id=2162156&use=l&cat=p&typeid=i","cat":300572},{"id":2175,"n":"Sucre cristal Saint Louis Sachet 1 kg","p":2.18,"u":"2,18 €/KG","img":"https://fd9-photos.leclercdrive.fr/image.ashx?id=2624245&use=l&cat=p&typeid=i","cat":284502},{"id":2179,"n":"Barres céréales Special K  Kellogg's Chocolat - 6x21,5g","p":2.17,"u":"16,82 €/KG","img":"https://fd9-photos.leclercdrive.fr/image.ashx?id=3011113&use=l&cat=p&typeid=i","cat":285869},{"id":2185,"n":"boisson végétale soja  sans sucre bio bjorg nature 1l","p":1.64,"u":"1,64 €/L","img":"https://fd9-photos.leclercdrive.fr/image.ashx?id=2939385&use=l&cat=p&typeid=i","cat":316067},{"id":2187,"n":"Mascarpone Les Croisés - 250g","p":1.78,"u":"7,12 €/KG","img":"https://fd9-photos.leclercdrive.fr/image.ashx?id=2992507&use=l&cat=p&typeid=i","cat":314026},{"id":2192,"n":"Papier aluminium Elembal 50m","p":4.4,"img":"https://fd9-photos.leclercdrive.fr/image.ashx?id=2854201&use=l&cat=p&typeid=i","cat":334134},{"id":2193,"n":"Film étirable Elembal 2en1 20m","p":1.25,"img":"https://fd9-photos.leclercdrive.fr/image.ashx?id=2059962&use=l&cat=p&typeid=i","cat":334134},{"id":2194,"n":"Sacs congélation Elembal Moyen modèle x50","p":1.08,"img":"https://fd9-photos.leclercdrive.fr/image.ashx?id=2257205&use=l&cat=p&typeid=i","cat":334134},{"id":2195,"n":"Sacs poubelle 30L Elembal Poignées coulissantes - x20","p":2.11,"u":"0,11 €/P","img":"https://fd9-photos.leclercdrive.fr/image.ashx?id=1959157&use=l&cat=p&typeid=i","cat":285168},{"id":2199,"n":"Cassoulet La Belle Chaurienne Canard 4/4 840g","p":5.54,"u":"6,60 €/KG","img":"https://fd9-photos.leclercdrive.fr/image.ashx?id=2837340&use=l&cat=p&typeid=i","cat":284440},{"id":2200,"n":"Muffins nature Epi d'Or x4 - 250g","p":1.51,"u":"6,04 €/KG","img":"https://fd9-photos.leclercdrive.fr/image.ashx?id=2939052&use=l&cat=p&typeid=i","cat":284985},{"id":2201,"n":"Pastis 51 Anisé 45% vol - 1L","p":19.33,"u":"19,33 €/L","img":"https://fd9-photos.leclercdrive.fr/image.ashx?id=2998916&use=l&cat=p&typeid=i","cat":284548},{"id":2224,"n":"Boisson lactée Candy'UP Chocolat - 6x20cl","p":2.86,"u":"2,38 €/L","img":"https://fd9-photos.leclercdrive.fr/image.ashx?id=2485635&use=l&cat=p&typeid=i","cat":295246},{"id":2226,"n":"Lait vitaminé Viva Candia  1%MG Brique - 1L","p":1.2,"u":"1,20 €/L","img":"https://fd9-photos.leclercdrive.fr/image.ashx?id=2891505&use=l&cat=p&typeid=i","cat":317169},{"id":2228,"n":"Eau de toilette Scorpio rouge Flacon - 75ml","p":7.86,"pp":5.19,"u":"69,20 €/L","img":"https://fd9-photos.leclercdrive.fr/image.ashx?id=2329777&use=l&cat=p&typeid=i","cat":287740},{"id":2236,"n":"Sucre vanillé Vahiné 10 sachets - 75g","p":1.48,"u":"19,73 €/KG","img":"https://fd9-photos.leclercdrive.fr/image.ashx?id=2490536&use=l&cat=p&typeid=i","cat":294686},{"id":2237,"n":"Arôme Fleur d'oranger Vahiné 200ml","p":1.34,"u":"6,70 €/L","img":"https://fd9-photos.leclercdrive.fr/image.ashx?id=2983231&use=l&cat=p&typeid=i","cat":284504},{"id":2238,"n":"Arôme vanille Vahiné 200ml","p":2.77,"u":"13,85 €/L","img":"https://fd9-photos.leclercdrive.fr/image.ashx?id=2490551&use=l&cat=p&typeid=i","cat":284504},{"id":2244,"n":"Démaquillant Diadermine Yeux douceur 125 ml","p":2.22,"u":"18,50 €/L","img":"https://fd9-photos.leclercdrive.fr/image.ashx?id=2334935&use=l&cat=p&typeid=i","cat":284603},{"id":2257,"n":"Crème Hydratante Soft Nivea Visage Corps Mains - 75ml","p":1.56,"u":"22,29 €/L","img":"https://fd9-photos.leclercdrive.fr/image.ashx?id=3005215&use=l&cat=p&typeid=i","cat":325350},{"id":2276,"n":"Antiseptique Mercurochrome Incolore spray - 100ml","p":3.12,"u":"31,20 €/L","img":"https://fd9-photos.leclercdrive.fr/image.ashx?id=2662268&use=l&cat=p&typeid=i","cat":284630},{"id":2279,"n":"Eau oxygénée Mercurochrome 200ml","p":2.4,"u":"12,00 €/L","img":"https://fd9-photos.leclercdrive.fr/image.ashx?id=2663980&use=l&cat=p&typeid=i","cat":284630},{"id":2280,"n":"Compresses stériles Mercurochrome - x60","p":6.9,"u":"0,12 €/P","img":"https://fd9-photos.leclercdrive.fr/image.ashx?id=2731483&use=l&cat=p&typeid=i","cat":284630},{"id":2281,"n":"Pansements Mercurochrome Famille x50","p":3.59,"u":"0,07 €/P","img":"https://fd9-photos.leclercdrive.fr/image.ashx?id=2731471&use=l&cat=p&typeid=i","cat":284630},{"id":2282,"n":"Bandes à découper Mercurochrome 6cm x10","p":3.22,"img":"https://fd9-photos.leclercdrive.fr/image.ashx?id=2719027&use=l&cat=p&typeid=i","cat":284630},{"id":2305,"n":"Lait Démaquillant Mixa  Anti-dessèchement - 200ml","p":3.16,"u":"15,80 €/L","img":"https://fd9-photos.leclercdrive.fr/image.ashx?id=2285390&use=l&cat=p&typeid=i","cat":284603},{"id":2317,"n":"Mousse Coiffante Franck Provost Cheveux Bouclés - 200ml","p":4.8,"u":"24,00 €/L","img":"https://fd9-photos.leclercdrive.fr/image.ashx?id=2575606&use=l&cat=p&typeid=i","cat":284609},{"id":2324,"n":"Eau Micellaire vitaminée Mixa Peaux Sensibles - 200ml","p":3.15,"u":"15,75 €/L","img":"https://fd9-photos.leclercdrive.fr/image.ashx?id=2445334&use=l&cat=p&typeid=i","cat":284603},{"id":2326,"n":"Lait demi-écrémé Lactel Vitamine D Bouteille - 1l","p":1.14,"u":"1,14 €/L","img":"https://fd9-photos.leclercdrive.fr/image.ashx?id=2889421&use=l&cat=p&typeid=i","cat":284377},{"id":2331,"n":"Lait Bio demi-écrémé Lactel UHT Bouteille - 1l","p":1.44,"u":"1,44 €/L","img":"https://fd9-photos.leclercdrive.fr/image.ashx?id=2886915&use=l&cat=p&typeid=i","cat":284377},{"id":2336,"n":"Baume soin Après-Rasage Mennen Peaux Sensibles - 100ml","p":3.74,"u":"37,40 €/L","img":"https://fd9-photos.leclercdrive.fr/image.ashx?id=2517905&use=l&cat=p&typeid=i","cat":288147},{"id":2338,"n":"Lotion Après-Rasage Mennen Apaisante - 125ml","p":3.74,"u":"29,92 €/L","img":"https://fd9-photos.leclercdrive.fr/image.ashx?id=2469620&use=l&cat=p&typeid=i","cat":288147},{"id":2373,"n":"Activateur biologique Eparcyl  Liquide fosse septique - 500 ml","p":6.91,"u":"13,82 €/L","img":"https://fd9-photos.leclercdrive.fr/image.ashx?id=2144059&use=l&cat=p&typeid=i","cat":284908},{"id":2438,"n":"Eponges Spontex grattantes Stop-graisse x2","p":1.44,"u":"0,72 €/P","img":"https://fd9-photos.leclercdrive.fr/image.ashx?id=2973078&use=l&cat=p&typeid=i","cat":284667},{"id":2484,"n":"Dentifrice Signal Haleine Pure 75ml","p":1.49,"u":"19,87 €/L","img":"https://fd9-photos.leclercdrive.fr/image.ashx?id=1984459&use=l&cat=p&typeid=i","cat":284612},{"id":2505,"n":"Crème au chocolat GERLINEA   Repas minceur - 3x210g","p":4.71,"u":"7,48 €/KG","img":"https://fd9-photos.leclercdrive.fr/image.ashx?id=2653450&use=l&cat=p&typeid=i","cat":318652},{"id":2506,"n":"Coupelle crème Gerlinea Vanille caramel -  3x210g","p":3.99,"u":"6,33 €/KG","img":"https://fd9-photos.leclercdrive.fr/image.ashx?id=2653453&use=l&cat=p&typeid=i","cat":318652},{"id":2507,"n":"Crème chocolat Gerlinéa  Repas minceur  540g","p":12.08,"u":"22,37 €/KG","img":"https://fd9-photos.leclercdrive.fr/image.ashx?id=2654740&use=l&cat=p&typeid=i","cat":318652},{"id":2510,"n":"Biscuits soja figue GERBLE   - 4x4, 270g","p":1.9,"u":"7,04 €/KG","img":"https://fd9-photos.leclercdrive.fr/image.ashx?id=2812720&use=l&cat=p&typeid=i","cat":318651},{"id":2511,"n":"Biscuits diététiques Gerblé Soja Orange - 280g","p":1.47,"u":"5,25 €/KG","img":"https://fd9-photos.leclercdrive.fr/image.ashx?id=2623166&use=l&cat=p&typeid=i","cat":318651},{"id":2523,"n":"Amandes effilées Couleurs Vives 125g","p":1.99,"u":"15,92 €/KG","img":"https://fd9-photos.leclercdrive.fr/image.ashx?id=2896874&use=l&cat=p&typeid=i","cat":284504},{"id":2524,"n":"Amandes Couleurs Vives En poudre - 125g","p":1.97,"u":"15,76 €/KG","img":"https://fd9-photos.leclercdrive.fr/image.ashx?id=2896871&use=l&cat=p&typeid=i","cat":284504},{"id":2525,"n":"Cerneaux noix Couleurs Vives 125g","p":1.78,"u":"14,83 €/KG","img":"https://fd9-photos.leclercdrive.fr/image.ashx?id=2886436&use=l&cat=p&typeid=i","cat":284357},{"id":2588,"n":"Eau minérale Thonon 6x1.5L","p":2.49,"u":"0,28 €/L","img":"https://fd9-photos.leclercdrive.fr/image.ashx?id=2915557&use=l&cat=p&typeid=i","cat":284535},{"id":2613,"n":"Lait demi-écrémé UHT Délisse Bouteille - 6x1L","p":6.3,"u":"1,05 €/L","img":"https://fd9-photos.leclercdrive.fr/image.ashx?id=2970533&use=l&cat=p&typeid=i","cat":284377},{"id":2614,"n":"Lait demi-écrémé Délisse UHT Bouteille -  6x50cl","p":4.74,"u":"1,58 €/L","img":"https://fd9-photos.leclercdrive.fr/image.ashx?id=2970560&use=l&cat=p&typeid=i","cat":284377},{"id":2618,"n":"Lait chèvre demi-écrémé Lactel UHT Bouteille - 6x1L","p":15.24,"u":"2,54 €/L","img":"https://fd9-photos.leclercdrive.fr/image.ashx?id=2873961&use=l&cat=p&typeid=i","cat":295251},{"id":2619,"n":"Lait bio Bio Village Bouteille  Demi-écrémé UHT -  6x1L","p":6.48,"u":"1,08 €/L","img":"https://fd9-photos.leclercdrive.fr/image.ashx?id=2969997&use=l&cat=p&typeid=i","cat":284377},{"id":2638,"n":"Eau minérale Courmayeur 6x1.5L","p":2.72,"u":"0,30 €/L","img":"https://fd9-photos.leclercdrive.fr/image.ashx?id=2964105&use=l&cat=p&typeid=i","cat":284535},{"id":2649,"n":"Eau de source de Montagne 6x1.5L","p":1.68,"u":"0,19 €/L","img":"https://fd9-photos.leclercdrive.fr/image.ashx?id=2590430&use=l&cat=p&typeid=i","cat":284535},{"id":2650,"n":"Whisky William Lawson's Finest Blend 40° - 100cl","p":17.88,"u":"17,88 €/L","img":"https://fd9-photos.leclercdrive.fr/image.ashx?id=2966134&use=l&cat=p&typeid=i","cat":284547},{"id":2729,"n":"Pistaches grillées à sec Tokapi 300g","p":3.86,"u":"12,87 €/KG","img":"https://fd9-photos.leclercdrive.fr/image.ashx?id=2795541&use=l&cat=p&typeid=i","cat":284448},{"id":2734,"n":"Eau de source Eco+ 6x 1.5L","p":1.14,"u":"0,13 €/L","img":"https://fd9-photos.leclercdrive.fr/image.ashx?id=2859143&use=l&cat=p&typeid=i","cat":284535},{"id":2737,"n":"Eau minérale Des Alpes  6x1.5L","p":2.1,"u":"0,23 €/L","img":"https://fd9-photos.leclercdrive.fr/image.ashx?id=2768667&use=l&cat=p&typeid=i","cat":284535},{"id":2742,"n":"Eau gazeuse San Pellegrino Minérale naturelle - 6x1L","p":3.77,"u":"0,63 €/L","img":"https://fd9-photos.leclercdrive.fr/image.ashx?id=2740316&use=l&cat=p&typeid=i","cat":284536},{"id":2743,"n":"Eau gazeuse  Badoit verte finement pétillante - 6x50cl","p":2.88,"u":"0,96 €/L","img":"https://fd9-photos.leclercdrive.fr/image.ashx?id=2983081&use=l&cat=p&typeid=i","cat":284536},{"id":2749,"n":"Lait entier Délisse UHT - Bouteille : 6x1L","p":7.74,"u":"1,29 €/L","img":"https://fd9-photos.leclercdrive.fr/image.ashx?id=2970569&use=l&cat=p&typeid=i","cat":285610},{"id":2750,"n":"Lait écrémé Délisse UHT - Bouteille : 6x1L","p":5.94,"u":"0,99 €/L","img":"https://fd9-photos.leclercdrive.fr/image.ashx?id=2970578&use=l&cat=p&typeid=i","cat":284949},{"id":2755,"n":"Lait demi-écrémé Lactel Vitamine D Bouteille - 6x1l","p":7.5,"u":"1,25 €/L","img":"https://fd9-photos.leclercdrive.fr/image.ashx?id=2889424&use=l&cat=p&typeid=i","cat":284377},{"id":2758,"n":"Lait Matin Léger de Lactel Sans lactose 1.2% mg - 6x50cl","p":7.19,"u":"2,40 €/L","img":"https://fd9-photos.leclercdrive.fr/image.ashx?id=2883564&use=l&cat=p&typeid=i","cat":317169},{"id":2759,"n":"Lait Matin Léger de Lactel Sans lactose 1.2% mg - 6x1L","p":10.16,"u":"1,69 €/L","img":"https://fd9-photos.leclercdrive.fr/image.ashx?id=2883125&use=l&cat=p&typeid=i","cat":317169},{"id":2760,"n":"Lait vitaminé Viva Candia  1%MG Brique - 6x1L","p":7.19,"u":"1,20 €/L","img":"https://fd9-photos.leclercdrive.fr/image.ashx?id=2891511&use=l&cat=p&typeid=i","cat":317169},{"id":2776,"n":"Crème Mains Réparatrice Mixa Mains abîmées - 100ml","p":2.39,"u":"23,90 €/L","img":"https://fd9-photos.leclercdrive.fr/image.ashx?id=2276024&use=l&cat=p&typeid=i","cat":325354},{"id":2779,"n":"Whisky William Lawson's Finest Blend 40° - 70cl","p":13.12,"u":"18,74 €/L","img":"https://fd9-photos.leclercdrive.fr/image.ashx?id=2848340&use=l&cat=p&typeid=i","cat":284547},{"id":2799,"n":"Fromage frais Délisse Fruits panachés - 24x50g","p":2.88,"u":"2,40 €/KG","img":"https://fd9-photos.leclercdrive.fr/image.ashx?id=2922494&use=l&cat=p&typeid=i","cat":284414},{"id":2813,"n":"Pizza Chèvre Turini Cuite au feu de bois - 420g","p":2.21,"u":"5,26 €/KG","img":"https://fd9-photos.leclercdrive.fr/image.ashx?id=2815214&use=l&cat=p&typeid=i","cat":284256},{"id":2814,"n":"Pizza 4 fromages Turini Cuite au feu de bois - 420g","p":2.23,"u":"5,31 €/KG","img":"https://fd9-photos.leclercdrive.fr/image.ashx?id=2815211&use=l&cat=p&typeid=i","cat":284256},{"id":2823,"n":"Carottes en lamelles Lunor 500g","p":1.49,"u":"0,30 €/L","img":"https://fd9-photos.leclercdrive.fr/image.ashx?id=2223286&use=l&cat=p&typeid=i","cat":284352},{"id":2825,"n":"Lentilles précuites Lunor 500g","p":1.95,"u":"3,90 €/KG","img":"https://fd9-photos.leclercdrive.fr/image.ashx?id=2197660&use=l&cat=p&typeid=i","cat":284352},{"id":2868,"n":"Légumes pour pot au feu  1kg","p":3.49,"u":"3,49 €/KG","img":"https://fd9-photos.leclercdrive.fr/image.ashx?id=615314&use=l&cat=p&typeid=i","cat":284352},{"id":2883,"n":"Tarte aux fraises 6 parts 1p","p":13.9,"img":"https://fd9-photos.leclercdrive.fr/image.ashx?id=557986&use=l&cat=p&typeid=i","cat":284360},{"id":2896,"n":"Endive Sachet 1kg","p":3.49,"u":"3,49 €/KG","img":"https://fd9-photos.leclercdrive.fr/image.ashx?id=558004&use=l&cat=p&typeid=i","cat":284352},{"id":2902,"n":"Botte de radis rose  1p","p":1.29,"img":"https://fd9-photos.leclercdrive.fr/image.ashx?id=558013&use=l&cat=p&typeid=i","cat":284352},{"id":2929,"n":"Biscuits raisins GERBLE   - 4x4, 270g","p":1.72,"u":"6,37 €/KG","img":"https://fd9-photos.leclercdrive.fr/image.ashx?id=2662298&use=l&cat=p&typeid=i","cat":318651},{"id":2930,"n":"Biscuits pomme noisette GERBLE   4x4 - 230g","p":1.44,"u":"6,26 €/KG","img":"https://fd9-photos.leclercdrive.fr/image.ashx?id=2967753&use=l&cat=p&typeid=i","cat":318651},{"id":2932,"n":"Biscuit miel sésame GERBLE  - 6x3,  162g","p":2.23,"u":"13,77 €/KG","img":"https://fd9-photos.leclercdrive.fr/image.ashx?id=2662277&use=l&cat=p&typeid=i","cat":318651},{"id":2933,"n":"Germe de blé Gerblé 250g","p":1.98,"u":"7,92 €/KG","img":"https://fd9-photos.leclercdrive.fr/image.ashx?id=2575060&use=l&cat=p&typeid=i","cat":288382},{"id":2934,"n":"Barres Amande GERBLE   - 6 sachets 150g","p":2.32,"u":"15,47 €/KG","img":"https://fd9-photos.leclercdrive.fr/image.ashx?id=2664088&use=l&cat=p&typeid=i","cat":318652},{"id":2935,"n":"Biscuits écorce confite GERBLE   - 4x5,  360g","p":1.51,"u":"4,19 €/KG","img":"https://fd9-photos.leclercdrive.fr/image.ashx?id=2662907&use=l&cat=p&typeid=i","cat":318651},{"id":2937,"n":"Biscuits goûter chocolat GERBLE  - 3x4,  250g","p":1.62,"u":"6,48 €/KG","img":"https://fd9-photos.leclercdrive.fr/image.ashx?id=2625181&use=l&cat=p&typeid=i","cat":318651},{"id":2938,"n":"Biscuits germe de blé GERBLE   - 5x5, 210g","p":1.27,"u":"6,05 €/KG","img":"https://fd9-photos.leclercdrive.fr/image.ashx?id=2573540&use=l&cat=p&typeid=i","cat":318651},{"id":2939,"n":"Galette bio Céréal Bio  Sarrasin Emmental x2 - 200g","p":2.1,"u":"10,50 €/KG","img":"https://fd9-photos.leclercdrive.fr/image.ashx?id=2590589&use=l&cat=p&typeid=i","cat":284953},{"id":2948,"n":"Repas minceur  Gerlinéa Pépites Chocolat -  372g","p":7.19,"u":"19,33 €/KG","img":"https://fd9-photos.leclercdrive.fr/image.ashx?id=2654776&use=l&cat=p&typeid=i","cat":318652},{"id":2950,"n":"Biscuits lait chocolat GERBLE   - 5x4, 230g","p":1.63,"u":"7,09 €/KG","img":"https://fd9-photos.leclercdrive.fr/image.ashx?id=2575030&use=l&cat=p&typeid=i","cat":318651},{"id":2951,"n":"Biscuit chocolat GERLINEA  Encas minceur - 4x4, 200g","p":2.06,"u":"10,30 €/KG","img":"https://fd9-photos.leclercdrive.fr/image.ashx?id=2654770&use=l&cat=p&typeid=i","cat":318652},{"id":2953,"n":"Barre pomme framboise GERLINEA  Repas équilibré -  x 8, 360g","p":5.21,"u":"14,47 €/KG","img":"https://fd9-photos.leclercdrive.fr/image.ashx?id=2654764&use=l&cat=p&typeid=i","cat":318652},{"id":2969,"n":"Sticks et bretzels Tokapi 300g","p":1.2,"u":"4,00 €/KG","img":"https://fd9-photos.leclercdrive.fr/image.ashx?id=2431104&use=l&cat=p&typeid=i","cat":297000},{"id":2971,"n":"Chips ondulées Pom'Lisse  Nature - 150g","p":0.93,"u":"6,20 €/KG","img":"https://fd9-photos.leclercdrive.fr/image.ashx?id=2657196&use=l&cat=p&typeid=i","cat":284447},{"id":2973,"n":"Chips Pom'Lisse Barbecue - 135g","p":0.89,"u":"6,59 €/KG","img":"https://fd9-photos.leclercdrive.fr/image.ashx?id=2774046&use=l&cat=p&typeid=i","cat":284447},{"id":2988,"n":"Dessert fruits mixés Sojasun Framboise / Passion - 4x100g","p":1.79,"u":"4,48 €/KG","img":"https://fd9-photos.leclercdrive.fr/image.ashx?id=2355671&use=l&cat=p&typeid=i","cat":316071},{"id":3000,"n":"Oeufs frais plein air Bio Bio Village - x6","p":2.09,"u":"0,35 €/P","img":"https://fd9-photos.leclercdrive.fr/image.ashx?id=1520951&use=l&cat=p&typeid=i","cat":284378},{"id":3012,"n":"Sauce Fajitas Tables du Monde 430g","p":1.97,"u":"4,58 €/KG","img":"https://fd9-photos.leclercdrive.fr/image.ashx?id=2470228&use=l&cat=p&typeid=i","cat":288993},{"id":3013,"n":"Pain de mie 7 céréales Epi d'Or Grandes tranches - 550g","p":1.19,"u":"2,16 €/KG","img":"https://fd9-photos.leclercdrive.fr/image.ashx?id=1959532&use=l&cat=p&typeid=i","cat":284477},{"id":3028,"n":"Brioche tranchée Epi d'Or Pépites de chocolat 500g","p":2.09,"u":"4,18 €/KG","img":"https://fd9-photos.leclercdrive.fr/image.ashx?id=2867901&use=l&cat=p&typeid=i","cat":284478},{"id":3034,"n":"Fromage Parmesan Parmareggio 60g","p":1.54,"u":"25,67 €/KG","img":"https://fd9-photos.leclercdrive.fr/image.ashx?id=2975458&use=l&cat=p&typeid=i","cat":314035},{"id":3040,"n":"Beurre moulé bio Bio Village Doux - 82% MG - 250g","p":2.99,"u":"11,96 €/KG","img":"https://fd9-photos.leclercdrive.fr/image.ashx?id=2437052&use=l&cat=p&typeid=i","cat":284379},{"id":3041,"n":"Beurre moulé bio Bio Village Demi-sel - 80% MG - 250g","p":2.99,"u":"11,96 €/KG","img":"https://fd9-photos.leclercdrive.fr/image.ashx?id=2437055&use=l&cat=p&typeid=i","cat":284379},{"id":3052,"n":"Dentifrice Menthe Fluoryl Gencives Sensibles - 75ml","p":2.06,"u":"27,47 €/L","img":"https://fd9-photos.leclercdrive.fr/image.ashx?id=2473312&use=l&cat=p&typeid=i","cat":284612},{"id":3055,"n":"Gel à raser féminin Siliss Velours abricot - 200ml","p":1.69,"u":"8,45 €/L","img":"https://fd9-photos.leclercdrive.fr/image.ashx?id=2699408&use=l&cat=p&typeid=i","cat":325352},{"id":3070,"n":"Serviette hygiénique Doulys Ultra - Normal+  - x14","p":1.29,"u":"0,09 €/P","img":"https://fd9-photos.leclercdrive.fr/image.ashx?id=2838915&use=l&cat=p&typeid=i","cat":284624},{"id":3072,"n":"Serviette hygiénique Doulys Maxi confort - Super - x16","p":1.45,"u":"0,09 €/P","img":"https://fd9-photos.leclercdrive.fr/image.ashx?id=2838912&use=l&cat=p&typeid=i","cat":284624},{"id":3089,"n":"Sauce Béchamel Elle&Vire au Lait Entier - 33cl","p":2.07,"u":"6,27 €/L","img":"https://fd9-photos.leclercdrive.fr/image.ashx?id=2835992&use=l&cat=p&typeid=i","cat":284382},{"id":3091,"n":"Cordons bleus Maître coq Poulet - 1kg","p":8.99,"u":"8,99 €/KG","img":"https://fd9-photos.leclercdrive.fr/image.ashx?id=2762103&use=l&cat=p&typeid=i","cat":333683},{"id":3093,"n":"Cake fruits P'tit déli Tranché 300g","p":1.66,"u":"5,53 €/KG","img":"https://fd9-photos.leclercdrive.fr/image.ashx?id=2823078&use=l&cat=p&typeid=i","cat":284493},{"id":3099,"n":"Mini cakes P'tit Déli  aux fruits x10","p":2.98,"u":"9,93 €/KG","img":"https://fd9-photos.leclercdrive.fr/image.ashx?id=2047019&use=l&cat=p&typeid=i","cat":284493},{"id":3100,"n":"Biscuits génoises Pim's LU Framboise - 150g","p":1.53,"u":"10,20 €/KG","img":"https://fd9-photos.leclercdrive.fr/image.ashx?id=2941877&use=l&cat=p&typeid=i","cat":284489},{"id":3101,"n":"Biscuits fourrés Chamonix LU Orange - 250g","p":1.54,"u":"6,16 €/KG","img":"https://fd9-photos.leclercdrive.fr/image.ashx?id=2982982&use=l&cat=p&typeid=i","cat":284489},{"id":3104,"n":"Sablés P'tit Déli Fourrés Figue x16 - 165g","p":1.09,"u":"6,61 €/KG","img":"https://fd9-photos.leclercdrive.fr/image.ashx?id=2568933&use=l&cat=p&typeid=i","cat":284489},{"id":3106,"n":"Biscuits Cookies P'tit Déli Noix coco Chocolat - 200g","p":1.39,"u":"6,95 €/KG","img":"https://fd9-photos.leclercdrive.fr/image.ashx?id=2896853&use=l&cat=p&typeid=i","cat":325066},{"id":3107,"n":"Biscuits petit beurre LU Pocket - 300g","p":2.09,"u":"6,97 €/KG","img":"https://fd9-photos.leclercdrive.fr/image.ashx?id=3001940&use=l&cat=p&typeid=i","cat":284487},{"id":3108,"n":"Biscuits petit déjeuner Prince Céréales - 300g","p":1.95,"u":"6,50 €/KG","img":"https://fd9-photos.leclercdrive.fr/image.ashx?id=2346648&use=l&cat=p&typeid=i","cat":284491},{"id":3142,"n":"Café et Chicorée Soluble Ricoré  Original - 100g","p":2.89,"u":"28,90 €/KG","img":"https://fd9-photos.leclercdrive.fr/image.ashx?id=2951542&use=l&cat=p&typeid=i","cat":284843},{"id":3147,"n":"Madeleines P'tit déli coquilles 500g","p":1.7,"u":"3,40 €/KG","img":"https://fd9-photos.leclercdrive.fr/image.ashx?id=2999484&use=l&cat=p&typeid=i","cat":284492},{"id":3148,"n":"Madeleines longues P'tit déli Marbrées chocolat 250g","p":1.45,"u":"5,80 €/KG","img":"https://fd9-photos.leclercdrive.fr/image.ashx?id=2999490&use=l&cat=p&typeid=i","cat":284492},{"id":3151,"n":"Café moulu Plantation  Tradition - 250g","p":2.52,"u":"10,08 €/KG","img":"https://fd9-photos.leclercdrive.fr/image.ashx?id=2607401&use=l&cat=p&typeid=i","cat":284750},{"id":3152,"n":"Café Plantation  Kenya - 250g","p":3.92,"u":"15,68 €/KG","img":"https://fd9-photos.leclercdrive.fr/image.ashx?id=2607431&use=l&cat=p&typeid=i","cat":284750},{"id":3153,"n":"Café moulu Plantation  Tradition décaféiné - 250g","p":2.95,"u":"11,80 €/KG","img":"https://fd9-photos.leclercdrive.fr/image.ashx?id=2607407&use=l&cat=p&typeid=i","cat":284750},{"id":3166,"n":"Dessert fruitier pomme Douceur du Verger 16x100g","p":2.8,"u":"1,75 €/KG","img":"https://fd9-photos.leclercdrive.fr/image.ashx?id=3009776&use=l&cat=p&typeid=i","cat":284416},{"id":3169,"n":"Tortellini iTurini Ricotta épinard - 300g","p":1.48,"u":"4,93 €/KG","img":"https://fd9-photos.leclercdrive.fr/image.ashx?id=2869266&use=l&cat=p&typeid=i","cat":333682},{"id":3171,"n":"Tortellini Turini Jambon cru - 250g","p":1.96,"u":"7,84 €/KG","img":"https://fd9-photos.leclercdrive.fr/image.ashx?id=2778039&use=l&cat=p&typeid=i","cat":333682},{"id":3186,"n":"Liquide vaisselle Visior citron 1,5L","p":2.15,"u":"1,43 €/L","img":"https://fd9-photos.leclercdrive.fr/image.ashx?id=2930852&use=l&cat=p&typeid=i","cat":284655},{"id":3192,"n":"Détachant sans javel Textil 2L","p":3.19,"u":"1,60 €/L","img":"https://fd9-photos.leclercdrive.fr/image.ashx?id=2988036&use=l&cat=p&typeid=i","cat":284651},{"id":3193,"n":"Aérosol désodorisant Oust Fraîcheur propre 300ml","p":2.09,"u":"6,97 €/L","img":"https://fd9-photos.leclercdrive.fr/image.ashx?id=1715230&use=l&cat=p&typeid=i","cat":311626},{"id":3200,"n":"Petits pains grillés Epi d'Or  Froment - 225g","p":0.79,"u":"3,51 €/KG","img":"https://fd9-photos.leclercdrive.fr/image.ashx?id=2496410&use=l&cat=p&typeid=i","cat":284479},{"id":3208,"n":"Confiture Allégée aux Fraises Andros - 350g","p":1.72,"u":"4,91 €/KG","img":"https://fd9-photos.leclercdrive.fr/image.ashx?id=2911229&use=l&cat=p&typeid=i","cat":284480},{"id":3212,"n":"Farine pour pain Francine Multi-céréales - 1,5kg","p":2.59,"u":"1,73 €/KG","img":"https://fd9-photos.leclercdrive.fr/image.ashx?id=2220611&use=l&cat=p&typeid=i","cat":284503},{"id":3215,"n":"Riz long Comptoir du Grain Etuvé - 1kg","p":1.72,"u":"1,72 €/KG","img":"https://fd9-photos.leclercdrive.fr/image.ashx?id=2076640&use=l&cat=p&typeid=i","cat":284428},{"id":3217,"n":"Riz Basmati Comptoir du Grain Sélection Riz long - 500g","p":1.35,"u":"2,70 €/KG","img":"https://fd9-photos.leclercdrive.fr/image.ashx?id=2076643&use=l&cat=p&typeid=i","cat":284428},{"id":3220,"n":"Céréales Tipiak - Blé Maïs Soja Prêt en 4 min - 400g","p":1.58,"u":"3,95 €/KG","img":"https://fd9-photos.leclercdrive.fr/image.ashx?id=2989144&use=l&cat=p&typeid=i","cat":284429},{"id":3221,"n":"Purée pomme de terre Pom'lisse Nature - 8x125g - 1kg","p":3.19,"u":"3,19 €/KG","img":"https://fd9-photos.leclercdrive.fr/image.ashx?id=2954573&use=l&cat=p&typeid=i","cat":284431},{"id":3223,"n":"Pâtes capellini Panzani 500g","p":1.17,"u":"2,34 €/KG","img":"https://fd9-photos.leclercdrive.fr/image.ashx?id=2876038&use=l&cat=p&typeid=i","cat":284427},{"id":3225,"n":"Pâtes Lasagnes Panzani - 500G","p":1.87,"u":"3,74 €/KG","img":"https://fd9-photos.leclercdrive.fr/image.ashx?id=2896105&use=l&cat=p&typeid=i","cat":284427},{"id":3226,"n":"Pâtes cannelloni Panzani  A farcir - 250g","p":1.21,"u":"4,84 €/KG","img":"https://fd9-photos.leclercdrive.fr/image.ashx?id=2896108&use=l&cat=p&typeid=i","cat":284427},{"id":3233,"n":"Haricots verts Notre Jardin Extra fins - 220g","p":1.89,"u":"8,59 €/KG","img":"https://fd9-photos.leclercdrive.fr/image.ashx?id=2050621&use=l&cat=p&typeid=i","cat":312606},{"id":3239,"n":"Biscuit Petit beurre P'tit Déli Tablette chocolat noir - 150g","p":1.37,"u":"9,13 €/KG","img":"https://fd9-photos.leclercdrive.fr/image.ashx?id=2949170&use=l&cat=p&typeid=i","cat":284488},{"id":3240,"n":"Biscuit Petit beurre P'tit Déli Tablette lait noisette - 150g","p":1.61,"u":"10,73 €/KG","img":"https://fd9-photos.leclercdrive.fr/image.ashx?id=2523673&use=l&cat=p&typeid=i","cat":284488},{"id":3253,"n":"Escargots Maître Coquille De Bourgogne x48 - 355g","p":12.99,"u":"36,59 €/KG","img":"https://fd9-photos.leclercdrive.fr/image.ashx?id=1979671&use=l&cat=p&typeid=i","cat":319775},{"id":3255,"n":"Bûche glacée Eskiss Fruits exotiques - 570g","p":3.85,"u":"6,75 €/KG","img":"https://fd9-photos.leclercdrive.fr/image.ashx?id=2209846&use=l&cat=p&typeid=i","cat":284266},{"id":3256,"n":"Bûche glacée Eskiss Crème brulée - 527g","p":3.81,"u":"7,23 €/KG","img":"https://fd9-photos.leclercdrive.fr/image.ashx?id=2791257&use=l&cat=p&typeid=i","cat":284266},{"id":3257,"n":"Bûche glacée Eskiss 3 chocolats - 536g","p":3.49,"u":"6,51 €/KG","img":"https://fd9-photos.leclercdrive.fr/image.ashx?id=2791254&use=l&cat=p&typeid=i","cat":284266},{"id":3258,"n":"Champignons Paris Notre Jardin Pieds et morceaux - 460g","p":2.29,"u":"4,98 €/KG","img":"https://fd9-photos.leclercdrive.fr/image.ashx?id=2553893&use=l&cat=p&typeid=i","cat":312610},{"id":3260,"n":"Noix de Saint Jacques NRT de la baie de St-Brieuc - 300g","p":14.99,"u":"49,97 €/KG","img":"https://fd9-photos.leclercdrive.fr/image.ashx?id=2801064&use=l&cat=p&typeid=i","cat":319787},{"id":3262,"n":"Carottes Notre Jardin Extra-fines - 530g","p":1.69,"u":"3,19 €/KG","img":"https://fd9-photos.leclercdrive.fr/image.ashx?id=1993550&use=l&cat=p&typeid=i","cat":312607},{"id":3263,"n":"Champignons Paris Notre Jardin Entiers - 460g","p":2.69,"u":"5,85 €/KG","img":"https://fd9-photos.leclercdrive.fr/image.ashx?id=2553887&use=l&cat=p&typeid=i","cat":312610},{"id":3269,"n":"Coeurs de palmiers Notre Jardin Extra tendres - 220g","p":2.27,"u":"10,32 €/KG","img":"https://fd9-photos.leclercdrive.fr/image.ashx?id=2072701&use=l&cat=p&typeid=i","cat":312611},{"id":3271,"n":"Maïs Notre Jardin Tendre - 3x140g","p":1.89,"u":"4,50 €/KG","img":"https://fd9-photos.leclercdrive.fr/image.ashx?id=2074653&use=l&cat=p&typeid=i","cat":312611},{"id":3272,"n":"Asperges blanches grosses Notre Jardin - 320g","p":3.49,"u":"10,91 €/KG","img":"https://fd9-photos.leclercdrive.fr/image.ashx?id=2049016&use=l&cat=p&typeid=i","cat":312611},{"id":3277,"n":"Chips à l'ancienne Pom'lisse Nature - 6x30g","p":1.58,"u":"8,78 €/KG","img":"https://fd9-photos.leclercdrive.fr/image.ashx?id=2657193&use=l&cat=p&typeid=i","cat":284447},{"id":3282,"n":"Moutarde Amora Mi-forte - 230g Divers coloris","p":1.84,"u":"8,00 €/KG","img":"https://fd9-photos.leclercdrive.fr/image.ashx?id=2504473&use=l&cat=p&typeid=i","cat":288850},{"id":3285,"n":"Vinaigre balsamique Rustica 50cl","p":1.57,"u":"3,14 €/L","img":"https://fd9-photos.leclercdrive.fr/image.ashx?id=2765701&use=l&cat=p&typeid=i","cat":298543},{"id":3292,"n":"Tomates pelées Notre Jardin Entières - 238g","p":0.85,"u":"3,57 €/KG","img":"https://fd9-photos.leclercdrive.fr/image.ashx?id=2190002&use=l&cat=p&typeid=i","cat":312608},{"id":3305,"n":"Sauce Provençale Turini 420g","p":0.97,"u":"2,31 €/KG","img":"https://fd9-photos.leclercdrive.fr/image.ashx?id=2047010&use=l&cat=p&typeid=i","cat":287599},{"id":3307,"n":"Cidre bouché Les Goelleries Normand brut 5.5%vol. - 75cl","p":1.79,"u":"2,39 €/L","img":"https://fd9-photos.leclercdrive.fr/image.ashx?id=2842196&use=l&cat=p&typeid=i","cat":334880},{"id":3308,"n":"Pur jus de carotte Jafaden - 1L","p":2.29,"u":"2,29 €/L","img":"https://fd9-photos.leclercdrive.fr/image.ashx?id=2860712&use=l&cat=p&typeid=i","cat":284523},{"id":3310,"n":"Pur jus de pomme Bio Village Bio - 1L","p":1.49,"u":"1,49 €/L","img":"https://fd9-photos.leclercdrive.fr/image.ashx?id=2901527&use=l&cat=p&typeid=i","cat":284522},{"id":3311,"n":"Thé glacé Fresh Tea Pêche - 1,5L","p":1.25,"u":"0,83 €/L","img":"https://fd9-photos.leclercdrive.fr/image.ashx?id=2622242&use=l&cat=p&typeid=i","cat":295019},{"id":3316,"n":"Sirop Frucci Grenadine - 1L","p":2.76,"u":"2,76 €/L","img":"https://fd9-photos.leclercdrive.fr/image.ashx?id=2954073&use=l&cat=p&typeid=i","cat":295020},{"id":3338,"n":"Protège-slips Doulys Mince - Plié - x30","p":1.25,"u":"0,04 €/P","img":"https://fd9-photos.leclercdrive.fr/image.ashx?id=2824129&use=l&cat=p&typeid=i","cat":284625},{"id":3343,"n":"Vodka Poliakov 37.5%vol - 70cl","p":11.08,"u":"15,83 €/L","img":"https://fd9-photos.leclercdrive.fr/image.ashx?id=2810759&use=l&cat=p&typeid=i","cat":284550},{"id":3344,"n":"Nectar Jafaden Banane - 1L","p":2.09,"u":"2,09 €/L","img":"https://fd9-photos.leclercdrive.fr/image.ashx?id=2955701&use=l&cat=p&typeid=i","cat":284915},{"id":3355,"n":"World Mix Haribo Sachet bonbons - 500g","p":3.26,"u":"6,52 €/KG","img":"https://fd9-photos.leclercdrive.fr/image.ashx?id=2805207&use=l&cat=p&typeid=i","cat":304250},{"id":3356,"n":"Banan's Haribo Sachet bonbons - 300g","p":1.67,"u":"5,57 €/KG","img":"https://fd9-photos.leclercdrive.fr/image.ashx?id=1739936&use=l&cat=p&typeid=i","cat":304250},{"id":3359,"n":"Compote Andros Pomme 750g","p":1.56,"u":"2,08 €/KG","img":"https://fd9-photos.leclercdrive.fr/image.ashx?id=2327716&use=l&cat=p&typeid=i","cat":284508},{"id":3361,"n":"Pâtée chats Gourmet gold Mousselines 4x85g","p":2.02,"u":"5,94 €/KG","img":"https://fd9-photos.leclercdrive.fr/image.ashx?id=2711103&use=l&cat=p&typeid=i","cat":285286},{"id":3364,"n":"Huile de douche Manava Bien être oriental 250ml","p":1.16,"u":"4,64 €/L","img":"https://fd9-photos.leclercdrive.fr/image.ashx?id=2809659&use=l&cat=p&typeid=i","cat":284594},{"id":3365,"n":"Gel douche et shampooing Carré Homme Dynamisante - 250ml","p":1.15,"u":"4,60 €/L","img":"https://fd9-photos.leclercdrive.fr/image.ashx?id=2910329&use=l&cat=p&typeid=i","cat":284619},{"id":3371,"n":"Kit Fajitas Tables du Monde 505g","p":2.79,"u":"5,52 €/KG","img":"https://fd9-photos.leclercdrive.fr/image.ashx?id=2679726&use=l&cat=p&typeid=i","cat":288993},{"id":3372,"n":"Terrines Tous Mes Amis Pour chats  3 saveurs - 3x400g","p":3.29,"u":"2,74 €/KG","img":"https://fd9-photos.leclercdrive.fr/image.ashx?id=559162&use=l&cat=p&typeid=i","cat":285601},{"id":3373,"n":"Tortillas Tables du Monde Galettes de blé x8 320g","p":1.71,"u":"5,34 €/KG","img":"https://fd9-photos.leclercdrive.fr/image.ashx?id=2679729&use=l&cat=p&typeid=i","cat":288993},{"id":3375,"n":"Lingettes bébé Mots d'Enfants Toilettes fruits rouges - x60","p":1.7,"u":"0,03 €/P","img":"https://fd9-photos.leclercdrive.fr/image.ashx?id=2856465&use=l&cat=p&typeid=i","cat":284738},{"id":3376,"n":"Café moulu Bio Village Bio  Pérou - 250g","p":4.21,"u":"16,84 €/KG","img":"https://fd9-photos.leclercdrive.fr/image.ashx?id=2552436&use=l&cat=p&typeid=i","cat":284750},{"id":3393,"n":"Dentifrice Protection Signal Caries 100ml","p":1.26,"u":"12,60 €/L","img":"https://fd9-photos.leclercdrive.fr/image.ashx?id=2961810&use=l&cat=p&typeid=i","cat":284612},{"id":3395,"n":"Dentifrice Dentamyl Aux plantes 75ml","p":0.94,"u":"12,53 €/L","img":"https://fd9-photos.leclercdrive.fr/image.ashx?id=2489104&use=l&cat=p&typeid=i","cat":284612},{"id":3396,"n":"Dentifrice Dentamyl Haleine fraîche 75ml","p":0.76,"u":"10,13 €/L","img":"https://fd9-photos.leclercdrive.fr/image.ashx?id=2489101&use=l&cat=p&typeid=i","cat":284612},{"id":3401,"n":"Serviette hygiénique Doulys Maxi - Spécial nuit - x12","p":0.95,"u":"0,08 €/P","img":"https://fd9-photos.leclercdrive.fr/image.ashx?id=2838927&use=l&cat=p&typeid=i","cat":284624},{"id":3413,"n":"Asperges blanches Notre Jardin Pointes - 110g","p":2.35,"u":"21,36 €/KG","img":"https://fd9-photos.leclercdrive.fr/image.ashx?id=2049022&use=l&cat=p&typeid=i","cat":312611},{"id":3414,"n":"Asperges vertes Moyennes Notre Jardin - 185g PNE","p":2.08,"u":"11,24 €/KG","img":"https://fd9-photos.leclercdrive.fr/image.ashx?id=2049025&use=l&cat=p&typeid=i","cat":312611},{"id":3416,"n":"Ratatouille Notre Jardin A la provençale - 750g","p":1.29,"u":"1,72 €/KG","img":"https://fd9-photos.leclercdrive.fr/image.ashx?id=2526291&use=l&cat=p&typeid=i","cat":312612},{"id":3424,"n":"Plat moussaka Côté table 850g","p":4.63,"u":"5,45 €/KG","img":"https://fd9-photos.leclercdrive.fr/image.ashx?id=2045175&use=l&cat=p&typeid=i","cat":284254},{"id":3428,"n":"Feuilletés paniers Côté Table St Jacques Fruits de mer 4x100g","p":4.45,"u":"11,13 €/KG","img":"https://fd9-photos.leclercdrive.fr/image.ashx?id=2549379&use=l&cat=p&typeid=i","cat":319776},{"id":3429,"n":"Lasagnes bolognaises Côté table 1kg","p":3.49,"u":"3,49 €/KG","img":"https://fd9-photos.leclercdrive.fr/image.ashx?id=2545628&use=l&cat=p&typeid=i","cat":284254},{"id":3441,"n":"AOP Freixenet Cava Cordon Negro Brut - 75cl","p":5.7,"u":"7,60 €/L","img":"https://fd9-photos.leclercdrive.fr/image.ashx?id=3011929&use=l&cat=p&typeid=i","cat":289461},{"id":3455,"n":"Saumon et torsades Côté Table  Sauce à l'oseille - 300g","p":2.59,"u":"8,63 €/KG","img":"https://fd9-photos.leclercdrive.fr/image.ashx?id=2809075&use=l&cat=p&typeid=i","cat":284953},{"id":3462,"n":"Pain précuit Epi d'Or Demi-baguette x2 - 300g","p":0.65,"u":"2,17 €/KG","img":"https://fd9-photos.leclercdrive.fr/image.ashx?id=2684814&use=l&cat=p&typeid=i","cat":325069},{"id":3476,"n":"Petits pots Hipp Bio risotto Dès 8 mois légumes 2x190g","p":2.43,"u":"6,39 €/KG","img":"https://fd9-photos.leclercdrive.fr/image.ashx?id=2924659&use=l&cat=p&typeid=i","cat":312236},{"id":3517,"n":"Bonbons Haribo Réglisse Carensac - 250g","p":1.95,"u":"7,80 €/KG","img":"https://fd9-photos.leclercdrive.fr/image.ashx?id=2982405&use=l&cat=p&typeid=i","cat":304250},{"id":3520,"n":"Boîtes chiens Lydog Terrines Viande volaille - 4x405g","p":3.47,"u":"2,14 €/KG","img":"https://fd9-photos.leclercdrive.fr/image.ashx?id=2815746&use=l&cat=p&typeid=i","cat":288578},{"id":3525,"n":"Crêpes fourrées P'tit déli Chocolat x8 - 256g","p":1.65,"u":"6,45 €/KG","img":"https://fd9-photos.leclercdrive.fr/image.ashx?id=2656335&use=l&cat=p&typeid=i","cat":284494},{"id":3528,"n":"Gel arnica Mercurochrome 75ml","p":2.84,"u":"37,87 €/L","img":"https://fd9-photos.leclercdrive.fr/image.ashx?id=2663989&use=l&cat=p&typeid=i","cat":284630},{"id":3549,"n":"IGP Pays d'Oc rosé J.P. Chenet 12.5% vol - 75cl","p":3.24,"u":"4,32 €/L","img":"https://fd9-photos.leclercdrive.fr/image.ashx?id=2985108&use=l&cat=p&typeid=i","cat":289558},{"id":3550,"n":"AOP Côtes de Provence rosé Billette Bouquet - 75cl","p":6.22,"u":"8,29 €/L","img":"https://fd9-photos.leclercdrive.fr/image.ashx?id=2625433&use=l&cat=p&typeid=i","cat":289558},{"id":3553,"n":"Whisky Chivas Regal 12 ans Blended Scotch 40% vol - 70cl","p":28.9,"pp":26.01,"u":"37,16 €/L","img":"https://fd9-photos.leclercdrive.fr/image.ashx?id=2914444&use=l&cat=p&typeid=i","cat":284547},{"id":3558,"n":"IGP Pays d'Oc rouge J-P Chenet Cabernet-Syrah 13% vol - 75 cl","p":3.23,"u":"4,31 €/L","img":"https://fd9-photos.leclercdrive.fr/image.ashx?id=2810864&use=l&cat=p&typeid=i","cat":289556},{"id":3559,"n":"IGP Pays d'Oc rouge J-P Chenet Merlot HVE - 75 cl","p":3.13,"u":"4,17 €/L","img":"https://fd9-photos.leclercdrive.fr/image.ashx?id=2837157&use=l&cat=p&typeid=i","cat":289556},{"id":3564,"n":"Vin de l'Union Européenne  La Villageoise - 6x25cl","p":4.42,"u":"2,95 €/L","img":"https://fd9-photos.leclercdrive.fr/image.ashx?id=2731651&use=l&cat=p&typeid=i","cat":289557},{"id":3570,"n":"Concentré à diluer Pulco Citron - 70cl","p":2.23,"u":"3,19 €/L","img":"https://fd9-photos.leclercdrive.fr/image.ashx?id=2687845&use=l&cat=p&typeid=i","cat":295020},{"id":3571,"n":"Nectar Jafaden Abricot - 1L","p":2.59,"u":"2,59 €/L","img":"https://fd9-photos.leclercdrive.fr/image.ashx?id=2955713&use=l&cat=p&typeid=i","cat":284915},{"id":3575,"n":"Litière chats Tous mes Amis Végétale - 10L","p":4.39,"u":"0,44 €/L","img":"https://fd9-photos.leclercdrive.fr/image.ashx?id=2055217&use=l&cat=p&typeid=i","cat":284683},{"id":3576,"n":"Litière chats Tous mes Amis Minérale - Hygiénique - 10L","p":4.65,"u":"0,47 €/L","img":"https://fd9-photos.leclercdrive.fr/image.ashx?id=2055211&use=l&cat=p&typeid=i","cat":284683},{"id":3580,"n":"Le Haricot vert Cueilli Main Bonduelle Extra Fin 280g","p":2.57,"u":"9,18 €/KG","img":"https://fd9-photos.leclercdrive.fr/image.ashx?id=2910019&use=l&cat=p&typeid=i","cat":312606},{"id":3584,"n":"Macédoine de Légumes Bonduelle 530g","p":1.56,"u":"2,94 €/KG","img":"https://fd9-photos.leclercdrive.fr/image.ashx?id=2939235&use=l&cat=p&typeid=i","cat":312612},{"id":3588,"n":"IGP Pays d'Oc rouge Roche Mazet Cabernet Sauvignon 12.5% 75cl","p":3.18,"u":"4,24 €/L","img":"https://fd9-photos.leclercdrive.fr/image.ashx?id=2333000&use=l&cat=p&typeid=i","cat":289556},{"id":3589,"n":"IGP Pays d'Oc rouge Roche Mazet Merlot - 75cl","p":3.18,"u":"4,24 €/L","img":"https://fd9-photos.leclercdrive.fr/image.ashx?id=2332997&use=l&cat=p&typeid=i","cat":289556},{"id":3590,"n":"IGP Pays d'Oc rosé Roche Mazet Cinsault Grenache 12% vol 75cl","p":2.91,"u":"3,88 €/L","img":"https://fd9-photos.leclercdrive.fr/image.ashx?id=2341510&use=l&cat=p&typeid=i","cat":289558},{"id":3593,"n":"Vin d'Italie rouge pétillant Vilaveroni Lambrusco- 75cl","p":3.99,"u":"5,32 €/L","img":"https://fd9-photos.leclercdrive.fr/image.ashx?id=2333021&use=l&cat=p&typeid=i","cat":289556},{"id":3599,"n":"IGP Pays d'Oc rosé Listel Grain De gris 12.5% vol - 75cl","p":3.48,"u":"4,64 €/L","img":"https://fd9-photos.leclercdrive.fr/image.ashx?id=2556135&use=l&cat=p&typeid=i","cat":289558},{"id":3600,"n":"Miel Lune de Miel Tartimiel 250g","p":2.39,"u":"9,56 €/KG","img":"https://fd9-photos.leclercdrive.fr/image.ashx?id=2662610&use=l&cat=p&typeid=i","cat":287643},{"id":3604,"n":"Allume-feu Silex cubes x28 200g","p":1.11,"u":"5,55 €/KG","img":"https://fd9-photos.leclercdrive.fr/image.ashx?id=2558781&use=l&cat=p&typeid=i","cat":300578},{"id":3609,"n":"Petit Pois Cassegrain Tendres et Fondants 495g","p":2.82,"u":"5,70 €/KG","img":"https://fd9-photos.leclercdrive.fr/image.ashx?id=2912962&use=l&cat=p&typeid=i","cat":312607},{"id":3610,"n":"Petits pois Notre Jardin A l'étuvée -Extra fins - 3x140g","p":1.57,"u":"3,74 €/KG","img":"https://fd9-photos.leclercdrive.fr/image.ashx?id=2537343&use=l&cat=p&typeid=i","cat":312607},{"id":3617,"n":"Galettes de riz bio Bio Village Complet x17 - 130g","p":0.91,"u":"7,00 €/KG","img":"https://fd9-photos.leclercdrive.fr/image.ashx?id=2816151&use=l&cat=p&typeid=i","cat":318651},{"id":3621,"n":"Pansements Mercurochrome Ampoules x10","p":4.33,"img":"https://fd9-photos.leclercdrive.fr/image.ashx?id=2862143&use=l&cat=p&typeid=i","cat":284630},{"id":3622,"n":"Alcool modifié Mercurochrome 90° - 100ml","p":2.99,"u":"29,90 €/L","img":"https://fd9-photos.leclercdrive.fr/image.ashx?id=2663977&use=l&cat=p&typeid=i","cat":284630},{"id":3630,"n":"Filets colin Alaska Pêche océan 4 tranches - MSC - 400g","p":2.49,"u":"6,23 €/KG","img":"https://fd9-photos.leclercdrive.fr/image.ashx?id=2930087&use=l&cat=p&typeid=i","cat":319786},{"id":3633,"n":"Colin d'Alaska Pêche Océan x10 tranches - MSC - 1kg","p":6.25,"u":"6,25 €/KG","img":"https://fd9-photos.leclercdrive.fr/image.ashx?id=2930096&use=l&cat=p&typeid=i","cat":319786},{"id":3640,"n":"Fromage Apéritif Apérivrais  Saveurs de Provence - 100g","p":2.08,"u":"20,80 €/KG","img":"https://fd9-photos.leclercdrive.fr/image.ashx?id=2885348&use=l&cat=p&typeid=i","cat":314027},{"id":3641,"n":"Fromage Apéritif Apérivrais  Saveurs d'Italie - 100g","p":2.08,"u":"20,80 €/KG","img":"https://fd9-photos.leclercdrive.fr/image.ashx?id=2944705&use=l&cat=p&typeid=i","cat":314027},{"id":3643,"n":"Scotch Whisky Baird's 40%vol - 70cl","p":10.99,"u":"15,70 €/L","img":"https://fd9-photos.leclercdrive.fr/image.ashx?id=2907159&use=l&cat=p&typeid=i","cat":284547},{"id":3655,"n":"Eau gazeuse St-Yorre 6x50cl","p":3.09,"u":"1,03 €/L","img":"https://fd9-photos.leclercdrive.fr/image.ashx?id=2877727&use=l&cat=p&typeid=i","cat":284536},{"id":3663,"n":"Fromage à Raclette RichesMonts  3 saveurs 27 Tranches - 700g","p":11.17,"u":"15,96 €/KG","img":"https://fd9-photos.leclercdrive.fr/image.ashx?id=2766289&use=l&cat=p&typeid=i","cat":314037},{"id":3681,"n":"Confit canard 4/5 cuisses Nos Régions ont du Talent 745g","p":15.28,"u":"20,51 €/KG","img":"https://fd9-photos.leclercdrive.fr/image.ashx?id=2723210&use=l&cat=p&typeid=i","cat":305149},{"id":3684,"n":"Eau gazeuse Rozana 6x1L","p":2.65,"u":"0,44 €/L","img":"https://fd9-photos.leclercdrive.fr/image.ashx?id=2870602&use=l&cat=p&typeid=i","cat":284536},{"id":3694,"n":"Pâtes Torti Legumes Panzani - 500G","p":1.35,"u":"2,70 €/KG","img":"https://fd9-photos.leclercdrive.fr/image.ashx?id=2876032&use=l&cat=p&typeid=i","cat":284427},{"id":3699,"n":"Café moulu Bio Village Bio Amérique latine - 250g","p":4.99,"u":"19,96 €/KG","img":"https://fd9-photos.leclercdrive.fr/image.ashx?id=2603713&use=l&cat=p&typeid=i","cat":284750},{"id":3712,"n":"Emincé poulet Côté Table Sauce curry - 300g","p":2.02,"u":"6,73 €/KG","img":"https://fd9-photos.leclercdrive.fr/image.ashx?id=2393857&use=l&cat=p&typeid=i","cat":284953},{"id":3713,"n":"Huile d'olive Rustica Vierge extra - 50cl","p":4.8,"u":"9,60 €/L","img":"https://fd9-photos.leclercdrive.fr/image.ashx?id=2930340&use=l&cat=p&typeid=i","cat":284453},{"id":3714,"n":"Serviette hygiénique Doulys Ultra minces - Normal - x16","p":1.03,"u":"0,06 €/P","img":"https://fd9-photos.leclercdrive.fr/image.ashx?id=2838924&use=l&cat=p&typeid=i","cat":284624},{"id":3716,"n":"Pizza cuite sur pierre Turini Royale - 400g","p":1.99,"u":"4,98 €/KG","img":"https://fd9-photos.leclercdrive.fr/image.ashx?id=2815205&use=l&cat=p&typeid=i","cat":284256},{"id":3736,"n":"Chocolat Pâtissier Menier Tablette Noir - 200g","p":2.37,"u":"11,85 €/KG","img":"https://fd9-photos.leclercdrive.fr/image.ashx?id=2624146&use=l&cat=p&typeid=i","cat":285562},{"id":3743,"n":"Mini brownie Brossard Chocolat pépites x8 - 240g","p":2.5,"u":"10,42 €/KG","img":"https://fd9-photos.leclercdrive.fr/image.ashx?id=2965100&use=l&cat=p&typeid=i","cat":294776},{"id":3748,"n":"Soufflés Grignot' Tokapi  Saveur Fromage - 90g","p":0.72,"u":"8,00 €/KG","img":"https://fd9-photos.leclercdrive.fr/image.ashx?id=1956625&use=l&cat=p&typeid=i","cat":284449},{"id":3758,"n":"Sachet repas chats Gourmet 4 variétés de filets - 4x85g","p":1.95,"u":"5,74 €/KG","img":"https://fd9-photos.leclercdrive.fr/image.ashx?id=2902274&use=l&cat=p&typeid=i","cat":285286},{"id":3759,"n":"Sachet repas chats Gourmet Filets en sachet - 4x85g","p":1.91,"u":"5,62 €/KG","img":"https://fd9-photos.leclercdrive.fr/image.ashx?id=2902337&use=l&cat=p&typeid=i","cat":285286},{"id":3773,"n":"Feuilletés paniers Côté Table Jambon fromage - 4x100g","p":2.15,"u":"5,38 €/KG","img":"https://fd9-photos.leclercdrive.fr/image.ashx?id=2549382&use=l&cat=p&typeid=i","cat":319776},{"id":3775,"n":"Feuilletés paniers Côté Table Fromage de chèvre - 4x100g","p":2.95,"u":"7,38 €/KG","img":"https://fd9-photos.leclercdrive.fr/image.ashx?id=2549385&use=l&cat=p&typeid=i","cat":319776},{"id":3777,"n":"Légumes couscous Notre jardin 1kg","p":1.99,"u":"1,99 €/KG","img":"https://fd9-photos.leclercdrive.fr/image.ashx?id=2900031&use=l&cat=p&typeid=i","cat":319823},{"id":3784,"n":"Coquilles poisson Côté Table Et fruits de mer x6 - 660g","p":5.35,"u":"8,11 €/KG","img":"https://fd9-photos.leclercdrive.fr/image.ashx?id=2990092&use=l&cat=p&typeid=i","cat":319775},{"id":3786,"n":"Poisson pané Pêche Océan MSC - x20 - 1kg","p":6.95,"u":"6,95 €/KG","img":"https://fd9-photos.leclercdrive.fr/image.ashx?id=2930105&use=l&cat=p&typeid=i","cat":319788},{"id":3789,"n":"Pavés de saumon Pêche Océan ASC - 2x125g","p":4.99,"u":"19,96 €/KG","img":"https://fd9-photos.leclercdrive.fr/image.ashx?id=2953719&use=l&cat=p&typeid=i","cat":319786},{"id":3794,"n":"Poisson pané Pêche Océan - MSC Colin d'alaska - x8 - 400g","p":2.78,"u":"6,95 €/KG","img":"https://fd9-photos.leclercdrive.fr/image.ashx?id=2176092&use=l&cat=p&typeid=i","cat":319788},{"id":3796,"n":"Croquettes poisson Pêche Océan MSC - x6 - 300g","p":1.72,"u":"5,73 €/KG","img":"https://fd9-photos.leclercdrive.fr/image.ashx?id=2856157&use=l&cat=p&typeid=i","cat":319788},{"id":3797,"n":"Brandade morue Côté Table 1kg","p":3.99,"u":"3,99 €/KG","img":"https://fd9-photos.leclercdrive.fr/image.ashx?id=2047028&use=l&cat=p&typeid=i","cat":284254},{"id":3810,"n":"Epinards Notre Jardin Branches A la crème fraîche 1kg","p":2.98,"u":"2,98 €/KG","img":"https://fd9-photos.leclercdrive.fr/image.ashx?id=2873081&use=l&cat=p&typeid=i","cat":319805},{"id":3828,"n":"Pansements Mercurochrome Economiques x20","p":2.69,"img":"https://fd9-photos.leclercdrive.fr/image.ashx?id=2748269&use=l&cat=p&typeid=i","cat":284630},{"id":3844,"n":"Sirop érable Maple Joe Du Canada - 250g","p":3.92,"u":"15,68 €/KG","img":"https://fd9-photos.leclercdrive.fr/image.ashx?id=2656559&use=l&cat=p&typeid=i","cat":287643},{"id":3862,"n":"Cacahuètes grillées Tokapi Salées - 500g","p":1.44,"u":"2,88 €/KG","img":"https://fd9-photos.leclercdrive.fr/image.ashx?id=2795532&use=l&cat=p&typeid=i","cat":284448},{"id":3864,"n":"Jus multifruits Jafaden 12 fruits - 1L","p":1.33,"u":"1,33 €/L","img":"https://fd9-photos.leclercdrive.fr/image.ashx?id=2461387&use=l&cat=p&typeid=i","cat":284917},{"id":3871,"n":"Pain grillé Pelletier Blé complet - 500g","p":1.96,"u":"3,92 €/KG","img":"https://fd9-photos.leclercdrive.fr/image.ashx?id=2345376&use=l&cat=p&typeid=i","cat":284479},{"id":3874,"n":"Filet Poulet Jaune LR X2  IGP Volailles du Maine  - 240g","p":7.22,"u":"30,08 €/KG","img":"https://fd9-photos.leclercdrive.fr/image.ashx?id=2250561&use=l&cat=p&typeid=i","cat":284336},{"id":3889,"n":"Cuisses canard Le gaulois x2 - 660g","p":8.56,"u":"12,97 €/KG","img":"https://fd9-photos.leclercdrive.fr/image.ashx?id=2236860&use=l&cat=p&typeid=i","cat":284339},{"id":3904,"n":"Viande bovine Charal3x steak*** À griller - 300g","p":7.16,"u":"23,87 €/KG","img":"https://fd9-photos.leclercdrive.fr/image.ashx?id=2485907&use=l&cat=p&typeid=i","cat":284328},{"id":3922,"n":"Carpaccio au Basilic Charal - 230g","p":7.5,"u":"32,61 €/KG","img":"https://fd9-photos.leclercdrive.fr/image.ashx?id=1933746&use=l&cat=p&typeid=i","cat":284328},{"id":3944,"n":"Jus multifruits Jafaden Briquettes - 6x20cl","p":1.79,"u":"1,49 €/L","img":"https://fd9-photos.leclercdrive.fr/image.ashx?id=2751880&use=l&cat=p&typeid=i","cat":284524},{"id":3946,"n":"Pâtes Barilla Spaghettoni n°7 - 500g","p":0.97,"u":"1,94 €/KG","img":"https://fd9-photos.leclercdrive.fr/image.ashx?id=2392221&use=l&cat=p&typeid=i","cat":284427},{"id":3951,"n":"Sucre vanillé Tablier blanc x10 75g","p":0.79,"u":"10,53 €/KG","img":"https://fd9-photos.leclercdrive.fr/image.ashx?id=2982595&use=l&cat=p&typeid=i","cat":294686},{"id":3952,"n":"Sucre Confisuc Saint Louis Spécial confiture - 1kg","p":2.44,"u":"2,44 €/KG","img":"https://fd9-photos.leclercdrive.fr/image.ashx?id=2019969&use=l&cat=p&typeid=i","cat":284502},{"id":3955,"n":"Ravioli pur bœuf  Panzani - 400g","p":1.72,"u":"4,30 €/KG","img":"https://fd9-photos.leclercdrive.fr/image.ashx?id=2876050&use=l&cat=p&typeid=i","cat":284442},{"id":3956,"n":"Confit canard 2 cuisses NRT 425g","p":9.59,"u":"22,56 €/KG","img":"https://fd9-photos.leclercdrive.fr/image.ashx?id=2545234&use=l&cat=p&typeid=i","cat":284440},{"id":3960,"n":"Haricots Mungo  Notre Jardin 3x90g","p":1.99,"u":"7,37 €/KG","img":"https://fd9-photos.leclercdrive.fr/image.ashx?id=2174678&use=l&cat=p&typeid=i","cat":312611},{"id":3980,"n":"Sauce bolognaise Turini 680g","p":2.44,"u":"3,59 €/KG","img":"https://fd9-photos.leclercdrive.fr/image.ashx?id=2634863&use=l&cat=p&typeid=i","cat":287599},{"id":3981,"n":"Petits pois carottes Extra fins Notre Jardin - 3x130g","p":1.69,"u":"4,33 €/KG","img":"https://fd9-photos.leclercdrive.fr/image.ashx?id=2537346&use=l&cat=p&typeid=i","cat":312607},{"id":3983,"n":"Flageolets verts Notre Jardin Extra fins - 3x130g","p":1.99,"u":"5,10 €/KG","img":"https://fd9-photos.leclercdrive.fr/image.ashx?id=2537352&use=l&cat=p&typeid=i","cat":312606},{"id":3991,"n":"Tarte aux 3 fromages Côté Table - 400g","p":2.82,"u":"7,05 €/KG","img":"https://fd9-photos.leclercdrive.fr/image.ashx?id=2791707&use=l&cat=p&typeid=i","cat":284257},{"id":3994,"n":"Tourte Côté Table Champignon jambon - 500g","p":4.99,"u":"9,98 €/KG","img":"https://fd9-photos.leclercdrive.fr/image.ashx?id=2361730&use=l&cat=p&typeid=i","cat":284257},{"id":3997,"n":"Hachis parmentier Côté table 1kg","p":4.83,"u":"4,83 €/KG","img":"https://fd9-photos.leclercdrive.fr/image.ashx?id=2045172&use=l&cat=p&typeid=i","cat":284254},{"id":3998,"n":"Frites allumettes Pom'lisse Au four - 600g","p":1.24,"u":"2,07 €/KG","img":"https://fd9-photos.leclercdrive.fr/image.ashx?id=2699666&use=l&cat=p&typeid=i","cat":319791},{"id":3999,"n":"Crêpes Côté Table Champignons x6 - 300g","p":1.88,"u":"6,27 €/KG","img":"https://fd9-photos.leclercdrive.fr/image.ashx?id=2499352&use=l&cat=p&typeid=i","cat":319776},{"id":4000,"n":"Quiche lorraine Côté Table Mini - 8x100g","p":6.5,"u":"8,13 €/KG","img":"https://fd9-photos.leclercdrive.fr/image.ashx?id=2869787&use=l&cat=p&typeid=i","cat":284257},{"id":4001,"n":"Gratin d'aubergines Côté Table 450g","p":3.75,"u":"8,33 €/KG","img":"https://fd9-photos.leclercdrive.fr/image.ashx?id=1983436&use=l&cat=p&typeid=i","cat":319802},{"id":4008,"n":"Julienne légumes Notre jardin 600g","p":1.38,"u":"2,30 €/KG","img":"https://fd9-photos.leclercdrive.fr/image.ashx?id=2873102&use=l&cat=p&typeid=i","cat":319823},{"id":4009,"n":"Printanière légumes Notre jardin 1kg","p":1.47,"u":"1,47 €/KG","img":"https://fd9-photos.leclercdrive.fr/image.ashx?id=2873030&use=l&cat=p&typeid=i","cat":319823},{"id":4014,"n":"Gratin choux fleurs Côté Table 450g","p":3.72,"u":"8,27 €/KG","img":"https://fd9-photos.leclercdrive.fr/image.ashx?id=1977356&use=l&cat=p&typeid=i","cat":319802},{"id":4022,"n":"Fricassée de poulet Côté table Riz et légumes 900g","p":6.51,"u":"7,23 €/KG","img":"https://fd9-photos.leclercdrive.fr/image.ashx?id=2549370&use=l&cat=p&typeid=i","cat":284254},{"id":4024,"n":"Sauce crudité Rustica Nature - 50cl","p":0.88,"u":"1,76 €/L","img":"https://fd9-photos.leclercdrive.fr/image.ashx?id=1972910&use=l&cat=p&typeid=i","cat":284456},{"id":4025,"n":"Pois chiches Notre Jardin 530g","p":1.19,"u":"2,25 €/KG","img":"https://fd9-photos.leclercdrive.fr/image.ashx?id=2988006&use=l&cat=p&typeid=i","cat":312609},{"id":4028,"n":"Filets poulet rôti Le gaulois 230g","p":4.89,"u":"21,26 €/KG","img":"https://fd9-photos.leclercdrive.fr/image.ashx?id=2686879&use=l&cat=p&typeid=i","cat":284336},{"id":4029,"n":"Crème marron de Clément Faugier Vanillée Ardèche - 500g","p":2.67,"u":"5,34 €/KG","img":"https://fd9-photos.leclercdrive.fr/image.ashx?id=1880738&use=l&cat=p&typeid=i","cat":284481},{"id":4063,"n":"Cidre bouché Les Goelleries Normand doux 2%vol. - 75cl","p":1.79,"u":"2,39 €/L","img":"https://fd9-photos.leclercdrive.fr/image.ashx?id=2842202&use=l&cat=p&typeid=i","cat":334880},{"id":4101,"n":"Pâtes coquillettes Panzani 1kg","p":1.75,"u":"1,75 €/KG","img":"https://fd9-photos.leclercdrive.fr/image.ashx?id=2873823&use=l&cat=p&typeid=i","cat":284427},{"id":4103,"n":"Compotes Andros Pomme Fraise - 8x100g","p":2.86,"u":"3,58 €/KG","img":"https://fd9-photos.leclercdrive.fr/image.ashx?id=2883940&use=l&cat=p&typeid=i","cat":284416},{"id":4120,"n":"Bouchées chocolatées Mon Chéri Liqueur cerise x16 - 168g","p":4.94,"u":"29,40 €/KG","img":"https://fd9-photos.leclercdrive.fr/image.ashx?id=2964018&use=l&cat=p&typeid=i","cat":327601},{"id":4141,"n":"Infusion Tiséa réglisse menthe x25","p":0.9,"u":"22,50 €/KG","img":"https://fd9-photos.leclercdrive.fr/image.ashx?id=2553908&use=l&cat=p&typeid=i","cat":293234},{"id":4190,"n":"Oranges à jus filet  2kg","p":3.99,"u":"2,00 €/KG","img":"https://fd9-photos.leclercdrive.fr/image.ashx?id=1629540&use=l&cat=p&typeid=i","cat":284356},{"id":4193,"n":"Noix NRT 500g","p":3.99,"u":"7,98 €/KG","img":"https://fd9-photos.leclercdrive.fr/image.ashx?id=2321947&use=l&cat=p&typeid=i","cat":284357},{"id":4249,"n":"Crème glacée Eskiss Chocolat noir - 494g","p":2.35,"u":"4,76 €/KG","img":"https://fd9-photos.leclercdrive.fr/image.ashx?id=2698162&use=l&cat=p&typeid=i","cat":284263},{"id":4255,"n":"Crème glacée Eskiss Rhum raisin - 494g","p":2.45,"u":"4,96 €/KG","img":"https://fd9-photos.leclercdrive.fr/image.ashx?id=2982589&use=l&cat=p&typeid=i","cat":284263},{"id":4259,"n":"Pâtes spaghetti Panzani 1kg","p":1.72,"u":"1,72 €/KG","img":"https://fd9-photos.leclercdrive.fr/image.ashx?id=2869555&use=l&cat=p&typeid=i","cat":284427},{"id":4260,"n":"Biscuits sablés P'tit Déli Chocolat au lait - 200g","p":1.19,"u":"5,95 €/KG","img":"https://fd9-photos.leclercdrive.fr/image.ashx?id=2768457&use=l&cat=p&typeid=i","cat":284488},{"id":4288,"n":"Boisson apéritif Voltano Base de vin Bianco 14.4%vol 1L","p":4.99,"u":"4,99 €/L","img":"https://fd9-photos.leclercdrive.fr/image.ashx?id=2843782&use=l&cat=p&typeid=i","cat":284913},{"id":4346,"n":"Crêpes Côté Table Fromage x6 - 300g","p":1.75,"u":"5,83 €/KG","img":"https://fd9-photos.leclercdrive.fr/image.ashx?id=2932399&use=l&cat=p&typeid=i","cat":319776},{"id":4348,"n":"Tomate cerise Barquette 250g","p":0.95,"u":"3,80 €/KG","img":"https://fd9-photos.leclercdrive.fr/image.ashx?id=1633619&use=l&cat=p&typeid=i","cat":284352},{"id":4357,"n":"Glace à l'eau Yéti 5 parfums x24 - 1.160kg","p":3.77,"u":"3,25 €/KG","img":"https://fd9-photos.leclercdrive.fr/image.ashx?id=2733796&use=l&cat=p&typeid=i","cat":285250},{"id":4367,"n":"Papier toilette Uni Vert Compact écologique - x4","p":3.29,"u":"0,82 €/P","img":"https://fd9-photos.leclercdrive.fr/image.ashx?id=1957072&use=l&cat=p&typeid=i","cat":284634},{"id":4369,"n":"Gel wc menthe pin Uni Vert 750ml","p":1.62,"u":"2,16 €/L","img":"https://fd9-photos.leclercdrive.fr/image.ashx?id=2965446&use=l&cat=p&typeid=i","cat":284662},{"id":4381,"n":"Safran poudre Rustica 3 doses de 0,1g","p":2.96,"img":"https://fd9-photos.leclercdrive.fr/image.ashx?id=2991422&use=l&cat=p&typeid=i","cat":298297},{"id":4407,"n":"Biscuits duo glacier P'tit Déli 100g","p":1.25,"u":"12,50 €/KG","img":"https://fd9-photos.leclercdrive.fr/image.ashx?id=2874687&use=l&cat=p&typeid=i","cat":284487},{"id":4412,"n":"Boisson énergisante Red Bull 250ml","p":1.09,"u":"4,36 €/L","img":"https://fd9-photos.leclercdrive.fr/image.ashx?id=2340300&use=l&cat=p&typeid=i","cat":284533},{"id":4417,"n":"Sauce Fondue d'échalote Charal 100g","p":1.99,"u":"19,90 €/KG","img":"https://fd9-photos.leclercdrive.fr/image.ashx?id=2859251&use=l&cat=p&typeid=i","cat":284382},{"id":4420,"n":"Sauce aux Morilles Charal 2 personnes - 120g","p":2.7,"u":"22,50 €/KG","img":"https://fd9-photos.leclercdrive.fr/image.ashx?id=2105023&use=l&cat=p&typeid=i","cat":284382},{"id":4423,"n":"Sauce béarnaise Charal 120g","p":2.3,"u":"19,17 €/KG","img":"https://fd9-photos.leclercdrive.fr/image.ashx?id=2105011&use=l&cat=p&typeid=i","cat":284382},{"id":4425,"n":"Sauce aux 3 poivres Charal 2 personnes - 120g","p":2.3,"u":"19,17 €/KG","img":"https://fd9-photos.leclercdrive.fr/image.ashx?id=2105014&use=l&cat=p&typeid=i","cat":284382},{"id":4426,"n":"Sauce au Roquefort Charal 2 personnes - 120g","p":2.3,"u":"19,17 €/KG","img":"https://fd9-photos.leclercdrive.fr/image.ashx?id=2881329&use=l&cat=p&typeid=i","cat":284382},{"id":4427,"n":"Sauce Forestière Charal 2 personnes - 120g","p":2.3,"u":"19,17 €/KG","img":"https://fd9-photos.leclercdrive.fr/image.ashx?id=2558957&use=l&cat=p&typeid=i","cat":284382},{"id":4431,"n":"Plumeaux Clair jetables Avec poignée x5","p":3.03,"img":"https://fd9-photos.leclercdrive.fr/image.ashx?id=2832924&use=l&cat=p&typeid=i","cat":325364},{"id":4468,"n":"Boisson énergisante Red Bull 4x250ml","p":4.3,"u":"4,30 €/L","img":"https://fd9-photos.leclercdrive.fr/image.ashx?id=3011977&use=l&cat=p&typeid=i","cat":284533},{"id":4497,"n":"Gomme Esquisse Caoutchouc","p":0.5,"img":"https://fd9-photos.leclercdrive.fr/image.ashx?id=2943211&use=l&cat=p&typeid=i","cat":334133},{"id":4511,"n":"Pochettes perforées Eco+ 21x29.7cm - x100","p":1.14,"u":"0,01 €/P","img":"https://fd9-photos.leclercdrive.fr/image.ashx?id=2943124&use=l&cat=p&typeid=i","cat":284745},{"id":4512,"n":"Pur jus orange Jafaden Sans pulpe - 1L","p":2.43,"u":"2,43 €/L","img":"https://fd9-photos.leclercdrive.fr/image.ashx?id=2916668&use=l&cat=p&typeid=i","cat":285435},{"id":4515,"n":"Pansements Primoplast Pré-découpés x100","p":2.97,"img":"https://fd9-photos.leclercdrive.fr/image.ashx?id=2856459&use=l&cat=p&typeid=i","cat":284630},{"id":4518,"n":"Pomme de terre de consommation N.Jardin entières, épluch. 500g","p":1.35,"u":"2,70 €/KG","img":"https://fd9-photos.leclercdrive.fr/image.ashx?id=2694088&use=l&cat=p&typeid=i","cat":284352},{"id":4519,"n":"Bande à découper Primoplast Multi-usages - 10x6cm","p":0.79,"img":"https://fd9-photos.leclercdrive.fr/image.ashx?id=2856414&use=l&cat=p&typeid=i","cat":284630},{"id":4538,"n":"Crème pieds Scholl Réparatrice - 75ml","p":3.7,"u":"49,33 €/L","img":"https://fd9-photos.leclercdrive.fr/image.ashx?id=3011803&use=l&cat=p&typeid=i","cat":325354},{"id":4539,"n":"Eau de toilette Brut original 100ml","p":6.69,"u":"66,90 €/L","img":"https://fd9-photos.leclercdrive.fr/image.ashx?id=2061774&use=l&cat=p&typeid=i","cat":287740},{"id":4543,"n":"Gel Lubrifiant Intime Durex Sensitive base Eau 50ml","p":4.58,"u":"91,60 €/L","img":"https://fd9-photos.leclercdrive.fr/image.ashx?id=2961200&use=l&cat=p&typeid=i","cat":285160},{"id":4566,"n":"Nuggets de poulet Maître coq 1kg","p":7.99,"u":"7,99 €/KG","img":"https://fd9-photos.leclercdrive.fr/image.ashx?id=2877826&use=l&cat=p&typeid=i","cat":333684},{"id":4567,"n":"Panés de poulet Maître Coq 1kg","p":8.99,"u":"8,99 €/KG","img":"https://fd9-photos.leclercdrive.fr/image.ashx?id=2877823&use=l&cat=p&typeid=i","cat":333684},{"id":4570,"n":"Coq'ailes Maître coq Nature - 250g","p":3.38,"u":"13,52 €/KG","img":"https://fd9-photos.leclercdrive.fr/image.ashx?id=2412591&use=l&cat=p&typeid=i","cat":333685},{"id":4583,"n":"Sucre vanillé Vahiné Madagascar - 5x7,5g","p":1.69,"u":"44,47 €/KG","img":"https://fd9-photos.leclercdrive.fr/image.ashx?id=2489190&use=l&cat=p&typeid=i","cat":294686},{"id":4621,"n":"Epis de maïs précuits Lunor 400g","p":1.89,"u":"4,73 €/KG","img":"https://fd9-photos.leclercdrive.fr/image.ashx?id=1876658&use=l&cat=p&typeid=i","cat":284352},{"id":4622,"n":"Betterave Notre Jardin En cubes - 500g","p":0.99,"u":"1,98 €/KG","img":"https://fd9-photos.leclercdrive.fr/image.ashx?id=2551621&use=l&cat=p&typeid=i","cat":284352},{"id":4624,"n":"Dattes Couleurs Vives 500g","p":2.75,"u":"5,50 €/KG","img":"https://fd9-photos.leclercdrive.fr/image.ashx?id=2542926&use=l&cat=p&typeid=i","cat":284357},{"id":4625,"n":"Arachides coques Couleurs Vives Grillées - 500g","p":2.45,"u":"4,90 €/KG","img":"https://fd9-photos.leclercdrive.fr/image.ashx?id=2886439&use=l&cat=p&typeid=i","cat":284448},{"id":4626,"n":"Vinaigrette Rustica Nature - 50cl","p":0.88,"u":"1,76 €/L","img":"https://fd9-photos.leclercdrive.fr/image.ashx?id=1972898&use=l&cat=p&typeid=i","cat":284456},{"id":4628,"n":"Moutarde de Dijon Rustica  Fine et forte - 440g","p":1.13,"u":"2,57 €/KG","img":"https://fd9-photos.leclercdrive.fr/image.ashx?id=2954340&use=l&cat=p&typeid=i","cat":288850},{"id":4629,"n":"Moutarde à l'ancienne Rustica Vinaigre - 350g","p":1.12,"u":"3,20 €/KG","img":"https://fd9-photos.leclercdrive.fr/image.ashx?id=2954343&use=l&cat=p&typeid=i","cat":288850},{"id":4630,"n":"Pâté piment d'Espelette NRT Label Rouge - 180g","p":2.39,"u":"13,28 €/KG","img":"https://fd9-photos.leclercdrive.fr/image.ashx?id=2991485&use=l&cat=p&typeid=i","cat":305149},{"id":4631,"n":"Confit foie volaille Côté Table Au porto - 180g","p":1.45,"u":"8,06 €/KG","img":"https://fd9-photos.leclercdrive.fr/image.ashx?id=2476107&use=l&cat=p&typeid=i","cat":305149},{"id":4640,"n":"Petits pois carottes Notre Jard Extra fins - 420g","p":1.35,"u":"3,21 €/KG","img":"https://fd9-photos.leclercdrive.fr/image.ashx?id=2987943&use=l&cat=p&typeid=i","cat":312607},{"id":4641,"n":"Croquettes chaton Purina One Junior - Poulet/Céréales - 450g","p":2.79,"u":"6,20 €/KG","img":"https://fd9-photos.leclercdrive.fr/image.ashx?id=2499883&use=l&cat=p&typeid=i","cat":284680},{"id":4679,"n":"Gel WC nettoyant Syphon Javel eucalyptus - 750ml","p":0.87,"u":"1,16 €/L","img":"https://fd9-photos.leclercdrive.fr/image.ashx?id=2663359&use=l&cat=p&typeid=i","cat":284662},{"id":4682,"n":"Petits pois Notre Jardin A l'étuvée - Extra fins - 445g","p":1.28,"u":"2,88 €/KG","img":"https://fd9-photos.leclercdrive.fr/image.ashx?id=2987940&use=l&cat=p&typeid=i","cat":312607},{"id":4688,"n":"Pâtes Blé complet Barilla Penne Rigate Integrale - 500g","p":1.25,"u":"2,50 €/KG","img":"https://fd9-photos.leclercdrive.fr/image.ashx?id=2986954&use=l&cat=p&typeid=i","cat":284427},{"id":4705,"n":"Champignon de Paris Barquette  500g","p":2.99,"u":"5,98 €/KG","img":"https://fd9-photos.leclercdrive.fr/image.ashx?id=1631898&use=l&cat=p&typeid=i","cat":284352},{"id":4727,"n":"Chocolat au lait Tablette d'Or Raisins secs & Noisettes - 200g","p":2.19,"u":"10,95 €/KG","img":"https://fd9-photos.leclercdrive.fr/image.ashx?id=2578629&use=l&cat=p&typeid=i","cat":284497},{"id":4770,"n":"Betterave épluchée Allaire Entière 2x500g","p":1.7,"u":"1,70 €/KG","img":"https://fd9-photos.leclercdrive.fr/image.ashx?id=2425724&use=l&cat=p&typeid=i","cat":284352},{"id":4852,"n":"Thon blanc Petit Navire Au naturel - 140g","p":3.23,"u":"23,07 €/KG","img":"https://fd9-photos.leclercdrive.fr/image.ashx?id=2570996&use=l&cat=p&typeid=i","cat":303867},{"id":4863,"n":"Tampons Doulys Digitaux Normal - x24","p":1.24,"u":"0,05 €/P","img":"https://fd9-photos.leclercdrive.fr/image.ashx?id=2965401&use=l&cat=p&typeid=i","cat":284626},{"id":4879,"n":"Petits pots bébé NATURNES Courgettes 4M+ - 2x130g","p":0.97,"u":"3,73 €/KG","img":"https://fd9-photos.leclercdrive.fr/image.ashx?id=2532249&use=l&cat=p&typeid=i","cat":312234},{"id":4905,"n":"Purée de fruit NATURNES Pomme banane 4M+ - 4x130g","p":2.09,"u":"4,02 €/KG","img":"https://fd9-photos.leclercdrive.fr/image.ashx?id=2599937&use=l&cat=p&typeid=i","cat":312387},{"id":4909,"n":"Purée de fruit NATURNES Fruits du soleil 8M+ - 4x130g","p":2.12,"u":"4,08 €/KG","img":"https://fd9-photos.leclercdrive.fr/image.ashx?id=2629647&use=l&cat=p&typeid=i","cat":312388},{"id":4910,"n":"Purée de fruit NATURNES 6M+ Pomme Fraise Myrtilles - 4x130g","p":2.11,"u":"4,06 €/KG","img":"https://fd9-photos.leclercdrive.fr/image.ashx?id=2478399&use=l&cat=p&typeid=i","cat":312388},{"id":4926,"n":"Briquets Bic mini x3","p":2.8,"img":"https://fd9-photos.leclercdrive.fr/image.ashx?id=2887608&use=l&cat=p&typeid=i","cat":300578},{"id":4996,"n":"Cordon bleu Le Gaulois Dinde - 200g","p":2.5,"u":"12,50 €/KG","img":"https://fd9-photos.leclercdrive.fr/image.ashx?id=2860220&use=l&cat=p&typeid=i","cat":333683},{"id":4997,"n":"Gésiers de volaille Le Gaulois 300g","p":3.95,"u":"13,17 €/KG","img":"https://fd9-photos.leclercdrive.fr/image.ashx?id=2732722&use=l&cat=p&typeid=i","cat":284715},{"id":5000,"n":"Frites de poulet Le Gaulois Panées France - 200g","p":2.39,"u":"11,95 €/KG","img":"https://fd9-photos.leclercdrive.fr/image.ashx?id=2261657&use=l&cat=p&typeid=i","cat":333684},{"id":5015,"n":"Yaourts Les Zaros Délisse Fruits panachés - 16x125g","p":2.48,"u":"1,24 €/KG","img":"https://fd9-photos.leclercdrive.fr/image.ashx?id=2970444&use=l&cat=p&typeid=i","cat":284414},{"id":5016,"n":"Yaourts nature Déli'light 0% MG - 12x125g","p":1.91,"u":"1,27 €/KG","img":"https://fd9-photos.leclercdrive.fr/image.ashx?id=2922482&use=l&cat=p&typeid=i","cat":315000},{"id":5017,"n":"Betterave rouge Notre Jardin Entière cuite sous vide - 500g","p":0.79,"u":"1,58 €/KG","img":"https://fd9-photos.leclercdrive.fr/image.ashx?id=2885122&use=l&cat=p&typeid=i","cat":284352},{"id":5018,"n":"Yaourts Délisse Nature - 4x125g","p":0.65,"u":"1,30 €/KG","img":"https://fd9-photos.leclercdrive.fr/image.ashx?id=2922488&use=l&cat=p&typeid=i","cat":284409},{"id":5021,"n":"Crottin de chèvre Les Croisés 23%mg - 2x60g","p":1.78,"u":"14,83 €/KG","img":"https://fd9-photos.leclercdrive.fr/image.ashx?id=2891878&use=l&cat=p&typeid=i","cat":314031},{"id":5024,"n":"Viande des grisons Saint Azay 10 tranches - 80g","p":4.09,"u":"51,13 €/KG","img":"https://fd9-photos.leclercdrive.fr/image.ashx?id=2848490&use=l&cat=p&typeid=i","cat":316007},{"id":5025,"n":"Salade Notre Jardin Jeunes pousses - 125g","p":1.49,"u":"11,92 €/KG","img":"https://fd9-photos.leclercdrive.fr/image.ashx?id=2655601&use=l&cat=p&typeid=i","cat":284353},{"id":5026,"n":"Ravioli Turini Boeuf aux oignons - 300g","p":1.53,"u":"5,10 €/KG","img":"https://fd9-photos.leclercdrive.fr/image.ashx?id=2778036&use=l&cat=p&typeid=i","cat":333682},{"id":5028,"n":"Piémontaise Menu Fraîcheur Au jambon - 500g","p":2.2,"u":"4,40 €/KG","img":"https://fd9-photos.leclercdrive.fr/image.ashx?id=2901428&use=l&cat=p&typeid=i","cat":333657},{"id":5031,"n":"Petits chèvres doux Les Croisés 200g","p":2.02,"u":"10,10 €/KG","img":"https://fd9-photos.leclercdrive.fr/image.ashx?id=2927179&use=l&cat=p&typeid=i","cat":314031},{"id":5032,"n":"Pizza Turini Chorizo - 450g","p":2.69,"u":"5,98 €/KG","img":"https://fd9-photos.leclercdrive.fr/image.ashx?id=2987637&use=l&cat=p&typeid=i","cat":333679},{"id":5033,"n":"Galette au blé noir Côté Table Jambon  emmental 195g","p":1.49,"u":"7,64 €/KG","img":"https://fd9-photos.leclercdrive.fr/image.ashx?id=2837729&use=l&cat=p&typeid=i","cat":333672},{"id":5037,"n":"Gésiers de volaille Volandrie 300g","p":2.99,"u":"9,97 €/KG","img":"https://fd9-photos.leclercdrive.fr/image.ashx?id=2814860&use=l&cat=p&typeid=i","cat":284715},{"id":5041,"n":"Fromage blanc Déli'light Nature 0% MG - 1kg","p":1.79,"u":"1,79 €/KG","img":"https://fd9-photos.leclercdrive.fr/image.ashx?id=2905213&use=l&cat=p&typeid=i","cat":315000},{"id":5044,"n":"Fromage à tartiner Les Croisés  Ail et fines herbes 25%mg 150g","p":1.29,"u":"8,60 €/KG","img":"https://fd9-photos.leclercdrive.fr/image.ashx?id=2476122&use=l&cat=p&typeid=i","cat":314029},{"id":5049,"n":"Whisky Sir Edward's 40%vol - 1L","p":16.77,"u":"16,77 €/L","img":"https://fd9-photos.leclercdrive.fr/image.ashx?id=2510747&use=l&cat=p&typeid=i","cat":284547},{"id":5050,"n":"Sucre de canne Canadou 70cl","p":2.63,"u":"3,76 €/L","img":"https://fd9-photos.leclercdrive.fr/image.ashx?id=2534587&use=l&cat=p&typeid=i","cat":284551},{"id":5054,"n":"Olives Vertes Dénoyautées  100g","p":0.82,"u":"8,20 €/KG","img":"https://fd9-photos.leclercdrive.fr/image.ashx?id=2923432&use=l&cat=p&typeid=i","cat":284450},{"id":5070,"n":"Whisky Jack Daniel's Old N°7 70cL","p":20.68,"u":"29,54 €/L","img":"https://fd9-photos.leclercdrive.fr/image.ashx?id=2789763&use=l&cat=p&typeid=i","cat":284547},{"id":5080,"n":"Sucre poudre Béghin Say Etui 1kg","p":1.84,"u":"1,84 €/KG","img":"https://fd9-photos.leclercdrive.fr/image.ashx?id=2866346&use=l&cat=p&typeid=i","cat":284502},{"id":5099,"n":"Huile touche d'olive Isio 4 1L","p":5.21,"u":"5,21 €/L","img":"https://fd9-photos.leclercdrive.fr/image.ashx?id=2918724&use=l&cat=p&typeid=i","cat":284453},{"id":5110,"n":"Pâtes Coquillettes Turini  1kg","p":1.35,"u":"1,35 €/KG","img":"https://fd9-photos.leclercdrive.fr/image.ashx?id=2980438&use=l&cat=p&typeid=i","cat":284427},{"id":5112,"n":"Chocolat blanc Tablette d'Or Blanc - 2x100g","p":2.23,"u":"11,15 €/KG","img":"https://fd9-photos.leclercdrive.fr/image.ashx?id=2790880&use=l&cat=p&typeid=i","cat":284957},{"id":5114,"n":"Filet de harengs Pêche Océan MSC - Au naturel - 200g","p":1.75,"u":"8,75 €/KG","img":"https://fd9-photos.leclercdrive.fr/image.ashx?id=2694212&use=l&cat=p&typeid=i","cat":285190},{"id":5121,"n":"Café moulu Plantation Ethiopie - 250g","p":3.89,"u":"15,56 €/KG","img":"https://fd9-photos.leclercdrive.fr/image.ashx?id=2607434&use=l&cat=p&typeid=i","cat":284750},{"id":5128,"n":"Chips Pom'lisse Bolognaise - 135g","p":1.29,"u":"9,56 €/KG","img":"https://fd9-photos.leclercdrive.fr/image.ashx?id=2919604&use=l&cat=p&typeid=i","cat":284447},{"id":5132,"n":"Croûtons Epi d'Or Nature - 2x90g","p":0.99,"u":"5,50 €/KG","img":"https://fd9-photos.leclercdrive.fr/image.ashx?id=2606037&use=l&cat=p&typeid=i","cat":284464},{"id":5136,"n":"Echalote longue  250g","p":1.59,"u":"6,36 €/KG","img":"https://fd9-photos.leclercdrive.fr/image.ashx?id=1631901&use=l&cat=p&typeid=i","cat":284352},{"id":5160,"n":"Pur jus de fruits Tropicana Réveil fruité - 1,5L","p":3.3,"u":"2,20 €/L","img":"https://fd9-photos.leclercdrive.fr/image.ashx?id=2606400&use=l&cat=p&typeid=i","cat":284521},{"id":5166,"n":"Sucettes Chupa Chups The Best x16 192g","p":1.85,"u":"9,64 €/KG","img":"https://fd9-photos.leclercdrive.fr/image.ashx?id=2647654&use=l&cat=p&typeid=i","cat":304250},{"id":5176,"n":"Pâtes Alphabet Panzani 500g","p":1.38,"u":"2,76 €/KG","img":"https://fd9-photos.leclercdrive.fr/image.ashx?id=2896063&use=l&cat=p&typeid=i","cat":284427},{"id":5193,"n":"Croissants pur beurre 10x1p","p":5.6,"u":"0,56 €/P","img":"https://fd9-photos.leclercdrive.fr/image.ashx?id=565287&use=l&cat=p&typeid=i","cat":284984},{"id":5195,"n":"Pains au chocolat pur beurre  10x1 p","p":5.99,"u":"0,60 €/P","img":"https://fd9-photos.leclercdrive.fr/image.ashx?id=2070959&use=l&cat=p&typeid=i","cat":284984},{"id":5218,"n":"Brocolis 500g","p":3.49,"u":"6,98 €/KG","img":"https://fd9-photos.leclercdrive.fr/image.ashx?id=565332&use=l&cat=p&typeid=i","cat":284352},{"id":5248,"n":"Yaourts aux fruits Délisse Panaché de fruits - 12x125g","p":3.39,"u":"2,26 €/KG","img":"https://fd9-photos.leclercdrive.fr/image.ashx?id=2658575&use=l&cat=p&typeid=i","cat":284410},{"id":5250,"n":"Crème glacée Eskiss Pistache avec éclats - 494g","p":2.51,"u":"5,08 €/KG","img":"https://fd9-photos.leclercdrive.fr/image.ashx?id=2982586&use=l&cat=p&typeid=i","cat":284263},{"id":5252,"n":"Pansements Primoplast Spécial articulations 10 bandes","p":1.99,"img":"https://fd9-photos.leclercdrive.fr/image.ashx?id=2897766&use=l&cat=p&typeid=i","cat":284630},{"id":5253,"n":"Pansements Primoplast Spécial Articulations x30","p":1.59,"img":"https://fd9-photos.leclercdrive.fr/image.ashx?id=2832912&use=l&cat=p&typeid=i","cat":284630},{"id":5255,"n":"Croc Côté Croc Poulet Fromage x2 - 200g","p":1.7,"u":"8,50 €/KG","img":"https://fd9-photos.leclercdrive.fr/image.ashx?id=2967549&use=l&cat=p&typeid=i","cat":333683},{"id":5271,"n":"Betteraves Menu Fraîcheur  Rouge en dés - 300g","p":1.19,"u":"3,97 €/KG","img":"https://fd9-photos.leclercdrive.fr/image.ashx?id=2552418&use=l&cat=p&typeid=i","cat":333657},{"id":5274,"n":"Quiche lorraine Coté Table 2x130g","p":2.69,"u":"10,35 €/KG","img":"https://fd9-photos.leclercdrive.fr/image.ashx?id=2869790&use=l&cat=p&typeid=i","cat":333680},{"id":5277,"n":"Yaourts Pâtissiers Délisse Spécialités gourmandes-12x125g","p":3.17,"u":"2,11 €/KG","img":"https://fd9-photos.leclercdrive.fr/image.ashx?id=2501667&use=l&cat=p&typeid=i","cat":314999},{"id":5281,"n":"Yaourts Petits Délis Chocolat - 6x100g","p":1.91,"u":"3,18 €/KG","img":"https://fd9-photos.leclercdrive.fr/image.ashx?id=2865188&use=l&cat=p&typeid=i","cat":284414},{"id":5284,"n":"Foies de volaille Volandrie confits - 300g","p":2.99,"u":"9,97 €/KG","img":"https://fd9-photos.leclercdrive.fr/image.ashx?id=2814857&use=l&cat=p&typeid=i","cat":284715},{"id":5288,"n":"Crème dessert Petits Délis Chocolat et lait - 6x70g","p":1.3,"u":"3,10 €/KG","img":"https://fd9-photos.leclercdrive.fr/image.ashx?id=2572061&use=l&cat=p&typeid=i","cat":285041},{"id":5289,"n":"Torti au surimi Menu Fraîcheur 300g","p":1.7,"u":"5,67 €/KG","img":"https://fd9-photos.leclercdrive.fr/image.ashx?id=2965443&use=l&cat=p&typeid=i","cat":333657},{"id":5291,"n":"Cordon bleu Côté Croc Dinde - 400g","p":3.95,"u":"9,88 €/KG","img":"https://fd9-photos.leclercdrive.fr/image.ashx?id=2915116&use=l&cat=p&typeid=i","cat":333683},{"id":5308,"n":"Biscuits Mini Rollos Pépito Chocolat au lait - 225g","p":1.84,"u":"8,18 €/KG","img":"https://fd9-photos.leclercdrive.fr/image.ashx?id=3014407&use=l&cat=p&typeid=i","cat":284488},{"id":5317,"n":"Lentilles cuisinées Raynal Et Roquelaure - 410g","p":1.22,"u":"2,98 €/KG","img":"https://fd9-photos.leclercdrive.fr/image.ashx?id=2928396&use=l&cat=p&typeid=i","cat":312609},{"id":5318,"n":"Biscuits galettes St Michel 130g","p":0.95,"u":"7,31 €/KG","img":"https://fd9-photos.leclercdrive.fr/image.ashx?id=2986149&use=l&cat=p&typeid=i","cat":284487},{"id":5321,"n":"Chocolat poudre Benco 400g","p":2.35,"u":"5,88 €/KG","img":"https://fd9-photos.leclercdrive.fr/image.ashx?id=2871805&use=l&cat=p&typeid=i","cat":293235},{"id":5325,"n":"Confiture Bonne Maman Fraise - 370g","p":1.8,"u":"4,86 €/KG","img":"https://fd9-photos.leclercdrive.fr/image.ashx?id=2474984&use=l&cat=p&typeid=i","cat":284480},{"id":5329,"n":"Saucisses aux lentilles William Saurin - 420g","p":2.24,"u":"5,33 €/KG","img":"https://fd9-photos.leclercdrive.fr/image.ashx?id=2890067&use=l&cat=p&typeid=i","cat":284441},{"id":5339,"n":"Fruits au sirop St Mamet Cocktail - 500g","p":3.5,"u":"7,00 €/KG","img":"https://fd9-photos.leclercdrive.fr/image.ashx?id=2412435&use=l&cat=p&typeid=i","cat":284507},{"id":5342,"n":"Soda Canada Dry Ginger Ale 1,5L","p":1.97,"u":"1,31 €/L","img":"https://fd9-photos.leclercdrive.fr/image.ashx?id=2654674&use=l&cat=p&typeid=i","cat":284531},{"id":5360,"n":"Dentifrice Sanogyl Blancheur et soin 75ml","p":2.44,"u":"32,53 €/L","img":"https://fd9-photos.leclercdrive.fr/image.ashx?id=2734015&use=l&cat=p&typeid=i","cat":284612},{"id":5362,"n":"Vin mousseux Charles Volner Brut - 12%vol. - 75cl","p":4.25,"u":"5,67 €/L","img":"https://fd9-photos.leclercdrive.fr/image.ashx?id=1592052&use=l&cat=p&typeid=i","cat":284544},{"id":5369,"n":"Légumes couscous Notre Jardin 800g","p":1.49,"u":"1,86 €/KG","img":"https://fd9-photos.leclercdrive.fr/image.ashx?id=2854213&use=l&cat=p&typeid=i","cat":312612},{"id":5381,"n":"Dentifrice Dentamyl Haleine fraîche 75ml","p":1.39,"u":"18,53 €/L","img":"https://fd9-photos.leclercdrive.fr/image.ashx?id=2613828&use=l&cat=p&typeid=i","cat":284612},{"id":5385,"n":"Lait coco Tables du Monde 200ml","p":0.86,"u":"4,30 €/L","img":"https://fd9-photos.leclercdrive.fr/image.ashx?id=2920172&use=l&cat=p&typeid=i","cat":288992},{"id":5386,"n":"Biscuit Petit beurre P'tit Déli Tablette chocolat lait - 150g","p":1.29,"u":"8,60 €/KG","img":"https://fd9-photos.leclercdrive.fr/image.ashx?id=2949176&use=l&cat=p&typeid=i","cat":284488},{"id":5390,"n":"Crème anglaise Délisse 50cl","p":1.28,"u":"2,56 €/L","img":"https://fd9-photos.leclercdrive.fr/image.ashx?id=3002569&use=l&cat=p&typeid=i","cat":284382},{"id":5391,"n":"Yaourts à boire Délisse 3 parfums - 6x180g","p":2.39,"u":"2,21 €/KG","img":"https://fd9-photos.leclercdrive.fr/image.ashx?id=2757924&use=l&cat=p&typeid=i","cat":284415},{"id":5393,"n":"Fromage blanc Délisse Framboise 5.5% MG - 500g","p":2.39,"u":"4,78 €/KG","img":"https://fd9-photos.leclercdrive.fr/image.ashx?id=3012821&use=l&cat=p&typeid=i","cat":284409},{"id":5399,"n":"Pur jus d'orange Bio Village Bio sans pulpe - 1L","p":2.45,"u":"2,45 €/L","img":"https://fd9-photos.leclercdrive.fr/image.ashx?id=2901521&use=l&cat=p&typeid=i","cat":284521},{"id":5400,"n":"Nouilles bouclées d'Alsace NRT 250g","p":1.39,"u":"5,56 €/KG","img":"https://fd9-photos.leclercdrive.fr/image.ashx?id=2839965&use=l&cat=p&typeid=i","cat":284427},{"id":5404,"n":"IGP Coquilles d'Alsace NRT 250g","p":1.39,"u":"5,56 €/KG","img":"https://fd9-photos.leclercdrive.fr/image.ashx?id=2839974&use=l&cat=p&typeid=i","cat":284427},{"id":5405,"n":"Saucisse sèche d'Auvergne  NRT - 300g","p":5.74,"u":"19,13 €/KG","img":"https://fd9-photos.leclercdrive.fr/image.ashx?id=2991473&use=l&cat=p&typeid=i","cat":316006},{"id":5406,"n":"Saucisson sec d'Auvergne IGP Nos Régions ont du Talent 300g","p":5.54,"u":"18,47 €/KG","img":"https://fd9-photos.leclercdrive.fr/image.ashx?id=2991476&use=l&cat=p&typeid=i","cat":316006},{"id":5407,"n":"Coquillettes d'Alsace NRT 250g","p":1.39,"u":"5,56 €/KG","img":"https://fd9-photos.leclercdrive.fr/image.ashx?id=2839977&use=l&cat=p&typeid=i","cat":284427},{"id":5449,"n":"Boîte chat Whiskas Terrine du marché - 4x400g","p":4.76,"u":"2,98 €/KG","img":"https://fd9-photos.leclercdrive.fr/image.ashx?id=2759619&use=l&cat=p&typeid=i","cat":285601},{"id":5465,"n":"Eau de source de Montagne 6x50cl","p":1.67,"u":"0,56 €/L","img":"https://fd9-photos.leclercdrive.fr/image.ashx?id=2727614&use=l&cat=p&typeid=i","cat":284535},{"id":5472,"n":"Biscuits barquettes P'tit Déli Fraise - 2x120g","p":1.66,"u":"6,92 €/KG","img":"https://fd9-photos.leclercdrive.fr/image.ashx?id=2691168&use=l&cat=p&typeid=i","cat":284489},{"id":5496,"n":"Pineau des Charentes rosé Jules Gautret 17%vol. 75cl","p":8.64,"u":"11,52 €/L","img":"https://fd9-photos.leclercdrive.fr/image.ashx?id=1933212&use=l&cat=p&typeid=i","cat":284913},{"id":5501,"n":"Sel La Baleine  Fin iodé 125g","p":0.37,"u":"2,96 €/KG","img":"https://fd9-photos.leclercdrive.fr/image.ashx?id=2019879&use=l&cat=p&typeid=i","cat":284457},{"id":5509,"n":"Pâtes Torsades Turini 1kg","p":1.29,"u":"1,29 €/KG","img":"https://fd9-photos.leclercdrive.fr/image.ashx?id=2980459&use=l&cat=p&typeid=i","cat":284427},{"id":5511,"n":"Sparadrap Primoplast Peaux délicates 5mx2.5cm","p":1.48,"img":"https://fd9-photos.leclercdrive.fr/image.ashx?id=2856426&use=l&cat=p&typeid=i","cat":284630},{"id":5512,"n":"Sparadrap Primoplast résistant 5mx2.5cm","p":1.49,"img":"https://fd9-photos.leclercdrive.fr/image.ashx?id=2856435&use=l&cat=p&typeid=i","cat":284630},{"id":5513,"n":"Miel Nid d'Abeille Crémeux - 1 kg","p":6.39,"u":"6,39 €/KG","img":"https://fd9-photos.leclercdrive.fr/image.ashx?id=2550369&use=l&cat=p&typeid=i","cat":287643},{"id":5515,"n":"Vin mousseux d'Union Européenne  brut  -75cl","p":2.99,"u":"3,99 €/L","img":"https://fd9-photos.leclercdrive.fr/image.ashx?id=2807279&use=l&cat=p&typeid=i","cat":284544},{"id":5526,"n":"Fromage Bleu d'Auvergne NRT  AOP - 125g","p":1.39,"u":"11,12 €/KG","img":"https://fd9-photos.leclercdrive.fr/image.ashx?id=2771040&use=l&cat=p&typeid=i","cat":314032},{"id":5529,"n":"Croquettes petits chiens Ultima  Poulet - Yorkshire - 800g","p":3.22,"u":"4,03 €/KG","img":"https://fd9-photos.leclercdrive.fr/image.ashx?id=2922224&use=l&cat=p&typeid=i","cat":294526},{"id":5536,"n":"Biscuits Pockitos Pépito Chocolat au lait - 295g","p":3.31,"u":"11,22 €/KG","img":"https://fd9-photos.leclercdrive.fr/image.ashx?id=3001955&use=l&cat=p&typeid=i","cat":284488},{"id":5542,"n":"Quenelles Petitjean veau Naturel - 255g","p":1.8,"u":"7,06 €/KG","img":"https://fd9-photos.leclercdrive.fr/image.ashx?id=2676573&use=l&cat=p&typeid=i","cat":284441},{"id":5543,"n":"Petites quenelles Petitjean De volaille au naturel - 255g","p":1.52,"u":"5,96 €/KG","img":"https://fd9-photos.leclercdrive.fr/image.ashx?id=2677225&use=l&cat=p&typeid=i","cat":284441},{"id":5545,"n":"Garniture Bouchées à la reine Petit Jean - 400g","p":2.27,"u":"5,68 €/KG","img":"https://fd9-photos.leclercdrive.fr/image.ashx?id=2677240&use=l&cat=p&typeid=i","cat":284441},{"id":5546,"n":"Pâté de foie William Saurin - 3x78g","p":2.44,"u":"10,43 €/KG","img":"https://fd9-photos.leclercdrive.fr/image.ashx?id=2392756&use=l&cat=p&typeid=i","cat":305149},{"id":5561,"n":"Tampons Doulys Digitaux Super - x24","p":1.26,"u":"0,05 €/P","img":"https://fd9-photos.leclercdrive.fr/image.ashx?id=2965413&use=l&cat=p&typeid=i","cat":284626},{"id":5563,"n":"Biscuits P'tit Déli Délimousse 175g","p":1.51,"u":"8,63 €/KG","img":"https://fd9-photos.leclercdrive.fr/image.ashx?id=2540936&use=l&cat=p&typeid=i","cat":284495},{"id":5564,"n":"Lingettes nettoyantes Clair Vitres 3en1 x20","p":0.87,"u":"0,04 €/P","img":"https://fd9-photos.leclercdrive.fr/image.ashx?id=2858827&use=l&cat=p&typeid=i","cat":325363},{"id":5573,"n":"Quenelles Côté Table volaille Sauce champignons 400g","p":1.75,"u":"4,38 €/KG","img":"https://fd9-photos.leclercdrive.fr/image.ashx?id=2977135&use=l&cat=p&typeid=i","cat":284441},{"id":5574,"n":"Quenelles Côté Table saumon Sauce crevette 400g","p":1.8,"u":"4,50 €/KG","img":"https://fd9-photos.leclercdrive.fr/image.ashx?id=2977138&use=l&cat=p&typeid=i","cat":284441},{"id":5575,"n":"Compote Douceur du Verger Gourdes Pomme - 12x90g","p":2.7,"u":"2,50 €/KG","img":"https://fd9-photos.leclercdrive.fr/image.ashx?id=2837033&use=l&cat=p&typeid=i","cat":284508},{"id":5576,"n":"Biscuits choco barre P'tit Déli Chocolat lait 295g","p":2.64,"u":"8,95 €/KG","img":"https://fd9-photos.leclercdrive.fr/image.ashx?id=2618229&use=l&cat=p&typeid=i","cat":284488},{"id":5578,"n":"Cuillers à pâtisserie  P'tit Déli 300g","p":2.49,"u":"8,30 €/KG","img":"https://fd9-photos.leclercdrive.fr/image.ashx?id=2046352&use=l&cat=p&typeid=i","cat":284487},{"id":5581,"n":"Chewing-gum sans sucre Freedent Menthe verte 5x10 dragées 70g","p":2.02,"img":"https://fd9-photos.leclercdrive.fr/image.ashx?id=2325482&use=l&cat=p&typeid=i","cat":304251},{"id":5582,"n":"Chewing-gum Freedent white Fruits sans sucre x50 - 70g","p":2.11,"u":"30,14 €/KG","img":"https://fd9-photos.leclercdrive.fr/image.ashx?id=2237283&use=l&cat=p&typeid=i","cat":304251},{"id":5600,"n":"Pâté Hénaff 78g","p":1.31,"u":"16,79 €/KG","img":"https://fd9-photos.leclercdrive.fr/image.ashx?id=2280516&use=l&cat=p&typeid=i","cat":305149},{"id":5612,"n":"Eau de source Cristaline 6x1,5L","p":1.12,"u":"0,12 €/L","img":"https://fd9-photos.leclercdrive.fr/image.ashx?id=2389449&use=l&cat=p&typeid=i","cat":284535},{"id":5619,"n":"Oeufs de lompe Ronde des Mers Rouge - MSC - 100g","p":2.6,"u":"26,00 €/KG","img":"https://fd9-photos.leclercdrive.fr/image.ashx?id=2822720&use=l&cat=p&typeid=i","cat":285191},{"id":5621,"n":"Chips crevette Tokapi 50g","p":0.65,"u":"13,00 €/KG","img":"https://fd9-photos.leclercdrive.fr/image.ashx?id=3013573&use=l&cat=p&typeid=i","cat":288992},{"id":5622,"n":"Croquettes chiens Lydog Spécial Forme - Volaille - 4kg","p":4.99,"u":"1,25 €/KG","img":"https://fd9-photos.leclercdrive.fr/image.ashx?id=2191117&use=l&cat=p&typeid=i","cat":284672},{"id":5630,"n":"Papier toilette blanc Mimosa Ultra doux maxi rouleau - x12","p":5.4,"u":"0,45 €/P","img":"https://fd9-photos.leclercdrive.fr/image.ashx?id=2777848&use=l&cat=p&typeid=i","cat":284634},{"id":5633,"n":"Soufflés Grignot' Tokapi Cacahuète - 90g","p":0.7,"u":"7,78 €/KG","img":"https://fd9-photos.leclercdrive.fr/image.ashx?id=2049223&use=l&cat=p&typeid=i","cat":284449},{"id":5681,"n":"Baguette Tradition           250g","p":0.95,"u":"3,80 €/KG","img":"https://fd9-photos.leclercdrive.fr/image.ashx?id=2442057&use=l&cat=p&typeid=i","cat":284359},{"id":5683,"n":"Champignon de Paris  250g","p":1.5,"u":"6,00 €/KG","img":"https://fd9-photos.leclercdrive.fr/image.ashx?id=1631910&use=l&cat=p&typeid=i","cat":284352},{"id":5736,"n":"Sel adoucisseur Axal Pastilles - 10kg","p":4.99,"u":"0,50 €/KG","img":"https://fd9-photos.leclercdrive.fr/image.ashx?id=2504482&use=l&cat=p&typeid=i","cat":335918},{"id":5737,"n":"Sel adoucisseur Pastilles - 25kg","p":8.95,"u":"0,36 €/KG","img":"https://fd9-photos.leclercdrive.fr/image.ashx?id=2504479&use=l&cat=p&typeid=i","cat":335918},{"id":5815,"n":"Pommes de terre en rondelles Allaire - 500g","p":1.57,"u":"3,14 €/KG","img":"https://fd9-photos.leclercdrive.fr/image.ashx?id=2472267&use=l&cat=p&typeid=i","cat":284352},{"id":5816,"n":"Rillettes de thon Cap Océan MSC 150g","p":1.88,"u":"12,53 €/KG","img":"https://fd9-photos.leclercdrive.fr/image.ashx?id=2668440&use=l&cat=p&typeid=i","cat":285191},{"id":5817,"n":"Rillettes de saumon Cap ocean 150g","p":1.88,"u":"12,53 €/KG","img":"https://fd9-photos.leclercdrive.fr/image.ashx?id=2985147&use=l&cat=p&typeid=i","cat":285191},{"id":5823,"n":"Lait demi-écrémé Lactel Vitamine D Bouteille - 6x50cl","p":6.06,"u":"2,02 €/L","img":"https://fd9-photos.leclercdrive.fr/image.ashx?id=2993403&use=l&cat=p&typeid=i","cat":284377},{"id":5831,"n":"Ketchup Rustica Epicé - 560g","p":1.59,"u":"2,84 €/KG","img":"https://fd9-photos.leclercdrive.fr/image.ashx?id=3005667&use=l&cat=p&typeid=i","cat":284455},{"id":5833,"n":"Biscuits Cuillers P'tit Déli Dégustation x20 - 200g","p":2.49,"u":"12,45 €/KG","img":"https://fd9-photos.leclercdrive.fr/image.ashx?id=1856164&use=l&cat=p&typeid=i","cat":284487},{"id":5839,"n":"Tarama Rondes des mers Au saumon fumé - 100g","p":1.33,"u":"13,30 €/P","img":"https://fd9-photos.leclercdrive.fr/image.ashx?id=2824609&use=l&cat=p&typeid=i","cat":315999},{"id":5841,"n":"Allume-feu Silex gel 1L","p":4.52,"u":"4,52 €/L","img":"https://fd9-photos.leclercdrive.fr/image.ashx?id=2753363&use=l&cat=p&typeid=i","cat":300578},{"id":5844,"n":"Saumon Ronde des Mers Tranches pour toasts - 80g","p":4.59,"u":"57,38 €/KG","img":"https://fd9-photos.leclercdrive.fr/image.ashx?id=2449972&use=l&cat=p&typeid=i","cat":285188},{"id":5846,"n":"Saumon fumé Ronde des Mers Ecosse x8T - 300g","p":10.99,"u":"36,63 €/KG","img":"https://fd9-photos.leclercdrive.fr/image.ashx?id=2449978&use=l&cat=p&typeid=i","cat":285188},{"id":5850,"n":"Couscous Côté Table Poulet merguez 450g","p":2.7,"u":"6,00 €/KG","img":"https://fd9-photos.leclercdrive.fr/image.ashx?id=1936608&use=l&cat=p&typeid=i","cat":333665},{"id":5859,"n":"Guacamole Tables du Monde 200g","p":2.29,"u":"13,09 €/KG","img":"https://fd9-photos.leclercdrive.fr/image.ashx?id=2872252&use=l&cat=p&typeid=i","cat":315999},{"id":5861,"n":"Tagliatelle Côté Table Carbonara 330g","p":2.35,"u":"7,12 €/KG","img":"https://fd9-photos.leclercdrive.fr/image.ashx?id=2797775&use=l&cat=p&typeid=i","cat":333665},{"id":5865,"n":"Actifidus Délisse Noix de coco - 4x125g","p":1.38,"u":"2,76 €/KG","img":"https://fd9-photos.leclercdrive.fr/image.ashx?id=2421039&use=l&cat=p&typeid=i","cat":315000},{"id":5866,"n":"Actifidus Délisse Vanille - 12x125g","p":2.58,"u":"1,72 €/KG","img":"https://fd9-photos.leclercdrive.fr/image.ashx?id=2751877&use=l&cat=p&typeid=i","cat":315000},{"id":5869,"n":"Spécialité au soja Nat & Vie Chocolat - 4x100g","p":1.34,"u":"3,35 €/KG","img":"https://fd9-photos.leclercdrive.fr/image.ashx?id=2901437&use=l&cat=p&typeid=i","cat":316071},{"id":5870,"n":"Boisson soja nature Végé 1L Végé - 200g","p":0.85,"u":"0,85 €/L","img":"https://fd9-photos.leclercdrive.fr/image.ashx?id=2861413&use=l&cat=p&typeid=i","cat":316067},{"id":5871,"n":"Yaourts à boire DéliUp' Délisse Fraise - 10x100g","p":2.87,"u":"2,87 €/KG","img":"https://fd9-photos.leclercdrive.fr/image.ashx?id=1871092&use=l&cat=p&typeid=i","cat":284415},{"id":5873,"n":"Beignets crevettes Tables du Monde x6 140g","p":2.06,"u":"14,71 €/KG","img":"https://fd9-photos.leclercdrive.fr/image.ashx?id=2865053&use=l&cat=p&typeid=i","cat":333673},{"id":5880,"n":"Yaourts mousse Petits Délis Fruits - 6x74g","p":1.77,"u":"3,99 €/KG","img":"https://fd9-photos.leclercdrive.fr/image.ashx?id=2907057&use=l&cat=p&typeid=i","cat":284414},{"id":5891,"n":"Tzatziki Tables du Monde 200g","p":1.59,"u":"7,95 €/KG","img":"https://fd9-photos.leclercdrive.fr/image.ashx?id=2872255&use=l&cat=p&typeid=i","cat":315999},{"id":5895,"n":"Tripes mode de caen NRT 600g","p":3.99,"u":"6,65 €/KG","img":"https://fd9-photos.leclercdrive.fr/image.ashx?id=2723198&use=l&cat=p&typeid=i","cat":284441},{"id":5896,"n":"Litière rongeurs P'tit Ami 15L","p":1.32,"u":"0,09 €/L","img":"https://fd9-photos.leclercdrive.fr/image.ashx?id=2162198&use=l&cat=p&typeid=i","cat":284677},{"id":5901,"n":"Filtre à café Melitta 1x4 Original - x40","p":1.13,"u":"0,03 €/P","img":"https://fd9-photos.leclercdrive.fr/image.ashx?id=2882053&use=l&cat=p&typeid=i","cat":284751},{"id":5907,"n":"Haricots beurre d'aucy Extra-fins - 440g","p":1.92,"u":"4,36 €/KG","img":"https://fd9-photos.leclercdrive.fr/image.ashx?id=2431536&use=l&cat=p&typeid=i","cat":312606},{"id":5909,"n":"Mini gâches briochettes NRT Pur beurre x8 - 360g","p":2.07,"u":"5,75 €/KG","img":"https://fd9-photos.leclercdrive.fr/image.ashx?id=2670416&use=l&cat=p&typeid=i","cat":284478},{"id":5951,"n":"Ravioli bolognaise   Panzani - 800g","p":3.68,"u":"4,60 €/KG","img":"https://fd9-photos.leclercdrive.fr/image.ashx?id=2876062&use=l&cat=p&typeid=i","cat":284442},{"id":5952,"n":"Couscous Grain Moyen Ferrero - 1kg","p":2.46,"u":"2,46 €/KG","img":"https://fd9-photos.leclercdrive.fr/image.ashx?id=2744740&use=l&cat=p&typeid=i","cat":284429},{"id":5954,"n":"Café moulu San Marco Arabica - 2x250g","p":10.49,"u":"20,98 €/KG","img":"https://fd9-photos.leclercdrive.fr/image.ashx?id=2645510&use=l&cat=p&typeid=i","cat":284750},{"id":6035,"n":"Sauce tomate bio Jardin Bio' Provençale - 200g","p":1.54,"u":"7,70 €/KG","img":"https://fd9-photos.leclercdrive.fr/image.ashx?id=3014494&use=l&cat=p&typeid=i","cat":287599},{"id":6037,"n":"Ratatouille Jardin Bio' A la provençale bio - 650g","p":2.89,"u":"4,45 €/KG","img":"https://fd9-photos.leclercdrive.fr/image.ashx?id=2903230&use=l&cat=p&typeid=i","cat":312612},{"id":6038,"n":"Lentilles corail bio Jardin Bio 500g","p":2.34,"u":"4,68 €/KG","img":"https://fd9-photos.leclercdrive.fr/image.ashx?id=2415999&use=l&cat=p&typeid=i","cat":284430},{"id":6039,"n":"Vinaigre de cidre Jardin Bio Bio - 75cl","p":2.41,"u":"3,21 €/L","img":"https://fd9-photos.leclercdrive.fr/image.ashx?id=2918295&use=l&cat=p&typeid=i","cat":298543},{"id":6046,"n":"Riz de Camargue Jardin Bio Semi-complet bio - 500g","p":2.29,"u":"4,58 €/KG","img":"https://fd9-photos.leclercdrive.fr/image.ashx?id=2535487&use=l&cat=p&typeid=i","cat":284428},{"id":6048,"n":"Sauce tomate Jardin Bio' Bio Basilic - 200g","p":1.52,"u":"7,60 €/KG","img":"https://fd9-photos.leclercdrive.fr/image.ashx?id=2967848&use=l&cat=p&typeid=i","cat":287599},{"id":6049,"n":"Ravioli Jardin Bio Bio légumes - 675g","p":2.92,"u":"4,33 €/KG","img":"https://fd9-photos.leclercdrive.fr/image.ashx?id=2534878&use=l&cat=p&typeid=i","cat":284442},{"id":6054,"n":"Sauce tomate Jardin Bio Bio spaghetti - 200g","p":1.79,"u":"8,95 €/KG","img":"https://fd9-photos.leclercdrive.fr/image.ashx?id=3000192&use=l&cat=p&typeid=i","cat":287599},{"id":6058,"n":"Spaguetti Jardin Bio Bio quinoa tomate - 500g","p":2.04,"u":"4,08 €/KG","img":"https://fd9-photos.leclercdrive.fr/image.ashx?id=3002108&use=l&cat=p&typeid=i","cat":284427},{"id":6063,"n":"Ketchup Jardin Bio' Bio - 560g","p":2.23,"u":"3,98 €/KG","img":"https://fd9-photos.leclercdrive.fr/image.ashx?id=2918316&use=l&cat=p&typeid=i","cat":284455},{"id":6067,"n":"Huile d'olive Bio Village Bio Vierge extra - 75cl","p":7.47,"u":"9,96 €/L","img":"https://fd9-photos.leclercdrive.fr/image.ashx?id=3005697&use=l&cat=p&typeid=i","cat":284453},{"id":6068,"n":"Spaghetti Bio Village Bio - 500g","p":0.83,"u":"1,66 €/KG","img":"https://fd9-photos.leclercdrive.fr/image.ashx?id=2503284&use=l&cat=p&typeid=i","cat":284427},{"id":6069,"n":"Pâtes Coquillettes Bio Village Bio - 500g","p":0.84,"u":"1,68 €/KG","img":"https://fd9-photos.leclercdrive.fr/image.ashx?id=2625364&use=l&cat=p&typeid=i","cat":284427},{"id":6070,"n":"Pâtes tagliatelles Bio Village Bio - 250g","p":1.65,"u":"6,60 €/KG","img":"https://fd9-photos.leclercdrive.fr/image.ashx?id=1986832&use=l&cat=p&typeid=i","cat":284427},{"id":6073,"n":"Crème fraîche bio Bio village Epaisse - 30% MG - 20cl","p":1.17,"u":"5,85 €/L","img":"https://fd9-photos.leclercdrive.fr/image.ashx?id=1975047&use=l&cat=p&typeid=i","cat":284381},{"id":6075,"n":"Quinoa Bio Village Bio - 500g","p":3.25,"u":"6,50 €/KG","img":"https://fd9-photos.leclercdrive.fr/image.ashx?id=2245755&use=l&cat=p&typeid=i","cat":284429},{"id":6078,"n":"Yaourts lait brebis nature Bio Bio village - 2x125g","p":1.42,"u":"5,68 €/KG","img":"https://fd9-photos.leclercdrive.fr/image.ashx?id=2841959&use=l&cat=p&typeid=i","cat":314998},{"id":6085,"n":"Jus de fruits Tropicana Multivitamines - 1,5L","p":3.44,"u":"2,29 €/L","img":"https://fd9-photos.leclercdrive.fr/image.ashx?id=2605818&use=l&cat=p&typeid=i","cat":284917},{"id":6089,"n":"Pâtes Blé complet Barilla Spaghetti Integrale - 500g","p":1.33,"u":"2,66 €/KG","img":"https://fd9-photos.leclercdrive.fr/image.ashx?id=2986951&use=l&cat=p&typeid=i","cat":284427},{"id":6105,"n":"Biscuits apéritif Lay's 3D's Goût Nature Sel - 85g","p":0.87,"u":"10,24 €/KG","img":"https://fd9-photos.leclercdrive.fr/image.ashx?id=2917417&use=l&cat=p&typeid=i","cat":284449},{"id":6106,"n":"Biscuits apéritif Lay's 3D's Goût Fromage - 85g","p":0.87,"u":"10,24 €/KG","img":"https://fd9-photos.leclercdrive.fr/image.ashx?id=2923672&use=l&cat=p&typeid=i","cat":284449},{"id":6145,"n":"Biscuits Goûters REM Chocolat - 3x125g","p":2.61,"u":"6,96 €/KG","img":"https://fd9-photos.leclercdrive.fr/image.ashx?id=2841193&use=l&cat=p&typeid=i","cat":284488},{"id":6147,"n":"Biscuits barres Pockitos Pépito Chocolat au lait - 162g","p":1.91,"u":"11,79 €/KG","img":"https://fd9-photos.leclercdrive.fr/image.ashx?id=3001964&use=l&cat=p&typeid=i","cat":284488},{"id":6150,"n":"Pâtes Panzani perles 500g","p":1.72,"u":"3,44 €/KG","img":"https://fd9-photos.leclercdrive.fr/image.ashx?id=2896066&use=l&cat=p&typeid=i","cat":284427},{"id":6152,"n":"Pâtes gansettes Panzani 500g","p":1.19,"u":"2,38 €/KG","img":"https://fd9-photos.leclercdrive.fr/image.ashx?id=2876017&use=l&cat=p&typeid=i","cat":284427},{"id":6153,"n":"Pâtes Macaroni Panzani 1kg","p":1.89,"u":"1,89 €/KG","img":"https://fd9-photos.leclercdrive.fr/image.ashx?id=2876026&use=l&cat=p&typeid=i","cat":284427},{"id":6154,"n":"Pâtes farfalle Panzani 500g","p":1.11,"u":"2,22 €/KG","img":"https://fd9-photos.leclercdrive.fr/image.ashx?id=2884300&use=l&cat=p&typeid=i","cat":284427},{"id":6155,"n":"Pâtes Torti Panzani 3 Minutes - 500G","p":1.29,"u":"2,58 €/KG","img":"https://fd9-photos.leclercdrive.fr/image.ashx?id=2896084&use=l&cat=p&typeid=i","cat":284427},{"id":6169,"n":"Fromage apéritif Apéricube Nature 24 cubes","p":2.21,"u":"17,68 €/KG","img":"https://fd9-photos.leclercdrive.fr/image.ashx?id=2883447&use=l&cat=p&typeid=i","cat":314027},{"id":6188,"n":"Boisson lactée Candy'UP Fraise - 6x20cl","p":2.89,"u":"2,41 €/L","img":"https://fd9-photos.leclercdrive.fr/image.ashx?id=2485629&use=l&cat=p&typeid=i","cat":295246},{"id":6192,"n":"Rôti de dinde cuit Maître Coq 500g","p":5.95,"u":"11,90 €/KG","img":"https://fd9-photos.leclercdrive.fr/image.ashx?id=2340159&use=l&cat=p&typeid=i","cat":284337},{"id":6196,"n":"AOP Côtes du Rhône rouge Prestige Cellier Dauphins 75cl","p":3.33,"u":"4,44 €/L","img":"https://fd9-photos.leclercdrive.fr/image.ashx?id=2490533&use=l&cat=p&typeid=i","cat":289556},{"id":6199,"n":"Beurre Moulé Paysan Breton Demi-sel - 80%MG - 250g","p":3.23,"u":"12,92 €/KG","img":"https://fd9-photos.leclercdrive.fr/image.ashx?id=2947844&use=l&cat=p&typeid=i","cat":284379},{"id":6223,"n":"Fromage Maroilles AOP  Nos Régions ont du Talent 200g","p":2.69,"u":"13,45 €/KG","img":"https://fd9-photos.leclercdrive.fr/image.ashx?id=2411892&use=l&cat=p&typeid=i","cat":329558},{"id":6242,"n":"Café soluble Plantation Qualité filtre - 100g","p":2.75,"u":"27,50 €/KG","img":"https://fd9-photos.leclercdrive.fr/image.ashx?id=2834272&use=l&cat=p&typeid=i","cat":284843},{"id":6254,"n":"Salade Coleslaw Menu Fraîcheur  300g","p":1.19,"u":"3,97 €/KG","img":"https://fd9-photos.leclercdrive.fr/image.ashx?id=2645891&use=l&cat=p&typeid=i","cat":333657},{"id":6256,"n":"Pizza Turini Jambon champignons - 450g","p":2.73,"u":"6,07 €/KG","img":"https://fd9-photos.leclercdrive.fr/image.ashx?id=2709734&use=l&cat=p&typeid=i","cat":333679},{"id":6276,"n":"Part de flan  2x1p","p":3.2,"u":"1,60 €/P","img":"https://fd9-photos.leclercdrive.fr/image.ashx?id=572782&use=l&cat=p&typeid=i","cat":284360},{"id":6282,"n":"Pains au chocolat x4 200g","p":2.99,"u":"14,95 €/KG","img":"https://fd9-photos.leclercdrive.fr/image.ashx?id=2070965&use=l&cat=p&typeid=i","cat":284984},{"id":6291,"n":"Semoule fine Panzani 500g","p":1.21,"u":"2,42 €/KG","img":"https://fd9-photos.leclercdrive.fr/image.ashx?id=2745559&use=l&cat=p&typeid=i","cat":284429},{"id":6316,"n":"Escalope de poulet Côté Croc À la Bolognaise x2 - 200g","p":1.99,"u":"9,95 €/KG","img":"https://fd9-photos.leclercdrive.fr/image.ashx?id=2814420&use=l&cat=p&typeid=i","cat":333683},{"id":6344,"n":"Boules soufflées Tokapi  Fromage - 50g","p":0.58,"u":"11,60 €/KG","img":"https://fd9-photos.leclercdrive.fr/image.ashx?id=2885762&use=l&cat=p&typeid=i","cat":284449},{"id":6346,"n":"Madeleines longues P'tit Déli  Pur beurre 250g","p":1.57,"u":"6,28 €/KG","img":"https://fd9-photos.leclercdrive.fr/image.ashx?id=2999487&use=l&cat=p&typeid=i","cat":284492},{"id":6348,"n":"Tarama Ronde des Mers Oeufs de cabillaud - 250g","p":2.3,"u":"9,20 €/KG","img":"https://fd9-photos.leclercdrive.fr/image.ashx?id=2831571&use=l&cat=p&typeid=i","cat":315999},{"id":6350,"n":"Eponges Mamison couleur Super absorbantes x3","p":1.22,"u":"0,41 €/P","img":"https://fd9-photos.leclercdrive.fr/image.ashx?id=2458049&use=l&cat=p&typeid=i","cat":284667},{"id":6353,"n":"Pancetta italienne Saint Azay 10 tranches - 100g","p":2.89,"u":"28,90 €/KG","img":"https://fd9-photos.leclercdrive.fr/image.ashx?id=2665847&use=l&cat=p&typeid=i","cat":316007},{"id":6355,"n":"AOC Clairette de Die doux Rives et Terrasses - 75cl","p":5.29,"u":"7,05 €/L","img":"https://fd9-photos.leclercdrive.fr/image.ashx?id=2753369&use=l&cat=p&typeid=i","cat":284544},{"id":6357,"n":"Chorizo doux Saint Azay 30 tranches - 150g","p":2.09,"u":"13,93 €/KG","img":"https://fd9-photos.leclercdrive.fr/image.ashx?id=1873710&use=l&cat=p&typeid=i","cat":316007},{"id":6359,"n":"Croûtons Epi d'Or Fromage - 90g","p":0.99,"u":"11,00 €/KG","img":"https://fd9-photos.leclercdrive.fr/image.ashx?id=2651783&use=l&cat=p&typeid=i","cat":284464},{"id":6360,"n":"Croûtons Epi d'Or  Oignon - 90g","p":0.99,"u":"11,00 €/KG","img":"https://fd9-photos.leclercdrive.fr/image.ashx?id=2640986&use=l&cat=p&typeid=i","cat":284464},{"id":6362,"n":"Mélange Gourmand Tokapi  Graines et raisins - 120g","p":1.29,"u":"10,75 €/KG","img":"https://fd9-photos.leclercdrive.fr/image.ashx?id=2795547&use=l&cat=p&typeid=i","cat":284448},{"id":6364,"n":"Fromage Reblochon de Savoie NRT AOP - 450g","p":6.25,"u":"13,89 €/KG","img":"https://fd9-photos.leclercdrive.fr/image.ashx?id=2663809&use=l&cat=p&typeid=i","cat":314037},{"id":6365,"n":"Galettes sarrasin NRT de Bretagne 230g","p":1.79,"u":"7,78 €/KG","img":"https://fd9-photos.leclercdrive.fr/image.ashx?id=2770259&use=l&cat=p&typeid=i","cat":333672},{"id":6369,"n":"Pains au lait La Fournée Dorée Aux oeufs frais - x10 - 350g","p":2.24,"u":"6,40 €/KG","img":"https://fd9-photos.leclercdrive.fr/image.ashx?id=2684563&use=l&cat=p&typeid=i","cat":293505},{"id":6380,"n":"Sauce roquefort Knorr 30cl","p":3.25,"u":"10,83 €/L","img":"https://fd9-photos.leclercdrive.fr/image.ashx?id=2468749&use=l&cat=p&typeid=i","cat":288381},{"id":6391,"n":"Compotes Andros Pomme poire 750g","p":1.86,"u":"2,48 €/KG","img":"https://fd9-photos.leclercdrive.fr/image.ashx?id=2396117&use=l&cat=p&typeid=i","cat":284508},{"id":6392,"n":"Compotes Andros Pomme vanille 750g","p":1.86,"u":"2,48 €/KG","img":"https://fd9-photos.leclercdrive.fr/image.ashx?id=2396120&use=l&cat=p&typeid=i","cat":284508},{"id":6434,"n":"Eau gazeuse Cristaline 6x1,5L","p":1.75,"u":"0,19 €/L","img":"https://fd9-photos.leclercdrive.fr/image.ashx?id=2694602&use=l&cat=p&typeid=i","cat":284536},{"id":6437,"n":"Fromage P'tit Louis  Filet 8 Portions - 160g","p":2.83,"u":"17,69 €/KG","img":"https://fd9-photos.leclercdrive.fr/image.ashx?id=2845994&use=l&cat=p&typeid=i","cat":314030},{"id":6448,"n":"Petits pois carottes Très fins  Notre Jardin -A l'étuvée - 265g","p":0.95,"u":"3,58 €/KG","img":"https://fd9-photos.leclercdrive.fr/image.ashx?id=2987973&use=l&cat=p&typeid=i","cat":312607},{"id":6452,"n":"Flan Délisse Vanille Caramel - 12x100g","p":1.89,"u":"1,58 €/KG","img":"https://fd9-photos.leclercdrive.fr/image.ashx?id=2851637&use=l&cat=p&typeid=i","cat":284420},{"id":6455,"n":"Soufflés Snacks Tokapi Bacon - 60g","p":0.48,"u":"8,00 €/KG","img":"https://fd9-photos.leclercdrive.fr/image.ashx?id=2625062&use=l&cat=p&typeid=i","cat":284449},{"id":6456,"n":"Haricots beurre d'aucy Extra-fins - 220g","p":1.39,"u":"6,32 €/KG","img":"https://fd9-photos.leclercdrive.fr/image.ashx?id=2438123&use=l&cat=p&typeid=i","cat":312606},{"id":6460,"n":"Cassoulet Toulousain   Raynal Et Roquelaure - 420g","p":2.92,"u":"6,95 €/KG","img":"https://fd9-photos.leclercdrive.fr/image.ashx?id=2928390&use=l&cat=p&typeid=i","cat":284440},{"id":6467,"n":"Pâtes Macaroni Turini 1kg","p":1.35,"u":"1,35 €/KG","img":"https://fd9-photos.leclercdrive.fr/image.ashx?id=2980432&use=l&cat=p&typeid=i","cat":284427},{"id":6472,"n":"Miel L'Apiculteur crémeux  et onctueux- 500g","p":5.55,"u":"11,10 €/KG","img":"https://fd9-photos.leclercdrive.fr/image.ashx?id=2854387&use=l&cat=p&typeid=i","cat":287643},{"id":6484,"n":"Alcool modifié Mercurochrome 70° - 200ml","p":2.44,"u":"12,20 €/L","img":"https://fd9-photos.leclercdrive.fr/image.ashx?id=2663974&use=l&cat=p&typeid=i","cat":284630},{"id":6486,"n":"Biscuits apéritif Lay's 3D's Goût Bacon - 85g","p":0.8,"u":"9,41 €/KG","img":"https://fd9-photos.leclercdrive.fr/image.ashx?id=2917414&use=l&cat=p&typeid=i","cat":284449},{"id":6511,"n":"Pâtes Spaghetti Turini 1kg","p":1.35,"u":"1,35 €/KG","img":"https://fd9-photos.leclercdrive.fr/image.ashx?id=2980764&use=l&cat=p&typeid=i","cat":284427},{"id":6512,"n":"Riz long Comptoir du Grain Sachet cuisson rapide x4 - 500g","p":1.25,"u":"2,50 €/KG","img":"https://fd9-photos.leclercdrive.fr/image.ashx?id=2118454&use=l&cat=p&typeid=i","cat":284428},{"id":6513,"n":"Vinaigre de vin Rustica Aromatisé à l'échalote - 75cl","p":1.35,"u":"1,80 €/L","img":"https://fd9-photos.leclercdrive.fr/image.ashx?id=1659936&use=l&cat=p&typeid=i","cat":298543},{"id":6514,"n":"Margarine Nat & vie Idéal cuisson - 500g","p":1.29,"u":"2,58 €/KG","img":"https://fd9-photos.leclercdrive.fr/image.ashx?id=2903932&use=l&cat=p&typeid=i","cat":315229},{"id":6516,"n":"Gâteaux P'tit Déli Pépites au chocolat 5x30g","p":1.02,"u":"6,80 €/KG","img":"https://fd9-photos.leclercdrive.fr/image.ashx?id=1986647&use=l&cat=p&typeid=i","cat":284495},{"id":6519,"n":"Soufflés Frites Tokapi Salé - 80g","p":0.65,"u":"8,13 €/KG","img":"https://fd9-photos.leclercdrive.fr/image.ashx?id=2486074&use=l&cat=p&typeid=i","cat":284449},{"id":6521,"n":"Pâtes chinoises Tables du Monde 250g","p":1.19,"u":"4,76 €/KG","img":"https://fd9-photos.leclercdrive.fr/image.ashx?id=2572058&use=l&cat=p&typeid=i","cat":288992},{"id":6523,"n":"Champignons Paris Notre Jardin Emincés - 2x115g","p":1.71,"u":"7,43 €/KG","img":"https://fd9-photos.leclercdrive.fr/image.ashx?id=2991124&use=l&cat=p&typeid=i","cat":312610},{"id":6525,"n":"Serviette hygiénique Doulys Ultra - Super+ - x12","p":0.9,"u":"0,08 €/P","img":"https://fd9-photos.leclercdrive.fr/image.ashx?id=2838918&use=l&cat=p&typeid=i","cat":284624},{"id":6526,"n":"Serviette hygiénique Doulys Ultra - Spécial nuit - x10","p":1.29,"u":"0,13 €/P","img":"https://fd9-photos.leclercdrive.fr/image.ashx?id=2838921&use=l&cat=p&typeid=i","cat":284624},{"id":6568,"n":"Tarte au citron 6/8 parts  1 p","p":7.6,"img":"https://fd9-photos.leclercdrive.fr/image.ashx?id=576844&use=l&cat=p&typeid=i","cat":284360},{"id":6579,"n":"Vinaigre d'alcool coloré Eco+ 1L","p":0.35,"u":"0,35 €/L","img":"https://fd9-photos.leclercdrive.fr/image.ashx?id=2991410&use=l&cat=p&typeid=i","cat":298543},{"id":6580,"n":"Fromage de chévre Les Croisés 150g","p":1.42,"u":"9,47 €/KG","img":"https://fd9-photos.leclercdrive.fr/image.ashx?id=2978510&use=l&cat=p&typeid=i","cat":314031},{"id":6581,"n":"Fromage : Le carrou Les croisés Authentique - 27% mg - 220g","p":2.43,"u":"11,05 €/KG","img":"https://fd9-photos.leclercdrive.fr/image.ashx?id=2856272&use=l&cat=p&typeid=i","cat":314033},{"id":6589,"n":"Fromage Chaource NRT AOP  250g","p":3.55,"u":"14,20 €/KG","img":"https://fd9-photos.leclercdrive.fr/image.ashx?id=2874768&use=l&cat=p&typeid=i","cat":329558},{"id":6630,"n":"Pâtes torsettes Turini Les 3 min - 500g","p":0.82,"u":"1,64 €/KG","img":"https://fd9-photos.leclercdrive.fr/image.ashx?id=2607467&use=l&cat=p&typeid=i","cat":284427},{"id":6633,"n":"Eau déminéralisée 5L","p":1.51,"u":"0,30 €/L","img":"https://fd9-photos.leclercdrive.fr/image.ashx?id=2277020&use=l&cat=p&typeid=i","cat":284653},{"id":6648,"n":"Boîte chocolats Ferrero Rocher x28 pralines - 350g","p":12.14,"u":"34,69 €/KG","img":"https://fd9-photos.leclercdrive.fr/image.ashx?id=2952884&use=l&cat=p&typeid=i","cat":327600},{"id":6711,"n":"Spray nettoyant vitres Clair Recharge 750ml","p":1.09,"u":"1,45 €/L","img":"https://fd9-photos.leclercdrive.fr/image.ashx?id=1647691&use=l&cat=p&typeid=i","cat":325363},{"id":6712,"n":"Spray nettoyant vitres Clair 750ml","p":1.29,"u":"1,72 €/L","img":"https://fd9-photos.leclercdrive.fr/image.ashx?id=2943623&use=l&cat=p&typeid=i","cat":325363},{"id":6714,"n":"Fromage raclette Entremont Saveur d'Antan 350g","p":4.83,"u":"13,80 €/KG","img":"https://fd9-photos.leclercdrive.fr/image.ashx?id=2984985&use=l&cat=p&typeid=i","cat":314037},{"id":6715,"n":"Assiette charcuterie Saint Azay 200g","p":3.11,"u":"15,55 €/KG","img":"https://fd9-photos.leclercdrive.fr/image.ashx?id=2417734&use=l&cat=p&typeid=i","cat":316007},{"id":6780,"n":"Ail semoule Ducros 60g","p":1.8,"u":"30,00 €/KG","img":"https://fd9-photos.leclercdrive.fr/image.ashx?id=2498672&use=l&cat=p&typeid=i","cat":298297},{"id":6788,"n":"Herbes de provence Ducros 18g","p":0.98,"u":"54,44 €/KG","img":"https://fd9-photos.leclercdrive.fr/image.ashx?id=2486533&use=l&cat=p&typeid=i","cat":298297},{"id":6791,"n":"Piment de cayenne moulu Ducros Extra fort - 38g","p":1.62,"u":"42,63 €/KG","img":"https://fd9-photos.leclercdrive.fr/image.ashx?id=2559433&use=l&cat=p&typeid=i","cat":298297},{"id":6797,"n":"Herbes de Provence Ducros 120g","p":3.14,"u":"26,17 €/KG","img":"https://fd9-photos.leclercdrive.fr/image.ashx?id=2383571&use=l&cat=p&typeid=i","cat":298297},{"id":6798,"n":"Safran en poudre Ducros 3 doses de 0.1g","p":4.42,"img":"https://fd9-photos.leclercdrive.fr/image.ashx?id=2490488&use=l&cat=p&typeid=i","cat":298297},{"id":6799,"n":"Poivre gris moulu et sel Ducros 2x34g","p":2.02,"u":"29,71 €/KG","img":"https://fd9-photos.leclercdrive.fr/image.ashx?id=2759457&use=l&cat=p&typeid=i","cat":284457},{"id":6800,"n":"Baies roses entières Ducros 20g","p":2.59,"u":"129,50 €/KG","img":"https://fd9-photos.leclercdrive.fr/image.ashx?id=2486575&use=l&cat=p&typeid=i","cat":284457},{"id":6803,"n":"Pralin Vahiné 100g","p":2.37,"u":"23,70 €/KG","img":"https://fd9-photos.leclercdrive.fr/image.ashx?id=2559775&use=l&cat=p&typeid=i","cat":284504},{"id":6809,"n":"Arôme naturel de vanille Vahiné Liquide 50ml","p":3.9,"u":"78,00 €/L","img":"https://fd9-photos.leclercdrive.fr/image.ashx?id=2541193&use=l&cat=p&typeid=i","cat":284504},{"id":6810,"n":"Nappage chocolat Vahiné 350g","p":2.73,"u":"7,80 €/KG","img":"https://fd9-photos.leclercdrive.fr/image.ashx?id=2938656&use=l&cat=p&typeid=i","cat":284504},{"id":6829,"n":"Sucre Daddy n°4 Morceaux - 1kg","p":1.81,"u":"1,81 €/KG","img":"https://fd9-photos.leclercdrive.fr/image.ashx?id=2936056&use=l&cat=p&typeid=i","cat":284502},{"id":6830,"n":"Sucre Cristal Daddy 1kg","p":1.57,"u":"1,57 €/KG","img":"https://fd9-photos.leclercdrive.fr/image.ashx?id=2975855&use=l&cat=p&typeid=i","cat":284502},{"id":6837,"n":"Madeleines longues P'tit Déli 440g","p":2.55,"u":"5,80 €/KG","img":"https://fd9-photos.leclercdrive.fr/image.ashx?id=2540310&use=l&cat=p&typeid=i","cat":284492},{"id":6843,"n":"AOP Champagne Alfred Rothschild Brut 12.5%vol - 75cl","p":21.88,"u":"29,17 €/L","img":"https://fd9-photos.leclercdrive.fr/image.ashx?id=2979683&use=l&cat=p&typeid=i","cat":284542},{"id":6873,"n":"Saucisson cuit à l'ail Herta 300g","p":3.14,"u":"10,47 €/KG","img":"https://fd9-photos.leclercdrive.fr/image.ashx?id=2731342&use=l&cat=p&typeid=i","cat":316006},{"id":6879,"n":"Fromage Gouda Les Croisés En tranche - 200g","p":1.97,"u":"9,85 €/KG","img":"https://fd9-photos.leclercdrive.fr/image.ashx?id=2028173&use=l&cat=p&typeid=i","cat":314028},{"id":6880,"n":"Fromage Mimolette Les Croisés En tranche x8 - 200g","p":1.85,"u":"9,25 €/KG","img":"https://fd9-photos.leclercdrive.fr/image.ashx?id=2028176&use=l&cat=p&typeid=i","cat":314028},{"id":6881,"n":"Fromage Maasdam Les Croisés En tranche x8 - 200g","p":1.91,"u":"9,55 €/KG","img":"https://fd9-photos.leclercdrive.fr/image.ashx?id=1990673&use=l&cat=p&typeid=i","cat":314028},{"id":6892,"n":"Pâtes Piccolini Barilla Mini Pipe Rigate- 500g","p":1.18,"u":"2,36 €/KG","img":"https://fd9-photos.leclercdrive.fr/image.ashx?id=2964108&use=l&cat=p&typeid=i","cat":284427},{"id":6911,"n":"Cartouches d'encre Esquisse Courtes - bleu - x30","p":0.99,"u":"0,03 €/P","img":"https://fd9-photos.leclercdrive.fr/image.ashx?id=1678420&use=l&cat=p&typeid=i","cat":284696},{"id":6912,"n":"Coussinets Mots d'Enfants D'allaitement - x36","p":3.95,"img":"https://fd9-photos.leclercdrive.fr/image.ashx?id=1902701&use=l&cat=p&typeid=i","cat":289435},{"id":6928,"n":"Préparation pour fondue Les Croisés 18%mg 400g","p":3.42,"u":"8,55 €/KG","img":"https://fd9-photos.leclercdrive.fr/image.ashx?id=2791761&use=l&cat=p&typeid=i","cat":314037},{"id":6955,"n":"Galette des rois Frangipane - 6 parts","p":6.95,"img":"https://fd9-photos.leclercdrive.fr/image.ashx?id=581696&use=l&cat=p&typeid=i","cat":284360},{"id":6979,"n":"AOC Crémant Gratien & Meyer Blanc - Brut - 75cl","p":6.47,"u":"8,63 €/L","img":"https://fd9-photos.leclercdrive.fr/image.ashx?id=2104357&use=l&cat=p&typeid=i","cat":284545},{"id":7000,"n":"Céréales Babybio Bio 6 mois Vanille - 220g","p":4.24,"u":"19,27 €/KG","img":"https://fd9-photos.leclercdrive.fr/image.ashx?id=2733250&use=l&cat=p&typeid=i","cat":312225},{"id":7001,"n":"Céréales Babybio - Dès 8 mois Bio Cacao  - 220g","p":3.91,"u":"17,77 €/KG","img":"https://fd9-photos.leclercdrive.fr/image.ashx?id=2837751&use=l&cat=p&typeid=i","cat":312225},{"id":7005,"n":"Petits pots Babybio - 4 mois Bio Légumes verts - 2x130g","p":1.83,"u":"7,04 €/KG","img":"https://fd9-photos.leclercdrive.fr/image.ashx?id=2733271&use=l&cat=p&typeid=i","cat":312234},{"id":7008,"n":"Repas bébé epinard  Babybio Bio - Pomme de terre  2x130g","p":1.74,"u":"6,69 €/KG","img":"https://fd9-photos.leclercdrive.fr/image.ashx?id=2827449&use=l&cat=p&typeid=i","cat":312234},{"id":7012,"n":"Compote bébé Babybio - 4 mois Bio Poire williams - 2x130g","p":1.82,"u":"7,00 €/KG","img":"https://fd9-photos.leclercdrive.fr/image.ashx?id=2834515&use=l&cat=p&typeid=i","cat":312387},{"id":7014,"n":"Compote bébé bio Babybio Pomme abricot - 4 mois - 2x130g","p":1.7,"u":"6,54 €/KG","img":"https://fd9-photos.leclercdrive.fr/image.ashx?id=2838320&use=l&cat=p&typeid=i","cat":312387},{"id":7016,"n":"Compote bébé Babybio Bio 4 mois Pomme / Pruneau - 2x130g","p":1.82,"u":"7,00 €/KG","img":"https://fd9-photos.leclercdrive.fr/image.ashx?id=2838326&use=l&cat=p&typeid=i","cat":312387},{"id":7017,"n":"Compote bébé Babybio Bio 4 mois Pomme / Banane - 2x130g","p":1.7,"u":"6,54 €/KG","img":"https://fd9-photos.leclercdrive.fr/image.ashx?id=2832011&use=l&cat=p&typeid=i","cat":312387},{"id":7019,"n":"Compote Cool Fruits bio Vitabio Pomme Pêche Abricot - 4x90g","p":2.68,"u":"7,44 €/KG","img":"https://fd9-photos.leclercdrive.fr/image.ashx?id=2621414&use=l&cat=p&typeid=i","cat":284508},{"id":7025,"n":"Pizza Cuite sur pierre Turini Jambon fromage - 400g","p":2.85,"u":"7,13 €/KG","img":"https://fd9-photos.leclercdrive.fr/image.ashx?id=2815223&use=l&cat=p&typeid=i","cat":284256},{"id":7030,"n":"Sauce Tomate cuisinée Turini Aux petits légumes - 180g","p":0.84,"u":"4,67 €/KG","img":"https://fd9-photos.leclercdrive.fr/image.ashx?id=2490034&use=l&cat=p&typeid=i","cat":288384},{"id":7057,"n":"Rouille méditerranéenne NRT 90g","p":2.05,"u":"22,78 €/KG","img":"https://fd9-photos.leclercdrive.fr/image.ashx?id=2991157&use=l&cat=p&typeid=i","cat":285192},{"id":7058,"n":"Compote Cool Fruits bio Vitabio Pomme Poire - 4x90g","p":2.79,"u":"31,00 €/KG","img":"https://fd9-photos.leclercdrive.fr/image.ashx?id=2621417&use=l&cat=p&typeid=i","cat":284508},{"id":7060,"n":"Compote Cool Fruits bio Vitabio Pomme - 4x90g","p":2.67,"u":"7,42 €/KG","img":"https://fd9-photos.leclercdrive.fr/image.ashx?id=2621411&use=l&cat=p&typeid=i","cat":284508},{"id":7071,"n":"Petits Boudoirs Babybio Bio - Orange Douce - 120g","p":2.64,"u":"22,00 €/KG","img":"https://fd9-photos.leclercdrive.fr/image.ashx?id=2733262&use=l&cat=p&typeid=i","cat":312227},{"id":7126,"n":"Riz cantonais  Traditions d'Asie - 400g","p":3.8,"u":"9,50 €/KG","img":"https://fd9-photos.leclercdrive.fr/image.ashx?id=2505043&use=l&cat=p&typeid=i","cat":333673},{"id":7127,"n":"Sauce soja Jardin Bio' Bio - 125ml","p":2.13,"u":"17,04 €/L","img":"https://fd9-photos.leclercdrive.fr/image.ashx?id=2740118&use=l&cat=p&typeid=i","cat":288992},{"id":7128,"n":"Porc au caramel Tables du Monde Riz thaï 300g","p":3.05,"u":"10,17 €/KG","img":"https://fd9-photos.leclercdrive.fr/image.ashx?id=2700957&use=l&cat=p&typeid=i","cat":333665},{"id":7199,"n":"Crème noix coco Kara - brique de 200ml","p":1.73,"u":"8,65 €/KG","img":"https://fd9-photos.leclercdrive.fr/image.ashx?id=2906892&use=l&cat=p&typeid=i","cat":288992},{"id":7216,"n":"Talc bébé Mots d'Enfants 250g","p":1.89,"u":"7,56 €/KG","img":"https://fd9-photos.leclercdrive.fr/image.ashx?id=3015033&use=l&cat=p&typeid=i","cat":284741},{"id":7267,"n":"Pâtes Etoiles Panzani 500g","p":1.36,"u":"2,72 €/KG","img":"https://fd9-photos.leclercdrive.fr/image.ashx?id=2896060&use=l&cat=p&typeid=i","cat":284427},{"id":7282,"n":"Compote Douceur du Verger  Pomme Poire - 4x100g","p":1.09,"u":"2,73 €/KG","img":"https://fd9-photos.leclercdrive.fr/image.ashx?id=2956903&use=l&cat=p&typeid=i","cat":284416},{"id":7283,"n":"Compote Douceur du Verger Pomme banane - 4x100g","p":1.25,"u":"3,13 €/KG","img":"https://fd9-photos.leclercdrive.fr/image.ashx?id=2956906&use=l&cat=p&typeid=i","cat":284416},{"id":7284,"n":"Compote Douceur du Verger Pomme Fraise - 4x100g","p":1.09,"u":"2,73 €/KG","img":"https://fd9-photos.leclercdrive.fr/image.ashx?id=3009779&use=l&cat=p&typeid=i","cat":284416},{"id":7289,"n":"Crème Dépilatoire Siliss Peaux sensibles - 200ml","p":1.79,"u":"8,95 €/L","img":"https://fd9-photos.leclercdrive.fr/image.ashx?id=2699675&use=l&cat=p&typeid=i","cat":325351},{"id":7293,"n":"Râpé 3 fromages Les Croisés 200g","p":1.79,"u":"8,95 €/KG","img":"https://fd9-photos.leclercdrive.fr/image.ashx?id=2893292&use=l&cat=p&typeid=i","cat":314035},{"id":7294,"n":"Huile de tournesol Bio Village Bio - 75cl","p":3.59,"u":"4,79 €/L","img":"https://fd9-photos.leclercdrive.fr/image.ashx?id=2814447&use=l&cat=p&typeid=i","cat":284453},{"id":7315,"n":"Concentré de tomates Eco+ 2x140g","p":1.28,"u":"4,57 €/KG","img":"https://fd9-photos.leclercdrive.fr/image.ashx?id=3013564&use=l&cat=p&typeid=i","cat":288384},{"id":7316,"n":"Concentré de tomates Eco+ 3x70g","p":1.75,"u":"8,33 €/KG","img":"https://fd9-photos.leclercdrive.fr/image.ashx?id=2681571&use=l&cat=p&typeid=i","cat":288384},{"id":7339,"n":"Soupe déshydratée Knorr  Douceur d'asperges - 96g","p":1.02,"u":"10,63 €/KG","img":"https://fd9-photos.leclercdrive.fr/image.ashx?id=2790588&use=l&cat=p&typeid=i","cat":284463},{"id":7343,"n":"Pâtes Panzani Penne rigate - 500g","p":1.02,"u":"2,04 €/KG","img":"https://fd9-photos.leclercdrive.fr/image.ashx?id=2876011&use=l&cat=p&typeid=i","cat":284427},{"id":7344,"n":"Pâtes petits paniers Panzani 500g","p":1.2,"u":"2,40 €/KG","img":"https://fd9-photos.leclercdrive.fr/image.ashx?id=2876014&use=l&cat=p&typeid=i","cat":284427},{"id":7345,"n":"Pâtes serpentini Panzani 500g","p":1.13,"u":"2,26 €/KG","img":"https://fd9-photos.leclercdrive.fr/image.ashx?id=2876044&use=l&cat=p&typeid=i","cat":284427},{"id":7349,"n":"Croquettes chat One Purina Stérilisé - Boeuf/Blé - 450g","p":2.67,"u":"5,93 €/KG","img":"https://fd9-photos.leclercdrive.fr/image.ashx?id=2681044&use=l&cat=p&typeid=i","cat":284680},{"id":7350,"n":"Couscous à la Marocaine  Garbit - 285g","p":2.96,"u":"10,39 €/KG","img":"https://fd9-photos.leclercdrive.fr/image.ashx?id=2672128&use=l&cat=p&typeid=i","cat":284953},{"id":7359,"n":"Gorgonzola AOP Les Croisés -150g","p":2.47,"u":"16,47 €/KG","img":"https://fd9-photos.leclercdrive.fr/image.ashx?id=2796037&use=l&cat=p&typeid=i","cat":314032},{"id":7360,"n":"Mortadelle Italienne Saint Azay 12 tranches 150g","p":2.14,"u":"14,27 €/KG","img":"https://fd9-photos.leclercdrive.fr/image.ashx?id=2704481&use=l&cat=p&typeid=i","cat":316009},{"id":7361,"n":"Fromage Edam Les Croisés En tranche x8 - 200g","p":1.97,"u":"9,85 €/KG","img":"https://fd9-photos.leclercdrive.fr/image.ashx?id=2041351&use=l&cat=p&typeid=i","cat":314028},{"id":7362,"n":"Riz Basmati Comptoir du Grain Express 2 min - 250g","p":0.99,"u":"3,96 €/KG","img":"https://fd9-photos.leclercdrive.fr/image.ashx?id=2441192&use=l&cat=p&typeid=i","cat":287600},{"id":7363,"n":"Riz Express Comptoir du Grain A la méditerranéenne - 250g","p":1.2,"u":"4,80 €/KG","img":"https://fd9-photos.leclercdrive.fr/image.ashx?id=2856474&use=l&cat=p&typeid=i","cat":287600},{"id":7364,"n":"Sauce au poivre vert Rustica 30g","p":0.6,"u":"20,00 €/KG","img":"https://fd9-photos.leclercdrive.fr/image.ashx?id=2965422&use=l&cat=p&typeid=i","cat":288381},{"id":7366,"n":"Sauce Champignons Rustica 27g","p":0.55,"u":"20,37 €/KG","img":"https://fd9-photos.leclercdrive.fr/image.ashx?id=2188829&use=l&cat=p&typeid=i","cat":288381},{"id":7368,"n":"Chiffonnade de jambon sec Saint Azay affiné 7 mois - 100g","p":2.99,"u":"29,90 €/KG","img":"https://fd9-photos.leclercdrive.fr/image.ashx?id=2462254&use=l&cat=p&typeid=i","cat":316007},{"id":7369,"n":"Chiffonades de rosette Saint Azay - 100g","p":2.0,"u":"20,00 €/KG","img":"https://fd9-photos.leclercdrive.fr/image.ashx?id=2401891&use=l&cat=p&typeid=i","cat":316007},{"id":7375,"n":"Lunettes de Romans NRT Fraise - 350g","p":2.75,"u":"7,86 €/KG","img":"https://fd9-photos.leclercdrive.fr/image.ashx?id=2791920&use=l&cat=p&typeid=i","cat":284489},{"id":7376,"n":"Lunettes de Romans NRT Myrtille - 350g","p":2.89,"u":"8,26 €/KG","img":"https://fd9-photos.leclercdrive.fr/image.ashx?id=2791923&use=l&cat=p&typeid=i","cat":284487},{"id":7379,"n":"Jambon de Savoie NRT x6 - 90g","p":2.66,"u":"29,56 €/KG","img":"https://fd9-photos.leclercdrive.fr/image.ashx?id=2670422&use=l&cat=p&typeid=i","cat":316007},{"id":7381,"n":"Sachet repas chats Gourmet 4 variétés poissons - 4x85g","p":1.95,"u":"5,74 €/KG","img":"https://fd9-photos.leclercdrive.fr/image.ashx?id=2867788&use=l&cat=p&typeid=i","cat":285286},{"id":7425,"n":"Jus de rôti Knorr 8 tablettes 72g","p":1.56,"u":"21,67 €/KG","img":"https://fd9-photos.leclercdrive.fr/image.ashx?id=2770353&use=l&cat=p&typeid=i","cat":288379},{"id":7432,"n":"Huile de friture Frial Lesieur 2L","p":6.42,"u":"3,21 €/L","img":"https://fd9-photos.leclercdrive.fr/image.ashx?id=2916857&use=l&cat=p&typeid=i","cat":284453},{"id":7436,"n":"Assortiment biscuits P'tit Déli Biscuits fins - 750g","p":7.8,"u":"10,40 €/KG","img":"https://fd9-photos.leclercdrive.fr/image.ashx?id=2535643&use=l&cat=p&typeid=i","cat":284490},{"id":7437,"n":"Pâte brisée Tablier Blanc Au beurre - 230g","p":1.19,"u":"5,17 €/KG","img":"https://fd9-photos.leclercdrive.fr/image.ashx?id=2922397&use=l&cat=p&typeid=i","cat":333681},{"id":7439,"n":"Vinaigrette Rustica Nature - 1L","p":1.76,"u":"1,76 €/L","img":"https://fd9-photos.leclercdrive.fr/image.ashx?id=1972904&use=l&cat=p&typeid=i","cat":284456},{"id":7441,"n":"Huile de friture Rustica 1L","p":2.75,"u":"2,75 €/L","img":"https://fd9-photos.leclercdrive.fr/image.ashx?id=2900331&use=l&cat=p&typeid=i","cat":284453},{"id":7443,"n":"Dessert fruitier pomme poire Douceur du Verger s/sucre 4x97g","p":1.25,"u":"3,22 €/KG","img":"https://fd9-photos.leclercdrive.fr/image.ashx?id=3009782&use=l&cat=p&typeid=i","cat":284416},{"id":7444,"n":"Dessert fruitier pomme Douceur du Verger s/sucre 4x97g","p":1.05,"u":"2,71 €/KG","img":"https://fd9-photos.leclercdrive.fr/image.ashx?id=2979340&use=l&cat=p&typeid=i","cat":284416},{"id":7448,"n":"Compote Douceur du Verger Coupelle pomme pruneau - 4x100g","p":1.36,"u":"3,40 €/KG","img":"https://fd9-photos.leclercdrive.fr/image.ashx?id=2663479&use=l&cat=p&typeid=i","cat":284508},{"id":7450,"n":"Gâteaux fourrés P'tit Déli Fraise x7 - 196g","p":2.8,"u":"14,29 €/KG","img":"https://fd9-photos.leclercdrive.fr/image.ashx?id=2659777&use=l&cat=p&typeid=i","cat":284495},{"id":7451,"n":"Biscuits P'tit Déli Goûters Fourrés au chocolat 2x300g","p":2.3,"u":"3,83 €/KG","img":"https://fd9-photos.leclercdrive.fr/image.ashx?id=2116182&use=l&cat=p&typeid=i","cat":284488},{"id":7452,"n":"Tubes Fromage blanc Délisse 3 parfums - 12 x40g","p":2.38,"u":"4,96 €/KG","img":"https://fd9-photos.leclercdrive.fr/image.ashx?id=2884231&use=l&cat=p&typeid=i","cat":284415},{"id":7455,"n":"Fromage Bleu des Causses NRT  AOP - 125g","p":1.99,"u":"15,92 €/KG","img":"https://fd9-photos.leclercdrive.fr/image.ashx?id=2771043&use=l&cat=p&typeid=i","cat":314032},{"id":7459,"n":"Pâtes Barilla Spaghetti n°5 - 500g","p":0.94,"u":"1,88 €/KG","img":"https://fd9-photos.leclercdrive.fr/image.ashx?id=2392200&use=l&cat=p&typeid=i","cat":284427},{"id":7466,"n":"Pain grillé Epi d'or Brioché x26 - 300g","p":2.15,"u":"7,17 €/KG","img":"https://fd9-photos.leclercdrive.fr/image.ashx?id=2532835&use=l&cat=p&typeid=i","cat":284479},{"id":7529,"n":"Fromage Comté Entremont 200g","p":3.21,"u":"16,05 €/KG","img":"https://fd9-photos.leclercdrive.fr/image.ashx?id=2983144&use=l&cat=p&typeid=i","cat":314034},{"id":7530,"n":"Crème fraîche épaisse Bridélice 15%mg 20cl","p":0.86,"u":"4,30 €/L","img":"https://fd9-photos.leclercdrive.fr/image.ashx?id=2970873&use=l&cat=p&typeid=i","cat":284381},{"id":7531,"n":"Faisselle Rians 6%mg - 500g","p":2.11,"u":"4,22 €/KG","img":"https://fd9-photos.leclercdrive.fr/image.ashx?id=2542324&use=l&cat=p&typeid=i","cat":284409},{"id":7541,"n":"Barquette chiens Lydog Au Boeuf et Coeur - 300g","p":1.63,"u":"5,43 €/KG","img":"https://fd9-photos.leclercdrive.fr/image.ashx?id=2042430&use=l&cat=p&typeid=i","cat":284673},{"id":7548,"n":"Ail Rustica 100g","p":1.69,"u":"16,90 €/KG","img":"https://fd9-photos.leclercdrive.fr/image.ashx?id=2365451&use=l&cat=p&typeid=i","cat":319804},{"id":7549,"n":"Persil Rustica 50g","p":0.99,"u":"19,80 €/KG","img":"https://fd9-photos.leclercdrive.fr/image.ashx?id=2365454&use=l&cat=p&typeid=i","cat":319804},{"id":7557,"n":"Olives à l'ail Couleurs Vives 150g","p":1.99,"u":"13,27 €/KG","img":"https://fd9-photos.leclercdrive.fr/image.ashx?id=2518508&use=l&cat=p&typeid=i","cat":316002},{"id":7563,"n":"Coulis de tomate bio Jardin Bio 500g","p":1.58,"u":"3,16 €/KG","img":"https://fd9-photos.leclercdrive.fr/image.ashx?id=2918841&use=l&cat=p&typeid=i","cat":288384},{"id":7568,"n":"Riz Basmati Jardin Bio long grain bio 500g","p":2.7,"u":"5,40 €/KG","img":"https://fd9-photos.leclercdrive.fr/image.ashx?id=2535496&use=l&cat=p&typeid=i","cat":284428},{"id":7578,"n":"Thé vert bio orange Jardin Bio' Bergamote Max Havelaar x20 30g","p":2.4,"u":"80,00 €/KG","img":"https://fd9-photos.leclercdrive.fr/image.ashx?id=2792666&use=l&cat=p&typeid=i","cat":293233},{"id":7585,"n":"Echalote Rustica 100g","p":1.69,"u":"16,90 €/KG","img":"https://fd9-photos.leclercdrive.fr/image.ashx?id=2365457&use=l&cat=p&typeid=i","cat":319804},{"id":7587,"n":"Sablés Jardin Bio' Citron coco - 150g","p":1.99,"u":"13,27 €/KG","img":"https://fd9-photos.leclercdrive.fr/image.ashx?id=3014539&use=l&cat=p&typeid=i","cat":284487},{"id":7589,"n":"Biscuits Mikado LU Chocolat au lait - 3x39g","p":2.14,"u":"18,29 €/KG","img":"https://fd9-photos.leclercdrive.fr/image.ashx?id=3001970&use=l&cat=p&typeid=i","cat":284488},{"id":7598,"n":"Ravioli de volaille Jardin Bio' Bio - 700g","p":3.74,"u":"5,34 €/KG","img":"https://fd9-photos.leclercdrive.fr/image.ashx?id=2950183&use=l&cat=p&typeid=i","cat":284442},{"id":7601,"n":"Dessert fruitier Jardin Bio' bio Pomme vanille bourbon 680g","p":2.59,"u":"3,81 €/KG","img":"https://fd9-photos.leclercdrive.fr/image.ashx?id=2967786&use=l&cat=p&typeid=i","cat":284508},{"id":7608,"n":"Crayon à papier HB Esquisse x4 avec bout gomme","p":0.75,"img":"https://fd9-photos.leclercdrive.fr/image.ashx?id=2943214&use=l&cat=p&typeid=i","cat":284696},{"id":7610,"n":"Préparation crêpes Francine 380g","p":1.58,"u":"4,16 €/KG","img":"https://fd9-photos.leclercdrive.fr/image.ashx?id=2989120&use=l&cat=p&typeid=i","cat":284505},{"id":7615,"n":"Porc : Rôti dans l'échine  500g","p":6.5,"u":"13,00 €/KG","img":"https://fd9-photos.leclercdrive.fr/image.ashx?id=619038&use=l&cat=p&typeid=i","cat":284331},{"id":7646,"n":"Spaghetti Jardin Bio Bio quinoa persil ail - 500g","p":2.19,"u":"4,38 €/KG","img":"https://fd9-photos.leclercdrive.fr/image.ashx?id=3014542&use=l&cat=p&typeid=i","cat":284427},{"id":7666,"n":"Camembert Lepetit  250g","p":2.57,"u":"10,28 €/KG","img":"https://fd9-photos.leclercdrive.fr/image.ashx?id=2504350&use=l&cat=p&typeid=i","cat":314033},{"id":7677,"n":"Boudins Blancs Morille  Le Gaulois - Volaille 300g","p":3.95,"u":"13,17 €/KG","img":"https://fd9-photos.leclercdrive.fr/image.ashx?id=2236854&use=l&cat=p&typeid=i","cat":316012},{"id":7693,"n":"Magret de canard Sud Ouest NRT Séché - 90g","p":3.99,"u":"44,33 €/KG","img":"https://fd9-photos.leclercdrive.fr/image.ashx?id=2966842&use=l&cat=p&typeid=i","cat":316007},{"id":7694,"n":"Magret de canard Sud Ouest NRT Fumé - 90g","p":3.79,"u":"42,11 €/KG","img":"https://fd9-photos.leclercdrive.fr/image.ashx?id=2958380&use=l&cat=p&typeid=i","cat":316007},{"id":7713,"n":"Dessert fruitier pomme pruneaux Douceur du Verger s/sucre4x100g","p":1.54,"u":"3,85 €/KG","img":"https://fd9-photos.leclercdrive.fr/image.ashx?id=2983790&use=l&cat=p&typeid=i","cat":284416},{"id":7744,"n":"Galette Céréal Bio   Bio quinoa Tomate x2 200G","p":2.1,"u":"10,50 €/KG","img":"https://fd9-photos.leclercdrive.fr/image.ashx?id=2968181&use=l&cat=p&typeid=i","cat":284953},{"id":7750,"n":"Boulghour bio Céréal Bio  repas express 250g","p":1.65,"u":"6,60 €/KG","img":"https://fd9-photos.leclercdrive.fr/image.ashx?id=2575045&use=l&cat=p&typeid=i","cat":284429},{"id":7769,"n":"Galette Croq'Soja Céréal Bio  Bio curry pavot x2 200g","p":2.33,"u":"11,65 €/KG","img":"https://fd9-photos.leclercdrive.fr/image.ashx?id=2969106&use=l&cat=p&typeid=i","cat":284953},{"id":7772,"n":"Galette bio Céréal Bio  Millet champignons x2 - 200g","p":1.94,"u":"9,70 €/KG","img":"https://fd9-photos.leclercdrive.fr/image.ashx?id=2573543&use=l&cat=p&typeid=i","cat":284953},{"id":7857,"n":"Croquettes chiens Fido Au boeuf 1kg","p":2.96,"u":"2,96 €/KG","img":"https://fd9-photos.leclercdrive.fr/image.ashx?id=2972964&use=l&cat=p&typeid=i","cat":294526},{"id":7864,"n":"Yaourts sucrés Délisse Nature  - 4x125g","p":0.99,"u":"1,98 €/KG","img":"https://fd9-photos.leclercdrive.fr/image.ashx?id=2590415&use=l&cat=p&typeid=i","cat":284409},{"id":7866,"n":"Beurre Tendre Les Croisés Demi-sel - 80% MG - 250g","p":2.51,"u":"10,04 €/KG","img":"https://fd9-photos.leclercdrive.fr/image.ashx?id=2839899&use=l&cat=p&typeid=i","cat":284379},{"id":7869,"n":"Yaourts aromatisés Délisse Citron - 4x125g","p":1.45,"u":"2,90 €/KG","img":"https://fd9-photos.leclercdrive.fr/image.ashx?id=2771121&use=l&cat=p&typeid=i","cat":286006},{"id":7881,"n":"Camembert Les Croisés 8 portions - 22% mg - 8x30g","p":2.19,"u":"9,13 €/KG","img":"https://fd9-photos.leclercdrive.fr/image.ashx?id=2974798&use=l&cat=p&typeid=i","cat":314033},{"id":7882,"n":"Actifidus Délisse Coco Citron Vanille - 12x125g","p":3.5,"u":"2,33 €/KG","img":"https://fd9-photos.leclercdrive.fr/image.ashx?id=2441842&use=l&cat=p&typeid=i","cat":315000},{"id":7887,"n":"Selles-sur-Cher NRT AOP  Fromage de chèvre - 150g","p":3.49,"u":"23,27 €/KG","img":"https://fd9-photos.leclercdrive.fr/image.ashx?id=2586031&use=l&cat=p&typeid=i","cat":314031},{"id":7895,"n":"Gâteau de riz La Laitiere 500g","p":2.34,"u":"4,68 €/KG","img":"https://fd9-photos.leclercdrive.fr/image.ashx?id=3010972&use=l&cat=p&typeid=i","cat":284418},{"id":7972,"n":"Beurre Moulé Paysan Breton Doux - 82%MG - 250g","p":3.22,"u":"12,88 €/KG","img":"https://fd9-photos.leclercdrive.fr/image.ashx?id=2946943&use=l&cat=p&typeid=i","cat":284379},{"id":7993,"n":"Beurre d'escargot Rustica Ail et persil - 250g","p":3.49,"u":"13,96 €/KG","img":"https://fd9-photos.leclercdrive.fr/image.ashx?id=1915569&use=l&cat=p&typeid=i","cat":319775},{"id":7996,"n":"Poireaux Notre Jardin En rondelles 1kg","p":1.28,"u":"1,28 €/KG","img":"https://fd9-photos.leclercdrive.fr/image.ashx?id=2873123&use=l&cat=p&typeid=i","cat":319805},{"id":8003,"n":"Fromage Enfant Kiri Goûter 5 portions barquettes - 175g","p":2.38,"u":"13,60 €/KG","img":"https://fd9-photos.leclercdrive.fr/image.ashx?id=2972883&use=l&cat=p&typeid=i","cat":314030},{"id":8011,"n":"Crème glacée Menthe Eskiss Copeaux de Chocolat - 494g","p":2.79,"u":"5,65 €/KG","img":"https://fd9-photos.leclercdrive.fr/image.ashx?id=3002548&use=l&cat=p&typeid=i","cat":284263},{"id":8012,"n":"Friandises pour chien Lydog Biscuits fourrés Viande - 500g","p":1.29,"u":"2,58 €/KG","img":"https://fd9-photos.leclercdrive.fr/image.ashx?id=2191114&use=l&cat=p&typeid=i","cat":294527},{"id":8013,"n":"Friandises pour chien Lydog Biscuits croquants - 500g","p":1.29,"u":"2,58 €/KG","img":"https://fd9-photos.leclercdrive.fr/image.ashx?id=1954353&use=l&cat=p&typeid=i","cat":294527},{"id":8017,"n":"Pâtes Penne Regate Turini 500g","p":0.6,"u":"1,20 €/KG","img":"https://fd9-photos.leclercdrive.fr/image.ashx?id=2980773&use=l&cat=p&typeid=i","cat":284427},{"id":8024,"n":"Barquette chiens Lydog 3 saveurs - 3x300g","p":3.78,"u":"4,20 €/KG","img":"https://fd9-photos.leclercdrive.fr/image.ashx?id=2050639&use=l&cat=p&typeid=i","cat":284673},{"id":8025,"n":"Barquette chiens Lydog 3 saveurs - 3x300g","p":3.79,"u":"4,21 €/KG","img":"https://fd9-photos.leclercdrive.fr/image.ashx?id=2050642&use=l&cat=p&typeid=i","cat":284673},{"id":8032,"n":"Nougat tendre de Montélimar NRT Barre 200g","p":3.99,"u":"19,95 €/KG","img":"https://fd9-photos.leclercdrive.fr/image.ashx?id=790530&use=l&cat=p&typeid=i","cat":304249},{"id":8120,"n":"Cassoulet Saucisse de Toulouse Côté Table - 840g","p":3.63,"u":"4,32 €/KG","img":"https://fd9-photos.leclercdrive.fr/image.ashx?id=2977129&use=l&cat=p&typeid=i","cat":284440},{"id":8129,"n":"Soupe Mouliné Régal Soupe 10 légumes variés - 2x30cl","p":1.45,"u":"2,42 €/L","img":"https://fd9-photos.leclercdrive.fr/image.ashx?id=2607476&use=l&cat=p&typeid=i","cat":284462},{"id":8136,"n":"Biscuits raisin GERBLE  - 4x5, 360g","p":1.51,"u":"4,19 €/KG","img":"https://fd9-photos.leclercdrive.fr/image.ashx?id=2578726&use=l&cat=p&typeid=i","cat":318651},{"id":8178,"n":"Infusion Tisea Douce soirée 25 sachets","p":0.99,"u":"28,29 €/KG","img":"https://fd9-photos.leclercdrive.fr/image.ashx?id=2553902&use=l&cat=p&typeid=i","cat":293234},{"id":8191,"n":"Colin d'Alaska Pêche Océan À la Florentine - MSC - 400g","p":3.49,"u":"8,73 €/KG","img":"https://fd9-photos.leclercdrive.fr/image.ashx?id=2930108&use=l&cat=p&typeid=i","cat":319786},{"id":8194,"n":"Fagots de haricots verts Notre Jardin x6 - 270g","p":3.99,"u":"14,78 €/KG","img":"https://fd9-photos.leclercdrive.fr/image.ashx?id=1510099&use=l&cat=p&typeid=i","cat":319805},{"id":8217,"n":"Filet de Merlu Pêche Océan 4 à 5 pièces 450g","p":6.52,"u":"14,49 €/KG","img":"https://fd9-photos.leclercdrive.fr/image.ashx?id=2553905&use=l&cat=p&typeid=i","cat":319788},{"id":8322,"n":"Coeurs artichauts Florelli Grillés - 170g","p":4.06,"u":"23,88 €/KG","img":"https://fd9-photos.leclercdrive.fr/image.ashx?id=2690003&use=l&cat=p&typeid=i","cat":289010},{"id":8324,"n":"Tomates séchées Florelli 270g","p":3.42,"u":"12,67 €/KG","img":"https://fd9-photos.leclercdrive.fr/image.ashx?id=2633094&use=l&cat=p&typeid=i","cat":289010},{"id":8329,"n":"Crème de vinaigre de Modène Toscoro - 250ml","p":3.86,"u":"15,44 €/L","img":"https://fd9-photos.leclercdrive.fr/image.ashx?id=2767401&use=l&cat=p&typeid=i","cat":289010},{"id":8335,"n":"Sauce pâtes artichaut Florelli Tomate mascarpone - 190g","p":2.13,"u":"11,21 €/KG","img":"https://fd9-photos.leclercdrive.fr/image.ashx?id=3011668&use=l&cat=p&typeid=i","cat":289010},{"id":8337,"n":"Tapenade d'Olives noires  Les Tartinables Florelli 190g","p":2.5,"u":"13,16 €/KG","img":"https://fd9-photos.leclercdrive.fr/image.ashx?id=2884690&use=l&cat=p&typeid=i","cat":289010},{"id":8375,"n":"Sauce Déshydratée KNORR Aux Trois Poivres - 32g","p":0.76,"u":"27,14 €/KG","img":"https://fd9-photos.leclercdrive.fr/image.ashx?id=2875933&use=l&cat=p&typeid=i","cat":288381},{"id":8381,"n":"Soupe instantanée Royco  Bouillon à la Chinoise 3x200ml","p":1.71,"u":"36,38 €/KG","img":"https://fd9-photos.leclercdrive.fr/image.ashx?id=2650976&use=l&cat=p&typeid=i","cat":288992},{"id":8382,"n":"Pâtes spaghetti plat Panzani 500g","p":1.06,"u":"2,12 €/KG","img":"https://fd9-photos.leclercdrive.fr/image.ashx?id=2876041&use=l&cat=p&typeid=i","cat":284427},{"id":8383,"n":"Pâtes Coquillettes Panzani 3 Minutes - 500G","p":1.28,"u":"2,56 €/KG","img":"https://fd9-photos.leclercdrive.fr/image.ashx?id=2867945&use=l&cat=p&typeid=i","cat":284427},{"id":8392,"n":"Torti Weight Watchers St Jacques - 300g","p":4.29,"u":"14,30 €/KG","img":"https://fd9-photos.leclercdrive.fr/image.ashx?id=2610861&use=l&cat=p&typeid=i","cat":333665},{"id":8393,"n":"Escalope Milanaise Marie 300g","p":3.61,"u":"12,03 €/KG","img":"https://fd9-photos.leclercdrive.fr/image.ashx?id=2317408&use=l&cat=p&typeid=i","cat":333665},{"id":8394,"n":"Saucisse de Toulouse Marie Purée a l'Ancienne - 290g","p":3.62,"u":"12,48 €/KG","img":"https://fd9-photos.leclercdrive.fr/image.ashx?id=2317414&use=l&cat=p&typeid=i","cat":333665},{"id":8397,"n":"Madeleine Bonne Maman Pur beurre tradition 300g","p":2.9,"u":"9,67 €/KG","img":"https://fd9-photos.leclercdrive.fr/image.ashx?id=2936137&use=l&cat=p&typeid=i","cat":284492},{"id":8407,"n":"Crème expert rides Diadermine Nuit Anti-rides - 50ml","p":8.3,"pp":5.48,"u":"109,60 €/L","img":"https://fd9-photos.leclercdrive.fr/image.ashx?id=2500491&use=l&cat=p&typeid=i","cat":325345},{"id":8408,"n":"Lingettes Express Diadermine  Démaquillantes 3en1 - x40","p":2.8,"u":"0,07 €/P","img":"https://fd9-photos.leclercdrive.fr/image.ashx?id=2500494&use=l&cat=p&typeid=i","cat":284603},{"id":8413,"n":"Biscuits Crackers Tokapi  Nature - 3x100g","p":1.38,"u":"4,60 €/KG","img":"https://fd9-photos.leclercdrive.fr/image.ashx?id=2660550&use=l&cat=p&typeid=i","cat":297000},{"id":8414,"n":"Chocolat au lait Equador Doux et fondant - 100g","p":1.65,"u":"16,50 €/KG","img":"https://fd9-photos.leclercdrive.fr/image.ashx?id=2758344&use=l&cat=p&typeid=i","cat":284497},{"id":8415,"n":"Pâtes coquillettes Turini Les 3 min - 500g","p":0.72,"u":"1,44 €/KG","img":"https://fd9-photos.leclercdrive.fr/image.ashx?id=2607461&use=l&cat=p&typeid=i","cat":284427},{"id":8419,"n":"Biscuits Crackers Tokapi Emmental - 100g","p":0.68,"u":"6,80 €/KG","img":"https://fd9-photos.leclercdrive.fr/image.ashx?id=2351226&use=l&cat=p&typeid=i","cat":297000},{"id":8424,"n":"Biscottes Heudebert  Fibres plus - 280g","p":2.15,"u":"7,68 €/KG","img":"https://fd9-photos.leclercdrive.fr/image.ashx?id=2679503&use=l&cat=p&typeid=i","cat":284479},{"id":8428,"n":"Biscuits sablés Granola Chocolat au lait - 225g","p":1.58,"u":"7,02 €/KG","img":"https://fd9-photos.leclercdrive.fr/image.ashx?id=2346675&use=l&cat=p&typeid=i","cat":284488},{"id":8432,"n":"Biscuit Roudor St Michel 2x150g","p":2.48,"u":"8,27 €/KG","img":"https://fd9-photos.leclercdrive.fr/image.ashx?id=2935690&use=l&cat=p&typeid=i","cat":284487},{"id":8433,"n":"Pâtes Coquillettes Panzani Prêt en 3 min - 1kg","p":2.36,"u":"2,36 €/KG","img":"https://fd9-photos.leclercdrive.fr/image.ashx?id=2896093&use=l&cat=p&typeid=i","cat":284427},{"id":8471,"n":"Lait en poudre Délisse Ecrémé - 750g","p":4.99,"u":"6,65 €/KG","img":"https://fd9-photos.leclercdrive.fr/image.ashx?id=2590698&use=l&cat=p&typeid=i","cat":299162},{"id":8474,"n":"Terrines Tous Mes Amis Les délices de la mer - 3x400g","p":3.69,"u":"3,08 €/KG","img":"https://fd9-photos.leclercdrive.fr/image.ashx?id=1671547&use=l&cat=p&typeid=i","cat":285601},{"id":8475,"n":"Serviette hygiénique Doulys Maxi confort - Normal - x18","p":0.99,"u":"0,06 €/P","img":"https://fd9-photos.leclercdrive.fr/image.ashx?id=2838909&use=l&cat=p&typeid=i","cat":284624},{"id":8494,"n":"Biscuits déli matin P'tit Déli Chocolat/pépites - 600g","p":3.18,"u":"5,30 €/KG","img":"https://fd9-photos.leclercdrive.fr/image.ashx?id=2999496&use=l&cat=p&typeid=i","cat":284491},{"id":8504,"n":"Biscottes bio Bio Village Complètes x36 - 300g","p":2.2,"u":"7,33 €/KG","img":"https://fd9-photos.leclercdrive.fr/image.ashx?id=2590460&use=l&cat=p&typeid=i","cat":284479},{"id":8508,"n":"Tétines Mots D'Enfants 1 Age Silicone Anatomique x2","p":1.45,"u":"0,73 €/P","img":"https://fd9-photos.leclercdrive.fr/image.ashx?id=584386&use=l&cat=p&typeid=i","cat":284743},{"id":8521,"n":"Café Soluble Nescafé Spécial Filtre Original - 100g","p":5.05,"u":"50,50 €/KG","img":"https://fd9-photos.leclercdrive.fr/image.ashx?id=2866753&use=l&cat=p&typeid=i","cat":284843},{"id":8528,"n":"Sel fin La Baleine Iodé et fluoré - 750g","p":0.74,"u":"0,99 €/KG","img":"https://fd9-photos.leclercdrive.fr/image.ashx?id=2790612&use=l&cat=p&typeid=i","cat":284457},{"id":8533,"n":"Flageolets verts Notre Jardin Extra Fins - 420g","p":1.72,"u":"4,10 €/KG","img":"https://fd9-photos.leclercdrive.fr/image.ashx?id=2371536&use=l&cat=p&typeid=i","cat":312606},{"id":8535,"n":"Olives noires Rustica Entières - 225g","p":0.99,"u":"4,40 €/KG","img":"https://fd9-photos.leclercdrive.fr/image.ashx?id=2499076&use=l&cat=p&typeid=i","cat":284458},{"id":8536,"n":"Savon mains en crème Manava Perles d'oranger - 300ml","p":1.25,"u":"4,17 €/L","img":"https://fd9-photos.leclercdrive.fr/image.ashx?id=2935480&use=l&cat=p&typeid=i","cat":284597},{"id":8538,"n":"100% Pur jus d'orange Jafaden  Avec pulpe - 1L","p":1.99,"u":"1,99 €/L","img":"https://fd9-photos.leclercdrive.fr/image.ashx?id=2796043&use=l&cat=p&typeid=i","cat":284521},{"id":8539,"n":"Nectar Jafaden Pêche - 1L","p":1.99,"u":"1,99 €/L","img":"https://fd9-photos.leclercdrive.fr/image.ashx?id=2919607&use=l&cat=p&typeid=i","cat":284915},{"id":8540,"n":"Nectar Jafaden Fraise - 1L","p":2.63,"u":"2,63 €/L","img":"https://fd9-photos.leclercdrive.fr/image.ashx?id=2895768&use=l&cat=p&typeid=i","cat":284915},{"id":8541,"n":"Nectar Jafaden Mangue - 1L","p":2.15,"u":"2,15 €/L","img":"https://fd9-photos.leclercdrive.fr/image.ashx?id=2955710&use=l&cat=p&typeid=i","cat":284916},{"id":8553,"n":"Sauce Barbecue AMORA 490g","p":1.87,"u":"3,82 €/KG","img":"https://fd9-photos.leclercdrive.fr/image.ashx?id=2877298&use=l&cat=p&typeid=i","cat":318431},{"id":8559,"n":"Biscuits Bjorg Fourrés Chocolat noir bio 225g","p":2.99,"u":"13,29 €/KG","img":"https://fd9-photos.leclercdrive.fr/image.ashx?id=2970912&use=l&cat=p&typeid=i","cat":284488},{"id":8564,"n":"Pâtes Barilla  Linguine - 500g","p":1.09,"u":"2,18 €/KG","img":"https://fd9-photos.leclercdrive.fr/image.ashx?id=3004444&use=l&cat=p&typeid=i","cat":284427},{"id":8566,"n":"Chocolat noir Bio Village Bio -Dégustation 74% cacao 100g","p":1.59,"u":"15,90 €/KG","img":"https://fd9-photos.leclercdrive.fr/image.ashx?id=2045623&use=l&cat=p&typeid=i","cat":284956},{"id":8572,"n":"Tablette chocolat Côte d'Or Chocolat au lait - 200g","p":2.71,"u":"13,55 €/KG","img":"https://fd9-photos.leclercdrive.fr/image.ashx?id=2944362&use=l&cat=p&typeid=i","cat":284497},{"id":8576,"n":"Pâtes Barilla Torsades - 500g","p":0.98,"u":"1,96 €/KG","img":"https://fd9-photos.leclercdrive.fr/image.ashx?id=2392224&use=l&cat=p&typeid=i","cat":284427},{"id":8603,"n":"Cocktail Punch Old Nick Planteur 16%vol - 70cl","p":5.67,"u":"8,10 €/L","img":"https://fd9-photos.leclercdrive.fr/image.ashx?id=2999207&use=l&cat=p&typeid=i","cat":284551},{"id":8605,"n":"Liqueur Cointreau 40%vol. - 70cl","p":17.72,"u":"25,31 €/L","img":"https://fd9-photos.leclercdrive.fr/image.ashx?id=2998904&use=l&cat=p&typeid=i","cat":286032},{"id":8634,"n":"Cognac Courcel 40%vol - 20cl","p":6.52,"u":"32,60 €/L","img":"https://fd9-photos.leclercdrive.fr/image.ashx?id=2484035&use=l&cat=p&typeid=i","cat":286032},{"id":8642,"n":"Dentifrice Dentamyl Anti-tartre 75ml","p":0.74,"u":"9,87 €/L","img":"https://fd9-photos.leclercdrive.fr/image.ashx?id=2489098&use=l&cat=p&typeid=i","cat":284612},{"id":8643,"n":"Amandes en poudre Tablier Blanc 125g","p":1.6,"u":"12,80 €/KG","img":"https://fd9-photos.leclercdrive.fr/image.ashx?id=2460577&use=l&cat=p&typeid=i","cat":284504},{"id":8645,"n":"Pepites de chocolat Tablier Blanc - 100g","p":1.43,"u":"14,30 €/KG","img":"https://fd9-photos.leclercdrive.fr/image.ashx?id=2723138&use=l&cat=p&typeid=i","cat":284504},{"id":8646,"n":"Noix de Coco Râpée  Tablier Blanc - 125g","p":1.41,"u":"11,28 €/KG","img":"https://fd9-photos.leclercdrive.fr/image.ashx?id=2460583&use=l&cat=p&typeid=i","cat":284504},{"id":8647,"n":"Gélatine alimentaire Tablier 9 feuilles - 17g","p":1.07,"u":"62,94 €/KG","img":"https://fd9-photos.leclercdrive.fr/image.ashx?id=2487446&use=l&cat=p&typeid=i","cat":284504},{"id":8649,"n":"Raisins Secs Tablier Blanc 250g","p":1.98,"u":"7,92 €/KG","img":"https://fd9-photos.leclercdrive.fr/image.ashx?id=2460589&use=l&cat=p&typeid=i","cat":284504},{"id":8650,"n":"Arôme fleur d'Oranger Tablier Blanc - 200ml","p":1.24,"u":"6,20 €/L","img":"https://fd9-photos.leclercdrive.fr/image.ashx?id=2487449&use=l&cat=p&typeid=i","cat":284504},{"id":8651,"n":"Arôme naturel de vanille Tablier Blanc 20ml","p":1.15,"u":"57,50 €/L","img":"https://fd9-photos.leclercdrive.fr/image.ashx?id=2487452&use=l&cat=p&typeid=i","cat":284504},{"id":8672,"n":"Nappage Tablier Blanc Caramel - 210g","p":1.25,"u":"5,95 €/KG","img":"https://fd9-photos.leclercdrive.fr/image.ashx?id=2487455&use=l&cat=p&typeid=i","cat":284504},{"id":8674,"n":"Sucre Tablier Blanc Spécial confiture - 1kg","p":1.92,"u":"1,92 €/KG","img":"https://fd9-photos.leclercdrive.fr/image.ashx?id=3010416&use=l&cat=p&typeid=i","cat":284502},{"id":8679,"n":"Truite fumée d'Aquitaine NRT x4 - 120g","p":5.26,"u":"43,83 €/KG","img":"https://fd9-photos.leclercdrive.fr/image.ashx?id=2663836&use=l&cat=p&typeid=i","cat":285188},{"id":8682,"n":"Quenelles nature NRT - 4x80g","p":3.0,"u":"9,38 €/KG","img":"https://fd9-photos.leclercdrive.fr/image.ashx?id=2858051&use=l&cat=p&typeid=i","cat":333682},{"id":8683,"n":"Saucisson sec d'Ardèche IGP NRT - 280g","p":5.0,"u":"17,86 €/KG","img":"https://fd9-photos.leclercdrive.fr/image.ashx?id=2753502&use=l&cat=p&typeid=i","cat":316006},{"id":8698,"n":"Assiette soir bébé bio Babybio Légumes riz - 12 mois - 230g","p":1.81,"u":"7,87 €/KG","img":"https://fd9-photos.leclercdrive.fr/image.ashx?id=2859356&use=l&cat=p&typeid=i","cat":312239},{"id":8727,"n":"Pâte à tartiner bio Jardin Bio Max Havelaar chocolat noir 350g","p":3.45,"u":"9,86 €/KG","img":"https://fd9-photos.leclercdrive.fr/image.ashx?id=3014536&use=l&cat=p&typeid=i","cat":284481},{"id":8734,"n":"AOC Champagne brut blanc  Premier cru Pol Carson - 75cl","p":22.99,"u":"30,65 €/L","img":"https://fd9-photos.leclercdrive.fr/image.ashx?id=2909858&use=l&cat=p&typeid=i","cat":284542},{"id":8742,"n":"Saucisse de volaille Volandrie x6 - 300g","p":3.49,"u":"11,63 €/KG","img":"https://fd9-photos.leclercdrive.fr/image.ashx?id=2120155&use=l&cat=p&typeid=i","cat":284716},{"id":8749,"n":"Flask Whisky Label 5 40%vol - 20cl","p":4.36,"u":"21,80 €/L","img":"https://fd9-photos.leclercdrive.fr/image.ashx?id=2519720&use=l&cat=p&typeid=i","cat":284547},{"id":8754,"n":"Sacs congélation Elembal Moyen Zip 20 Sacs","p":1.49,"u":"0,07 €/P","img":"https://fd9-photos.leclercdrive.fr/image.ashx?id=2751886&use=l&cat=p&typeid=i","cat":334134},{"id":8784,"n":"Plat bébé Blédina 8 mois  Riz carotte jambon - 2x200g","p":2.49,"u":"6,23 €/KG","img":"https://fd9-photos.leclercdrive.fr/image.ashx?id=2975065&use=l&cat=p&typeid=i","cat":312236},{"id":8795,"n":"Eau minérale Wattwiller 6x1.5L","p":3.77,"u":"0,42 €/L","img":"https://fd9-photos.leclercdrive.fr/image.ashx?id=2582846&use=l&cat=p&typeid=i","cat":284535},{"id":8798,"n":"Fromage St Félicien NRT 180g","p":4.07,"u":"22,61 €/KG","img":"https://fd9-photos.leclercdrive.fr/image.ashx?id=1907399&use=l&cat=p&typeid=i","cat":329558},{"id":8804,"n":"Brownie P'tit Déli Chocolat pépites 285g","p":1.85,"u":"6,49 €/KG","img":"https://fd9-photos.leclercdrive.fr/image.ashx?id=2663365&use=l&cat=p&typeid=i","cat":294776},{"id":8825,"n":"Barres de céréales Coco Pops Kellogg's - 6x20g","p":1.81,"u":"15,08 €/KG","img":"https://fd9-photos.leclercdrive.fr/image.ashx?id=2677291&use=l&cat=p&typeid=i","cat":285869},{"id":8842,"n":"Couscous poulet bœuf Garbit - 980g","p":4.68,"u":"4,78 €/KG","img":"https://fd9-photos.leclercdrive.fr/image.ashx?id=2677930&use=l&cat=p&typeid=i","cat":325094},{"id":8854,"n":"Café soluble Plantation  Qualité décaféiné - 200g","p":6.55,"u":"32,75 €/KG","img":"https://fd9-photos.leclercdrive.fr/image.ashx?id=2834275&use=l&cat=p&typeid=i","cat":284843},{"id":8857,"n":"Café soluble Plantation Qualité filtre - x25 - 50g","p":2.09,"u":"41,80 €/KG","img":"https://fd9-photos.leclercdrive.fr/image.ashx?id=2834278&use=l&cat=p&typeid=i","cat":284843},{"id":8858,"n":"Café Soluble Plantation Décaféiné - x25 - 50g","p":2.28,"u":"45,60 €/KG","img":"https://fd9-photos.leclercdrive.fr/image.ashx?id=2834281&use=l&cat=p&typeid=i","cat":284843},{"id":8859,"n":"Café soluble Plantation Chicorée - 100g","p":2.35,"u":"23,50 €/KG","img":"https://fd9-photos.leclercdrive.fr/image.ashx?id=2856468&use=l&cat=p&typeid=i","cat":284843},{"id":8861,"n":"Café soluble Plantation Expresso - x25 - 45g","p":2.29,"u":"50,89 €/KG","img":"https://fd9-photos.leclercdrive.fr/image.ashx?id=2834287&use=l&cat=p&typeid=i","cat":284843},{"id":8864,"n":"Pain de Mie Epi d'or - Nature Longue Conservation - 280g","p":0.74,"u":"2,64 €/KG","img":"https://fd9-photos.leclercdrive.fr/image.ashx?id=2993564&use=l&cat=p&typeid=i","cat":284477},{"id":8865,"n":"Toasts Brioches Epi D'Or x13 - 125g","p":0.94,"u":"7,52 €/KG","img":"https://fd9-photos.leclercdrive.fr/image.ashx?id=2896018&use=l&cat=p&typeid=i","cat":284479},{"id":8869,"n":"Riz complet Comptoir du Grain 10min - 500g","p":1.49,"u":"2,98 €/KG","img":"https://fd9-photos.leclercdrive.fr/image.ashx?id=2909386&use=l&cat=p&typeid=i","cat":284428},{"id":8870,"n":"Dés fromage Herbes de Provence Poivrons Les Croisés - 300g","p":2.11,"u":"7,03 €/KG","img":"https://fd9-photos.leclercdrive.fr/image.ashx?id=776166&use=l&cat=p&typeid=i","cat":314027},{"id":8891,"n":"Soda Jean's Cola Bouteille - 6x1,5L","p":6.52,"u":"0,72 €/L","img":"https://fd9-photos.leclercdrive.fr/image.ashx?id=2637862&use=l&cat=p&typeid=i","cat":284530},{"id":8908,"n":"Crépes Fourrées P'tit Déli Céréales et chocolat x8 - 256g","p":1.81,"u":"7,07 €/KG","img":"https://fd9-photos.leclercdrive.fr/image.ashx?id=2656338&use=l&cat=p&typeid=i","cat":284494},{"id":8910,"n":"Jus 3 agrumes Jafaden Pur jus - 1L","p":2.42,"u":"2,42 €/L","img":"https://fd9-photos.leclercdrive.fr/image.ashx?id=2956047&use=l&cat=p&typeid=i","cat":284917},{"id":8931,"n":"Fromage Emmental Paysan Breton Portion - 220g","p":2.63,"u":"11,95 €/KG","img":"https://fd9-photos.leclercdrive.fr/image.ashx?id=2945559&use=l&cat=p&typeid=i","cat":314034},{"id":8966,"n":"Biscuits chien Pedigree Biscrok - 500g","p":1.62,"u":"3,24 €/KG","img":"https://fd9-photos.leclercdrive.fr/image.ashx?id=2983456&use=l&cat=p&typeid=i","cat":294527},{"id":8968,"n":"Chocolat poudre Banania 400g","p":2.6,"u":"6,50 €/KG","img":"https://fd9-photos.leclercdrive.fr/image.ashx?id=2225276&use=l&cat=p&typeid=i","cat":293235},{"id":8972,"n":"Levure boulangère Tablier Blanc x6 - 30g","p":0.69,"u":"23,00 €/KG","img":"https://fd9-photos.leclercdrive.fr/image.ashx?id=2867904&use=l&cat=p&typeid=i","cat":294686},{"id":8977,"n":"Cacahuètes  Benenuts Grillées à sec - 200g","p":1.65,"u":"8,25 €/KG","img":"https://fd9-photos.leclercdrive.fr/image.ashx?id=2389616&use=l&cat=p&typeid=i","cat":284448},{"id":8981,"n":"Pâné Le Gaulois Chévre Epinard - 200g","p":2.65,"u":"13,25 €/KG","img":"https://fd9-photos.leclercdrive.fr/image.ashx?id=2342839&use=l&cat=p&typeid=i","cat":333683},{"id":8985,"n":"Soupe Poule au Pot Knorr Déshydratée - 1L","p":1.02,"u":"1,02 €/L","img":"https://fd9-photos.leclercdrive.fr/image.ashx?id=2826471&use=l&cat=p&typeid=i","cat":284463},{"id":8987,"n":"Pâté Hénaff 156g","p":2.37,"u":"15,19 €/KG","img":"https://fd9-photos.leclercdrive.fr/image.ashx?id=2298361&use=l&cat=p&typeid=i","cat":305149},{"id":9009,"n":"Pain aux noix 300g","p":1.8,"u":"6,00 €/KG","img":"https://fd9-photos.leclercdrive.fr/image.ashx?id=2062444&use=l&cat=p&typeid=i","cat":284359},{"id":9033,"n":"Fromage Entremont Dégustation 45%mg - 250g","p":2.94,"u":"11,76 €/KG","img":"https://fd9-photos.leclercdrive.fr/image.ashx?id=2983168&use=l&cat=p&typeid=i","cat":314034},{"id":9035,"n":"Scotch Whisky Label 5 40%vol - 1L","p":18.15,"u":"18,15 €/L","img":"https://fd9-photos.leclercdrive.fr/image.ashx?id=2519714&use=l&cat=p&typeid=i","cat":284547},{"id":9055,"n":"Fondue 3 fromages Président  450g","p":5.25,"u":"11,67 €/KG","img":"https://fd9-photos.leclercdrive.fr/image.ashx?id=2632990&use=l&cat=p&typeid=i","cat":314037},{"id":9065,"n":"Fromage tartiflette Ermitage 27%mg - 500g","p":5.98,"u":"11,96 €/KG","img":"https://fd9-photos.leclercdrive.fr/image.ashx?id=2966011&use=l&cat=p&typeid=i","cat":314037},{"id":9080,"n":"Fromage à Tartiner St Môret  Nature 9 Portions - 180g","p":2.0,"u":"11,11 €/KG","img":"https://fd9-photos.leclercdrive.fr/image.ashx?id=2763319&use=l&cat=p&typeid=i","cat":314029},{"id":9091,"n":"Sandwich XXL Daunat Poulet rôti - 230g","p":1.99,"u":"8,65 €/KG","img":"https://fd9-photos.leclercdrive.fr/image.ashx?id=2894260&use=l&cat=p&typeid=i","cat":333658},{"id":9105,"n":"Pate Brisée Eco+ A dérouler - 230g","p":0.53,"u":"2,30 €/KG","img":"https://fd9-photos.leclercdrive.fr/image.ashx?id=2744347&use=l&cat=p&typeid=i","cat":333681},{"id":9110,"n":"Bûche de chèvre allégée Soignon Lait pasteurisé 29%mg - 180g","p":2.36,"u":"13,11 €/KG","img":"https://fd9-photos.leclercdrive.fr/image.ashx?id=2886987&use=l&cat=p&typeid=i","cat":314031},{"id":9124,"n":"Croquettes chiens Lydog Senior - 3kg","p":5.18,"u":"1,73 €/KG","img":"https://fd9-photos.leclercdrive.fr/image.ashx?id=2047025&use=l&cat=p&typeid=i","cat":284672},{"id":9130,"n":"Mouchoirs blancs 2 plis Caresse Boîte mouchoirs en papier -x110","p":1.33,"u":"0,01 €/P","img":"https://fd9-photos.leclercdrive.fr/image.ashx?id=1993571&use=l&cat=p&typeid=i","cat":284638},{"id":9131,"n":"Gel douche et shampooing Carré Homme Tonifiante - 250ml","p":1.27,"u":"5,08 €/L","img":"https://fd9-photos.leclercdrive.fr/image.ashx?id=2927848&use=l&cat=p&typeid=i","cat":284619},{"id":9138,"n":"Café soluble Plantation Chicorée - 250g","p":2.98,"u":"11,92 €/KG","img":"https://fd9-photos.leclercdrive.fr/image.ashx?id=2556379&use=l&cat=p&typeid=i","cat":284843},{"id":9162,"n":"Croquettes chat Plénima Premium Chatons - 450g","p":2.24,"u":"4,98 €/KG","img":"https://fd9-photos.leclercdrive.fr/image.ashx?id=1943364&use=l&cat=p&typeid=i","cat":284680},{"id":9164,"n":"Crevettes natures Pêche Océan 125g","p":3.99,"u":"31,92 €/KG","img":"https://fd9-photos.leclercdrive.fr/image.ashx?id=3015242&use=l&cat=p&typeid=i","cat":284343},{"id":9167,"n":"Fromage Edam Mimolette Les Croisés dés 150g","p":1.85,"u":"12,33 €/KG","img":"https://fd9-photos.leclercdrive.fr/image.ashx?id=2365472&use=l&cat=p&typeid=i","cat":314027},{"id":9170,"n":"Spaetzles d'Alsace NRT 250g","p":1.39,"u":"5,56 €/KG","img":"https://fd9-photos.leclercdrive.fr/image.ashx?id=2839962&use=l&cat=p&typeid=i","cat":284427},{"id":9173,"n":"Ravioles Label Rouge NRT Dauphiné - 240g","p":2.99,"u":"12,46 €/KG","img":"https://fd9-photos.leclercdrive.fr/image.ashx?id=2704894&use=l&cat=p&typeid=i","cat":333682},{"id":9181,"n":"Chinois La Fournée Dorée Crème pâtissière - 600g","p":2.97,"u":"4,95 €/KG","img":"https://fd9-photos.leclercdrive.fr/image.ashx?id=2342090&use=l&cat=p&typeid=i","cat":293600},{"id":9183,"n":"Boules soufflées Tokapi Tomate - 42g","p":0.57,"u":"13,57 €/KG","img":"https://fd9-photos.leclercdrive.fr/image.ashx?id=2898832&use=l&cat=p&typeid=i","cat":284449},{"id":9223,"n":"Pâtes Capellini Turini 500g","p":0.85,"u":"1,70 €/KG","img":"https://fd9-photos.leclercdrive.fr/image.ashx?id=2607482&use=l&cat=p&typeid=i","cat":284427},{"id":9240,"n":"Céréales Special K Kellogg's Chocolat au lait - 300g","p":2.53,"u":"8,43 €/KG","img":"https://fd9-photos.leclercdrive.fr/image.ashx?id=2667124&use=l&cat=p&typeid=i","cat":309512},{"id":9262,"n":"Matière grasse Rustica Tournesol -60%MG -Doux -500G","p":1.53,"u":"3,06 €/KG","img":"https://fd9-photos.leclercdrive.fr/image.ashx?id=2904553&use=l&cat=p&typeid=i","cat":315229},{"id":9265,"n":"Pêche poire ananas  Douceur du verger - 4x70g","p":2.59,"u":"9,25 €/KG","img":"https://fd9-photos.leclercdrive.fr/image.ashx?id=2349100&use=l&cat=p&typeid=i","cat":284507},{"id":9276,"n":"Biscuits Sprits P'tit Déli Chocolat au lait - 150g","p":1.09,"u":"7,27 €/KG","img":"https://fd9-photos.leclercdrive.fr/image.ashx?id=2081053&use=l&cat=p&typeid=i","cat":284488},{"id":9322,"n":"Tartelette Choco Caramel St Michel Bonne Maman 135g","p":1.45,"u":"10,74 €/KG","img":"https://fd9-photos.leclercdrive.fr/image.ashx?id=2949931&use=l&cat=p&typeid=i","cat":284488},{"id":9435,"n":"AOP Champagne Mercier  Brut - 75cl","p":24.82,"u":"33,09 €/L","img":"https://fd9-photos.leclercdrive.fr/image.ashx?id=1867174&use=l&cat=p&typeid=i","cat":284542},{"id":9597,"n":"AOP Côtes de Provence rosé Jean Valestrel - 75cl","p":6.88,"u":"9,17 €/L","img":"https://fd9-photos.leclercdrive.fr/image.ashx?id=2236698&use=l&cat=p&typeid=i","cat":289558},{"id":9605,"n":"Ruban adhésif Esquisse super transparent - 25m","p":0.82,"u":"0,03 €/MT","img":"https://fd9-photos.leclercdrive.fr/image.ashx?id=2943217&use=l&cat=p&typeid=i","cat":334133},{"id":9632,"n":"IGP Pays d'Oc rouge Les Ormes De Cambras 12.5% vol - 75cl","p":2.93,"u":"3,91 €/L","img":"https://fd9-photos.leclercdrive.fr/image.ashx?id=2445121&use=l&cat=p&typeid=i","cat":289556},{"id":9634,"n":"Scotch Whisky Baird's 40%vol - 1L","p":15.49,"u":"15,49 €/L","img":"https://fd9-photos.leclercdrive.fr/image.ashx?id=2907168&use=l&cat=p&typeid=i","cat":284547},{"id":9635,"n":"Rhum blanc Charrette 49%vol - 1L","p":16.94,"u":"16,94 €/L","img":"https://fd9-photos.leclercdrive.fr/image.ashx?id=1946417&use=l&cat=p&typeid=i","cat":284550},{"id":9638,"n":"AOC Rhum agricole blanc Dillon Martinique 55%vol - 1L","p":18.59,"u":"18,59 €/L","img":"https://fd9-photos.leclercdrive.fr/image.ashx?id=2650946&use=l&cat=p&typeid=i","cat":284550},{"id":9641,"n":"Whisky Ballantine's Finest Blended Scotch 40% vol - 1L","p":20.95,"pp":19.45,"u":"19,45 €/L","img":"https://fd9-photos.leclercdrive.fr/image.ashx?id=2816964&use=l&cat=p&typeid=i","cat":284547},{"id":9689,"n":"Muffin complet Epi d'Or x4 - 250g","p":1.7,"u":"6,80 €/KG","img":"https://fd9-photos.leclercdrive.fr/image.ashx?id=2939058&use=l&cat=p&typeid=i","cat":284985},{"id":9690,"n":"Carré à Langer Mots d'Enfants Jetables x10","p":4.1,"u":"0,41 €/P","img":"https://fd9-photos.leclercdrive.fr/image.ashx?id=3014191&use=l&cat=p&typeid=i","cat":284737},{"id":9700,"n":"Serviette incontinence Chorys Extra plus - x16","p":4.99,"u":"0,31 €/P","img":"https://fd9-photos.leclercdrive.fr/image.ashx?id=2691171&use=l&cat=p&typeid=i","cat":284628},{"id":9708,"n":"Crème aux oeufs Délisse Vanille - 4x100g","p":1.49,"u":"3,73 €/KG","img":"https://fd9-photos.leclercdrive.fr/image.ashx?id=1956631&use=l&cat=p&typeid=i","cat":284419},{"id":9709,"n":"Mini brownies P'tit Déli Chocolat pépites x8 - 240g","p":1.49,"u":"6,21 €/KG","img":"https://fd9-photos.leclercdrive.fr/image.ashx?id=2888938&use=l&cat=p&typeid=i","cat":294776},{"id":9864,"n":"Alcool à brûler Mieuxa 90° - 1L","p":3.78,"u":"3,78 €/L","img":"https://fd9-photos.leclercdrive.fr/image.ashx?id=2446020&use=l&cat=p&typeid=i","cat":300576},{"id":9898,"n":"Culotte absorbante Chorys Taille L - x10","p":6.99,"u":"0,70 €/P","img":"https://fd9-photos.leclercdrive.fr/image.ashx?id=2623004&use=l&cat=p&typeid=i","cat":284628},{"id":9899,"n":"Culotte absorbante Chorys Taille M - Plus - x12","p":7.99,"u":"0,67 €/P","img":"https://fd9-photos.leclercdrive.fr/image.ashx?id=2623001&use=l&cat=p&typeid=i","cat":284628},{"id":9915,"n":"Oignons émincés Notre Jardin 1kg","p":1.75,"u":"1,75 €/KG","img":"https://fd9-photos.leclercdrive.fr/image.ashx?id=2873120&use=l&cat=p&typeid=i","cat":319805},{"id":9916,"n":"Epinards Notre Jardin Feuilles à cuire - 600g","p":1.35,"u":"2,25 €/KG","img":"https://fd9-photos.leclercdrive.fr/image.ashx?id=2916677&use=l&cat=p&typeid=i","cat":319805},{"id":9917,"n":"Whisky J&B Rare 40%vol - 1L","p":21.26,"u":"21,26 €/L","img":"https://fd9-photos.leclercdrive.fr/image.ashx?id=2497638&use=l&cat=p&typeid=i","cat":284547},{"id":9920,"n":"Riz rond blanc de Camargue NRT 500g","p":1.79,"u":"3,58 €/KG","img":"https://fd9-photos.leclercdrive.fr/image.ashx?id=2663839&use=l&cat=p&typeid=i","cat":284428},{"id":9933,"n":"Mouchoirs blancs 4 plis Caresse Mouchoirs papier - 24 étuis","p":2.51,"u":"0,10 €/P","img":"https://fd9-photos.leclercdrive.fr/image.ashx?id=2870017&use=l&cat=p&typeid=i","cat":284638},{"id":9937,"n":"Eau de source de Montagne Bouchon sport - 12x33cl","p":2.89,"u":"0,73 €/L","img":"https://fd9-photos.leclercdrive.fr/image.ashx?id=2909879&use=l&cat=p&typeid=i","cat":284535},{"id":10069,"n":"Gâteaux moelleux Pépito  Pépites de chocolat - 150g","p":1.21,"u":"8,07 €/KG","img":"https://fd9-photos.leclercdrive.fr/image.ashx?id=2374396&use=l&cat=p&typeid=i","cat":284495},{"id":10072,"n":"Navettes NRT Fleur d'oranger - 400g","p":2.89,"u":"7,23 €/KG","img":"https://fd9-photos.leclercdrive.fr/image.ashx?id=2909410&use=l&cat=p&typeid=i","cat":284487},{"id":10074,"n":"Tablette de chocolat Equador Noir et menthe 100g","p":1.19,"u":"11,90 €/KG","img":"https://fd9-photos.leclercdrive.fr/image.ashx?id=2834296&use=l&cat=p&typeid=i","cat":284956},{"id":10075,"n":"Tablette de chocolat Equador Amandes éffilées orange 100g","p":1.73,"u":"17,30 €/KG","img":"https://fd9-photos.leclercdrive.fr/image.ashx?id=2368524&use=l&cat=p&typeid=i","cat":284956},{"id":10076,"n":"Tablette chocolat Equador Noir framboise 100g","p":1.82,"u":"18,20 €/KG","img":"https://fd9-photos.leclercdrive.fr/image.ashx?id=2834290&use=l&cat=p&typeid=i","cat":284956},{"id":10086,"n":"Fondants Autour du Dessert Chocolat x2 - 180g","p":1.99,"u":"11,06 €/KG","img":"https://fd9-photos.leclercdrive.fr/image.ashx?id=2886540&use=l&cat=p&typeid=i","cat":284267},{"id":10091,"n":"Filets maquereaux Pêche Océan Tomate basilic - 169g","p":1.46,"u":"8,64 €/KG","img":"https://fd9-photos.leclercdrive.fr/image.ashx?id=2394657&use=l&cat=p&typeid=i","cat":303868},{"id":10092,"n":"Palets de légumes Notre Jardin Courgettes Carottes - x8 300g","p":1.74,"u":"5,80 €/KG","img":"https://fd9-photos.leclercdrive.fr/image.ashx?id=2878711&use=l&cat=p&typeid=i","cat":319802},{"id":10093,"n":"Palets légumes Notre Jardin Poireaux Carottes - x8 300g","p":1.99,"u":"6,63 €/KG","img":"https://fd9-photos.leclercdrive.fr/image.ashx?id=2878708&use=l&cat=p&typeid=i","cat":319802},{"id":10108,"n":"Croquants aux amandes NRT 300g","p":2.74,"u":"9,13 €/KG","img":"https://fd9-photos.leclercdrive.fr/image.ashx?id=2909413&use=l&cat=p&typeid=i","cat":284487},{"id":10114,"n":"Essuie-tout Uni Vert Compact Ecologique - x2","p":2.7,"u":"1,35 €/P","img":"https://fd9-photos.leclercdrive.fr/image.ashx?id=2571929&use=l&cat=p&typeid=i","cat":284635},{"id":10122,"n":"Mini gratins Côté Table Aux 3 légumes - x4 480g","p":3.12,"u":"6,50 €/KG","img":"https://fd9-photos.leclercdrive.fr/image.ashx?id=2074419&use=l&cat=p&typeid=i","cat":319802},{"id":10124,"n":"Bâtonnets poulet Pic'Express x18 400g","p":5.13,"u":"12,83 €/KG","img":"https://fd9-photos.leclercdrive.fr/image.ashx?id=2054954&use=l&cat=p&typeid=i","cat":319780},{"id":10125,"n":"Rösti Pom'Lisse 600g","p":1.39,"u":"2,32 €/KG","img":"https://fd9-photos.leclercdrive.fr/image.ashx?id=2704648&use=l&cat=p&typeid=i","cat":319792},{"id":10163,"n":"Palets légumes Notre Jardin Choux-fleurs Brocolis - x8 300g","p":2.1,"u":"7,00 €/KG","img":"https://fd9-photos.leclercdrive.fr/image.ashx?id=2878714&use=l&cat=p&typeid=i","cat":319802},{"id":10192,"n":"Olives Vertes Tramier  Dénoyautées 160g","p":1.92,"u":"12,00 €/KG","img":"https://fd9-photos.leclercdrive.fr/image.ashx?id=2363829&use=l&cat=p&typeid=i","cat":284458},{"id":10211,"n":"Pâtes Nouilles Turini 1kg","p":1.35,"u":"1,35 €/KG","img":"https://fd9-photos.leclercdrive.fr/image.ashx?id=2980444&use=l&cat=p&typeid=i","cat":284427},{"id":10212,"n":"Rubans anti-mouches Insectivor x4","p":0.85,"u":"0,21 €/P","img":"https://fd9-photos.leclercdrive.fr/image.ashx?id=2555077&use=l&cat=p&typeid=i","cat":298368},{"id":10215,"n":"Sauce Basquaise Rustica Aux 2 poivrons - 400g","p":1.29,"u":"3,23 €/KG","img":"https://fd9-photos.leclercdrive.fr/image.ashx?id=2887398&use=l&cat=p&typeid=i","cat":287599},{"id":10217,"n":"Sauce Curry Rustica Légumes et lait de coco - 400g","p":1.31,"u":"3,28 €/KG","img":"https://fd9-photos.leclercdrive.fr/image.ashx?id=2887404&use=l&cat=p&typeid=i","cat":287599},{"id":10220,"n":"Tampons Doulys Compact Normal - x20","p":2.24,"u":"0,11 €/P","img":"https://fd9-photos.leclercdrive.fr/image.ashx?id=2965464&use=l&cat=p&typeid=i","cat":284626},{"id":10227,"n":"Mini gratins Côté Table Dauphinois - x4 480g","p":2.99,"u":"6,23 €/KG","img":"https://fd9-photos.leclercdrive.fr/image.ashx?id=2627640&use=l&cat=p&typeid=i","cat":319802},{"id":10231,"n":"Confiture Douceur du verger Framboises - Allégée - 340g","p":1.25,"u":"3,68 €/KG","img":"https://fd9-photos.leclercdrive.fr/image.ashx?id=2965473&use=l&cat=p&typeid=i","cat":284480},{"id":10232,"n":"Confiture Douceur du Verger Allégée Pêche 340g","p":1.32,"u":"3,88 €/KG","img":"https://fd9-photos.leclercdrive.fr/image.ashx?id=2965476&use=l&cat=p&typeid=i","cat":284480},{"id":10244,"n":"Thon entier Pêche Océan Naturel - 280g","p":3.72,"u":"13,29 €/KG","img":"https://fd9-photos.leclercdrive.fr/image.ashx?id=2941414&use=l&cat=p&typeid=i","cat":303867},{"id":10344,"n":"Petit Beurre Pocket P'ti Déli 3x12 sachets 300g","p":1.68,"u":"5,60 €/KG","img":"https://fd9-photos.leclercdrive.fr/image.ashx?id=1965518&use=l&cat=p&typeid=i","cat":284487},{"id":10346,"n":"Vinaigrette allégée Rustica Balsamique huile d'olive - 50cl","p":2.49,"u":"4,98 €/L","img":"https://fd9-photos.leclercdrive.fr/image.ashx?id=1972913&use=l&cat=p&typeid=i","cat":284456},{"id":10348,"n":"Huile de noix Rustica 50cl","p":4.68,"u":"9,36 €/L","img":"https://fd9-photos.leclercdrive.fr/image.ashx?id=2523703&use=l&cat=p&typeid=i","cat":284453},{"id":10351,"n":"Sacs à couche Mots d'Enfant Parfumés - x50","p":1.6,"u":"0,03 €/P","img":"https://fd9-photos.leclercdrive.fr/image.ashx?id=1886564&use=l&cat=p&typeid=i","cat":284737},{"id":10379,"n":"Riz long blanc parfumé Dragon 2kg","p":4.43,"u":"2,22 €/KG","img":"https://fd9-photos.leclercdrive.fr/image.ashx?id=2594926&use=l&cat=p&typeid=i","cat":288993},{"id":10382,"n":"Choucroute Royale Côté Table 400g","p":1.99,"u":"4,98 €/KG","img":"https://fd9-photos.leclercdrive.fr/image.ashx?id=2977147&use=l&cat=p&typeid=i","cat":284441},{"id":10398,"n":"Biscuit apéritif ancel Bretzels Maxi - 200g","p":0.86,"u":"4,30 €/KG","img":"https://fd9-photos.leclercdrive.fr/image.ashx?id=2991813&use=l&cat=p&typeid=i","cat":297000},{"id":10408,"n":"Boisson végétale Riz nature Bjorg Bio - 1L","p":1.83,"u":"1,83 €/L","img":"https://fd9-photos.leclercdrive.fr/image.ashx?id=2970915&use=l&cat=p&typeid=i","cat":316067},{"id":10417,"n":"AOP Fitou rouge Réserve Saint Esteve - 75cl","p":3.99,"pp":2.79,"u":"3,72 €/L","img":"https://fd9-photos.leclercdrive.fr/image.ashx?id=2407295&use=l&cat=p&typeid=i","cat":289556},{"id":10443,"n":"Feuilles de brick La Pastilla 170g","p":0.95,"u":"5,59 €/KG","img":"https://fd9-photos.leclercdrive.fr/image.ashx?id=2335289&use=l&cat=p&typeid=i","cat":289013},{"id":10444,"n":"Arôme fleur d'oranger 50cl","p":1.56,"u":"3,12 €/L","img":"https://fd9-photos.leclercdrive.fr/image.ashx?id=2756269&use=l&cat=p&typeid=i","cat":289013},{"id":10465,"n":"Adoucissant Hyperdou Pure caresse - 3x250ml","p":1.19,"u":"1,59 €/L","img":"https://fd9-photos.leclercdrive.fr/image.ashx?id=2809078&use=l&cat=p&typeid=i","cat":284650},{"id":10522,"n":"Lait fermenté Elben Candia 1L","p":1.83,"u":"1,83 €/L","img":"https://fd9-photos.leclercdrive.fr/image.ashx?id=2511393&use=l&cat=p&typeid=i","cat":285609},{"id":10526,"n":"Pommes Noisettes McCain 1kg","p":2.9,"u":"2,90 €/KG","img":"https://fd9-photos.leclercdrive.fr/image.ashx?id=2911312&use=l&cat=p&typeid=i","cat":319792},{"id":10555,"n":"Bloc notes Esquisse Repositionnables 76x76mm - x500","p":2.5,"img":"https://fd9-photos.leclercdrive.fr/image.ashx?id=1698628&use=l&cat=p&typeid=i","cat":334133},{"id":10591,"n":"Spray vitrocéramique Clair 500ml","p":3.42,"u":"6,84 €/L","img":"https://fd9-photos.leclercdrive.fr/image.ashx?id=2860073&use=l&cat=p&typeid=i","cat":325363},{"id":10637,"n":"Crème entière Délisse Fluide - 30% MG - 2x25cl","p":2.72,"u":"5,44 €/L","img":"https://fd9-photos.leclercdrive.fr/image.ashx?id=3002560&use=l&cat=p&typeid=i","cat":284381},{"id":10638,"n":"Crème légère fluide UHT Délisse 12%mg - 2x25cl","p":2.36,"u":"4,72 €/L","img":"https://fd9-photos.leclercdrive.fr/image.ashx?id=3002566&use=l&cat=p&typeid=i","cat":284381},{"id":10641,"n":"Yaourts lait entier nature Bio Bio village - 4x125g","p":0.95,"u":"1,90 €/KG","img":"https://fd9-photos.leclercdrive.fr/image.ashx?id=2743831&use=l&cat=p&typeid=i","cat":284409},{"id":10654,"n":"Vin de France rosé Cuisse de Bergère - 75cl","p":3.07,"u":"4,09 €/L","img":"https://fd9-photos.leclercdrive.fr/image.ashx?id=2231322&use=l&cat=p&typeid=i","cat":289558},{"id":10655,"n":"IGP Pays d'Oc rouge Cabernet Sauvignon 12.5% vol - 75cl","p":2.97,"u":"3,96 €/L","img":"https://fd9-photos.leclercdrive.fr/image.ashx?id=2189904&use=l&cat=p&typeid=i","cat":289556},{"id":10658,"n":"Beurre gastronomique Président Doux - 82% MG - 125g","p":1.84,"u":"14,72 €/KG","img":"https://fd9-photos.leclercdrive.fr/image.ashx?id=2740592&use=l&cat=p&typeid=i","cat":284379},{"id":10674,"n":"Soda Coca-Cola Bouteille - 6x50cl","p":6.2,"u":"2,07 €/L","img":"https://fd9-photos.leclercdrive.fr/image.ashx?id=2885414&use=l&cat=p&typeid=i","cat":284530},{"id":10712,"n":"Rillette de sardine à la tomate Les Mouettes d'Arvor - 125g","p":2.49,"u":"19,92 €/KG","img":"https://fd9-photos.leclercdrive.fr/image.ashx?id=1891144&use=l&cat=p&typeid=i","cat":305149},{"id":10713,"n":"Rillettes maquereaux moutarde Les Mouettes d'Arvor - 125g","p":2.5,"u":"20,00 €/KG","img":"https://fd9-photos.leclercdrive.fr/image.ashx?id=1891147&use=l&cat=p&typeid=i","cat":303868},{"id":10714,"n":"Rillette saumon Mouette d'Arvor Citron Aneth - 125g","p":2.8,"u":"22,40 €/KG","img":"https://fd9-photos.leclercdrive.fr/image.ashx?id=1891153&use=l&cat=p&typeid=i","cat":305147},{"id":10718,"n":"AOC Côtes du Marmandais rouge La Vieille Eglise - 75cl","p":3.5,"u":"4,67 €/L","img":"https://fd9-photos.leclercdrive.fr/image.ashx?id=2734801&use=l&cat=p&typeid=i","cat":289556},{"id":10727,"n":"IGP Pays d'oc blanc Roche Mazet Sauvignon 12% vol - 75 cl","p":3.07,"u":"4,09 €/L","img":"https://fd9-photos.leclercdrive.fr/image.ashx?id=2342024&use=l&cat=p&typeid=i","cat":289557},{"id":10766,"n":"Pain d'épices P'tit Déli 350g","p":1.81,"u":"5,17 €/KG","img":"https://fd9-photos.leclercdrive.fr/image.ashx?id=1073701&use=l&cat=p&typeid=i","cat":284493},{"id":10767,"n":"Riz cantonais Comptoir du Grain Express 2 min - 250g","p":1.19,"u":"4,76 €/KG","img":"https://fd9-photos.leclercdrive.fr/image.ashx?id=2441198&use=l&cat=p&typeid=i","cat":287600},{"id":10781,"n":"Chair de tomate Notre Jardin Nature - 400g","p":1.99,"u":"4,98 €/KG","img":"https://fd9-photos.leclercdrive.fr/image.ashx?id=2590436&use=l&cat=p&typeid=i","cat":312608},{"id":10785,"n":"Mogette cuisinée NRT De Vendée - 820g","p":3.01,"u":"3,67 €/KG","img":"https://fd9-photos.leclercdrive.fr/image.ashx?id=2771384&use=l&cat=p&typeid=i","cat":312606},{"id":10787,"n":"Huile de colza Bio Village Bio - 75cl","p":3.79,"u":"5,05 €/L","img":"https://fd9-photos.leclercdrive.fr/image.ashx?id=2989715&use=l&cat=p&typeid=i","cat":284453},{"id":10788,"n":"Moutarde de Dijon Bio Village Bio - 200g","p":1.54,"u":"7,70 €/KG","img":"https://fd9-photos.leclercdrive.fr/image.ashx?id=2607954&use=l&cat=p&typeid=i","cat":288850},{"id":10795,"n":"Moutarde de Dijon NRT À l'ancienne - 200g","p":1.39,"u":"6,95 €/KG","img":"https://fd9-photos.leclercdrive.fr/image.ashx?id=2644921&use=l&cat=p&typeid=i","cat":288850},{"id":10796,"n":"Terrine Côté Table Sanglier cognac - 180g","p":2.99,"u":"16,61 €/KG","img":"https://fd9-photos.leclercdrive.fr/image.ashx?id=2519423&use=l&cat=p&typeid=i","cat":305149},{"id":10927,"n":"Noix de cajou grilées Eco+ Salées - 125g","p":1.34,"u":"10,72 €/KG","img":"https://fd9-photos.leclercdrive.fr/image.ashx?id=2839815&use=l&cat=p&typeid=i","cat":284448},{"id":10928,"n":"Mélange Eco+ Graines et raisin - 200g","p":1.45,"u":"7,25 €/KG","img":"https://fd9-photos.leclercdrive.fr/image.ashx?id=2608448&use=l&cat=p&typeid=i","cat":284448},{"id":10929,"n":"Madeleines longues Eco+ 250g","p":0.89,"u":"3,56 €/KG","img":"https://fd9-photos.leclercdrive.fr/image.ashx?id=2875672&use=l&cat=p&typeid=i","cat":284492},{"id":10930,"n":"Chocolat pâtissier Eco+ Spécial dessert 200g","p":1.59,"u":"7,95 €/KG","img":"https://fd9-photos.leclercdrive.fr/image.ashx?id=2793140&use=l&cat=p&typeid=i","cat":285562},{"id":10932,"n":"Sauce tomate cuisinée Eco+ 420g","p":0.8,"u":"1,90 €/KG","img":"https://fd9-photos.leclercdrive.fr/image.ashx?id=2739715&use=l&cat=p&typeid=i","cat":288384},{"id":10933,"n":"Huile olive Eco+ Extra vierge - 1L","p":6.67,"u":"6,67 €/L","img":"https://fd9-photos.leclercdrive.fr/image.ashx?id=3002500&use=l&cat=p&typeid=i","cat":284453},{"id":10938,"n":"Barquette chien Eco+ Au boeuf - 300g","p":0.52,"u":"1,73 €/KG","img":"https://fd9-photos.leclercdrive.fr/image.ashx?id=2957545&use=l&cat=p&typeid=i","cat":284673},{"id":10945,"n":"Boules de graisse Eco+ x6 - 540g","p":0.84,"u":"1,56 €/KG","img":"https://fd9-photos.leclercdrive.fr/image.ashx?id=2220275&use=l&cat=p&typeid=i","cat":284678},{"id":10955,"n":"Blocs WC Eco+ Eau bleue - x2","p":0.65,"u":"0,33 €/P","img":"https://fd9-photos.leclercdrive.fr/image.ashx?id=2856115&use=l&cat=p&typeid=i","cat":284662},{"id":10970,"n":"Jus de clémentines Andros  Clémentines Pressées - 1L","p":3.19,"u":"3,19 €/L","img":"https://fd9-photos.leclercdrive.fr/image.ashx?id=2882647&use=l&cat=p&typeid=i","cat":285435},{"id":10979,"n":"Haricots Verts Bonduelle Extra-fins 1kg","p":2.79,"u":"2,79 €/KG","img":"https://fd9-photos.leclercdrive.fr/image.ashx?id=2876152&use=l&cat=p&typeid=i","cat":319805},{"id":10994,"n":"Gâteaux P'tit Déli Pépites de chocolat 10x30g","p":1.89,"u":"6,30 €/KG","img":"https://fd9-photos.leclercdrive.fr/image.ashx?id=1947354&use=l&cat=p&typeid=i","cat":284495},{"id":11002,"n":"AOC Champagne brut blanc  Grande cuvée Pol Carson - 75cl","p":22.49,"u":"29,99 €/L","img":"https://fd9-photos.leclercdrive.fr/image.ashx?id=2909885&use=l&cat=p&typeid=i","cat":284542},{"id":11003,"n":"Compote Douceur du Verger Coupelle pomme poire - 4x100g","p":1.34,"u":"3,35 €/KG","img":"https://fd9-photos.leclercdrive.fr/image.ashx?id=2663488&use=l&cat=p&typeid=i","cat":284508},{"id":11037,"n":"Sauce tomate Italienne Zapetti - 3x190g","p":3.2,"u":"5,61 €/KG","img":"https://fd9-photos.leclercdrive.fr/image.ashx?id=2579975&use=l&cat=p&typeid=i","cat":288384},{"id":11042,"n":"Crêpes Côté Table Fromage fondu x20 1kg","p":3.29,"u":"3,29 €/KG","img":"https://fd9-photos.leclercdrive.fr/image.ashx?id=2756849&use=l&cat=p&typeid=i","cat":319776},{"id":11046,"n":"Duo de riz Camargue Bio village Bio  - 500g","p":3.9,"u":"7,80 €/KG","img":"https://fd9-photos.leclercdrive.fr/image.ashx?id=2477008&use=l&cat=p&typeid=i","cat":284428},{"id":11070,"n":"Soupe instantanée Royco  Oignons & Croûtons - 4x200ml","p":1.37,"u":"17,13 €/KG","img":"https://fd9-photos.leclercdrive.fr/image.ashx?id=2650985&use=l&cat=p&typeid=i","cat":293527},{"id":11089,"n":"Lingettes Demak'up Peaux sensibles 2x25","p":4.85,"img":"https://fd9-photos.leclercdrive.fr/image.ashx?id=2999883&use=l&cat=p&typeid=i","cat":285593},{"id":11093,"n":"Céréales Spécial K Kellogg's Chocolat noir - 300g","p":2.73,"u":"9,10 €/KG","img":"https://fd9-photos.leclercdrive.fr/image.ashx?id=2583912&use=l&cat=p&typeid=i","cat":309512},{"id":11113,"n":"Limonade Ogeu Bouteille - 1,5L","p":1.18,"u":"0,79 €/L","img":"https://fd9-photos.leclercdrive.fr/image.ashx?id=2893636&use=l&cat=p&typeid=i","cat":284531},{"id":11152,"n":"Pomme de terre Ratte du Touquet Nos Régions ont du Talent 1kg","p":1.99,"u":"1,99 €/KG","img":"https://fd9-photos.leclercdrive.fr/image.ashx?id=2581857&use=l&cat=p&typeid=i","cat":284352},{"id":11153,"n":"Truite fumée Ovive Pyrénées 4 tranches - 120g","p":5.97,"u":"49,75 €/KG","img":"https://fd9-photos.leclercdrive.fr/image.ashx?id=2887848&use=l&cat=p&typeid=i","cat":285188},{"id":11176,"n":"Lait céréales bébé Blédiner 6m Courgette soir - 2x250ml","p":1.79,"u":"3,58 €/L","img":"https://fd9-photos.leclercdrive.fr/image.ashx?id=2960147&use=l&cat=p&typeid=i","cat":312239},{"id":11178,"n":"Plat bébé soir Blédiner 12 mois Pâtes tomate courgette - 2x200g","p":2.07,"u":"5,18 €/KG","img":"https://fd9-photos.leclercdrive.fr/image.ashx?id=2902966&use=l&cat=p&typeid=i","cat":312239},{"id":11292,"n":"AOC Clairette de Die Jaillance Esprit de terroirTradition 75cl","p":5.95,"u":"7,93 €/L","img":"https://fd9-photos.leclercdrive.fr/image.ashx?id=2453499&use=l&cat=p&typeid=i","cat":284545},{"id":11308,"n":"Couscous Tipiak - Grain moyen Prêt en 4 min - 1kg","p":1.96,"u":"1,96 €/KG","img":"https://fd9-photos.leclercdrive.fr/image.ashx?id=2947826&use=l&cat=p&typeid=i","cat":284429},{"id":11309,"n":"Fromage de Brebis Le Brebiou  Des Pyrénées - 180g","p":3.36,"u":"18,67 €/KG","img":"https://fd9-photos.leclercdrive.fr/image.ashx?id=2472855&use=l&cat=p&typeid=i","cat":314031},{"id":11310,"n":"Crème Chantilly Isigny Ste Mère Sucrée et vanillée - 250g","p":2.7,"u":"10,80 €/KG","img":"https://fd9-photos.leclercdrive.fr/image.ashx?id=3004384&use=l&cat=p&typeid=i","cat":284382},{"id":11329,"n":"Coeurs de Grenaille Allaire 500g","p":1.61,"u":"3,22 €/KG","img":"https://fd9-photos.leclercdrive.fr/image.ashx?id=2472273&use=l&cat=p&typeid=i","cat":284352},{"id":11331,"n":"Lentilles Allaire Barquette 500g","p":1.5,"u":"3,00 €/KG","img":"https://fd9-photos.leclercdrive.fr/image.ashx?id=2472276&use=l&cat=p&typeid=i","cat":284352},{"id":11365,"n":"Crème aux oeufs La Laitière Vanille - 4x100g","p":1.74,"u":"4,35 €/KG","img":"https://fd9-photos.leclercdrive.fr/image.ashx?id=3007987&use=l&cat=p&typeid=i","cat":284419},{"id":11367,"n":"Yaourt à la grecque YAOS Nature - 4x150g","p":2.2,"u":"3,67 €/KG","img":"https://fd9-photos.leclercdrive.fr/image.ashx?id=2365006&use=l&cat=p&typeid=i","cat":314999},{"id":11391,"n":"Crème caramel Bonne Maman Aux oeufs frais - 4x100g","p":2.29,"u":"5,73 €/KG","img":"https://fd9-photos.leclercdrive.fr/image.ashx?id=1987563&use=l&cat=p&typeid=i","cat":284419},{"id":11455,"n":"Pasta Box Sodebo Tortellini Ricotta Épinards - 280g","p":2.94,"u":"10,50 €/KG","img":"https://fd9-photos.leclercdrive.fr/image.ashx?id=2919778&use=l&cat=p&typeid=i","cat":334983},{"id":11464,"n":"Pointe de brie Président Crémeux - 200g","p":2.09,"u":"10,45 €/KG","img":"https://fd9-photos.leclercdrive.fr/image.ashx?id=2029841&use=l&cat=p&typeid=i","cat":314033},{"id":11465,"n":"Beurre La Motte Président Demi-sel - 80%MG - 250g","p":3.19,"u":"12,76 €/KG","img":"https://fd9-photos.leclercdrive.fr/image.ashx?id=2896970&use=l&cat=p&typeid=i","cat":284379},{"id":11501,"n":"Yaourts Mamie Nova Cerise griotte - 2x150g","p":1.39,"u":"4,63 €/KG","img":"https://fd9-photos.leclercdrive.fr/image.ashx?id=2912245&use=l&cat=p&typeid=i","cat":284410},{"id":11503,"n":"Crème gourmande Mamie Nova Vanille bourbon 2x150g","p":1.68,"u":"5,60 €/KG","img":"https://fd9-photos.leclercdrive.fr/image.ashx?id=2909017&use=l&cat=p&typeid=i","cat":285041},{"id":11507,"n":"Yaourts Mamie Nova Noix de coco - 2x150g","p":1.47,"u":"4,90 €/KG","img":"https://fd9-photos.leclercdrive.fr/image.ashx?id=2888488&use=l&cat=p&typeid=i","cat":284410},{"id":11508,"n":"Lait céréales Blédidej 6 mois Biscuit  - 4x250ml","p":3.67,"u":"3,67 €/L","img":"https://fd9-photos.leclercdrive.fr/image.ashx?id=2921040&use=l&cat=p&typeid=i","cat":312226},{"id":11509,"n":"Feuille de brick Tablier Blanc 8 feuilles - 136g","p":0.77,"u":"5,66 €/KG","img":"https://fd9-photos.leclercdrive.fr/image.ashx?id=1938558&use=l&cat=p&typeid=i","cat":333681},{"id":11527,"n":"Essuie-tout blanc Mimosa Super absorbant - x6","p":3.74,"u":"0,62 €/P","img":"https://fd9-photos.leclercdrive.fr/image.ashx?id=2713262&use=l&cat=p&typeid=i","cat":284635},{"id":11587,"n":"Papier toilette Mimosa Rose - Ultra doux - x12","p":2.82,"u":"0,24 €/P","img":"https://fd9-photos.leclercdrive.fr/image.ashx?id=2073176&use=l&cat=p&typeid=i","cat":284634},{"id":11822,"n":"Bonbons Werther's Original Caramel - 300g","p":3.33,"u":"11,10 €/KG","img":"https://fd9-photos.leclercdrive.fr/image.ashx?id=2659798&use=l&cat=p&typeid=i","cat":304252},{"id":11880,"n":"AOC Vouvray brut Les Caractères - 75cl","p":5.99,"u":"7,99 €/L","img":"https://fd9-photos.leclercdrive.fr/image.ashx?id=2801043&use=l&cat=p&typeid=i","cat":284544},{"id":11881,"n":"AOP Vouvray demi-sec Les Caractères - 75cl","p":5.99,"u":"7,99 €/L","img":"https://fd9-photos.leclercdrive.fr/image.ashx?id=2800264&use=l&cat=p&typeid=i","cat":284544},{"id":11888,"n":"AOC Crémant d'Alsace brut rosé Rebmann - 75 cl","p":5.95,"u":"7,93 €/L","img":"https://fd9-photos.leclercdrive.fr/image.ashx?id=2922497&use=l&cat=p&typeid=i","cat":284545},{"id":11900,"n":"Arôme naturel de vanille Vahiné 20ml","p":2.35,"u":"117,50 €/L","img":"https://fd9-photos.leclercdrive.fr/image.ashx?id=2559766&use=l&cat=p&typeid=i","cat":284504},{"id":11902,"n":"Arôme amande amère Vahiné 20ml","p":1.34,"u":"67,00 €/L","img":"https://fd9-photos.leclercdrive.fr/image.ashx?id=2559769&use=l&cat=p&typeid=i","cat":284504},{"id":11903,"n":"Arôme naturel de citron Vahiné 20ml","p":1.47,"u":"73,50 €/L","img":"https://fd9-photos.leclercdrive.fr/image.ashx?id=2559772&use=l&cat=p&typeid=i","cat":284504},{"id":11906,"n":"Nappage caramel Vahiné 700g","p":3.55,"u":"5,07 €/KG","img":"https://fd9-photos.leclercdrive.fr/image.ashx?id=2983234&use=l&cat=p&typeid=i","cat":284504},{"id":11908,"n":"Perles multicolores Vahiné 80g","p":1.69,"u":"21,13 €/KG","img":"https://fd9-photos.leclercdrive.fr/image.ashx?id=2524308&use=l&cat=p&typeid=i","cat":284504},{"id":11910,"n":"Colorant alimentaire Vahiné Assortiment x3","p":1.64,"u":"0,55 €/P","img":"https://fd9-photos.leclercdrive.fr/image.ashx?id=2939352&use=l&cat=p&typeid=i","cat":284504},{"id":11917,"n":"Crayon pâtissier Vahiné x1","p":1.34,"img":"https://fd9-photos.leclercdrive.fr/image.ashx?id=2983240&use=l&cat=p&typeid=i","cat":284504},{"id":12012,"n":"Riz Vivien Paille superfino Spécial risotto - 1kg","p":3.19,"u":"3,19 €/KG","img":"https://fd9-photos.leclercdrive.fr/image.ashx?id=2280296&use=l&cat=p&typeid=i","cat":284428},{"id":12014,"n":"Riz Basmati Vivien Paille 1kg","p":3.03,"u":"3,03 €/KG","img":"https://fd9-photos.leclercdrive.fr/image.ashx?id=2326361&use=l&cat=p&typeid=i","cat":284428},{"id":12015,"n":"Riz long Vivien Paille Bomba perliz cello 1kg","p":2.99,"u":"2,99 €/KG","img":"https://fd9-photos.leclercdrive.fr/image.ashx?id=2284085&use=l&cat=p&typeid=i","cat":284428},{"id":12063,"n":"Rasoirs jetables Bic sensitive 3 lames - x12","p":5.11,"u":"0,43 €/P","img":"https://fd9-photos.leclercdrive.fr/image.ashx?id=2768502&use=l&cat=p&typeid=i","cat":284616},{"id":12078,"n":"Pâte à tartiner Nustikao 400g","p":1.83,"u":"4,58 €/KG","img":"https://fd9-photos.leclercdrive.fr/image.ashx?id=2856411&use=l&cat=p&typeid=i","cat":284481},{"id":12080,"n":"Boisson énergisante X-tense Canette - 25cl","p":0.39,"u":"1,56 €/L","img":"https://fd9-photos.leclercdrive.fr/image.ashx?id=2956041&use=l&cat=p&typeid=i","cat":284533},{"id":12102,"n":"Roquette Notre Jardin  - 125g","p":1.42,"u":"11,36 €/KG","img":"https://fd9-photos.leclercdrive.fr/image.ashx?id=2654465&use=l&cat=p&typeid=i","cat":284353},{"id":12109,"n":"Purée de piments Suzi Wan 100g","p":1.54,"u":"15,40 €/KG","img":"https://fd9-photos.leclercdrive.fr/image.ashx?id=2892565&use=l&cat=p&typeid=i","cat":288992},{"id":12122,"n":"Vermicelles de riz Suzi Wan 250g","p":2.06,"u":"8,24 €/KG","img":"https://fd9-photos.leclercdrive.fr/image.ashx?id=3002183&use=l&cat=p&typeid=i","cat":288992},{"id":12131,"n":"Crème coco Suzi Wan 200ml","p":1.32,"u":"6,60 €/L","img":"https://fd9-photos.leclercdrive.fr/image.ashx?id=2886250&use=l&cat=p&typeid=i","cat":288992},{"id":12170,"n":"AOP Bordeaux rosé Baron de Lestac - 75cl","p":4.79,"u":"6,39 €/L","img":"https://fd9-photos.leclercdrive.fr/image.ashx?id=2179368&use=l&cat=p&typeid=i","cat":289558},{"id":12235,"n":"Tapenade olives vertes NRT 90g","p":1.84,"u":"20,44 €/KG","img":"https://fd9-photos.leclercdrive.fr/image.ashx?id=2839986&use=l&cat=p&typeid=i","cat":284451},{"id":12236,"n":"Spaghetti d'Alsace NRT 250g","p":1.39,"u":"5,56 €/KG","img":"https://fd9-photos.leclercdrive.fr/image.ashx?id=2839983&use=l&cat=p&typeid=i","cat":284427},{"id":12239,"n":"Rillettes de sardine NRT 125g","p":2.49,"u":"19,92 €/KG","img":"https://fd9-photos.leclercdrive.fr/image.ashx?id=2782801&use=l&cat=p&typeid=i","cat":305146},{"id":12242,"n":"Rillettes de saumon MSC Ronde des mers - 150g","p":1.99,"u":"13,27 €/KG","img":"https://fd9-photos.leclercdrive.fr/image.ashx?id=2552424&use=l&cat=p&typeid=i","cat":285191},{"id":12243,"n":"Rillettes de thon MSC Ronde des mers - 150g","p":1.99,"u":"13,27 €/KG","img":"https://fd9-photos.leclercdrive.fr/image.ashx?id=2644873&use=l&cat=p&typeid=i","cat":285191},{"id":12245,"n":"Galettes Bretonnes P'tit Déli Pépites chocolat 130g","p":1.34,"u":"10,31 €/KG","img":"https://fd9-photos.leclercdrive.fr/image.ashx?id=2387973&use=l&cat=p&typeid=i","cat":284487},{"id":12249,"n":"Torsades d'Alsace NRT 250g","p":1.39,"u":"5,56 €/KG","img":"https://fd9-photos.leclercdrive.fr/image.ashx?id=2839980&use=l&cat=p&typeid=i","cat":284427},{"id":12258,"n":"Gros sel de l'Ile de Ré NRT Sachet -1kg","p":1.69,"u":"1,69 €/KG","img":"https://fd9-photos.leclercdrive.fr/image.ashx?id=2802879&use=l&cat=p&typeid=i","cat":284457},{"id":12259,"n":"Fromage Mimolette vieille NRT  Label Rouge  - 200g","p":3.65,"u":"18,25 €/KG","img":"https://fd9-photos.leclercdrive.fr/image.ashx?id=2934829&use=l&cat=p&typeid=i","cat":314034},{"id":12261,"n":"Double concentré tomates Turini 3X70g","p":2.15,"u":"10,24 €/KG","img":"https://fd9-photos.leclercdrive.fr/image.ashx?id=3012394&use=l&cat=p&typeid=i","cat":288384},{"id":12342,"n":"Sucettes Chupa Chups Fresh cola - 192g","p":2.02,"u":"10,52 €/KG","img":"https://fd9-photos.leclercdrive.fr/image.ashx?id=2149489&use=l&cat=p&typeid=i","cat":304252},{"id":12362,"n":"Thon entier Pêche Océan Naturel - 2x140g","p":3.75,"u":"13,39 €/KG","img":"https://fd9-photos.leclercdrive.fr/image.ashx?id=2941423&use=l&cat=p&typeid=i","cat":303867},{"id":12363,"n":"Thon entier Pêche Océan Naturel - 3x93g","p":3.99,"u":"14,30 €/KG","img":"https://fd9-photos.leclercdrive.fr/image.ashx?id=2941411&use=l&cat=p&typeid=i","cat":303867},{"id":12365,"n":"Couscous royal Côté Table Volaille et merguez 980g","p":3.69,"u":"3,77 €/KG","img":"https://fd9-photos.leclercdrive.fr/image.ashx?id=2977144&use=l&cat=p&typeid=i","cat":325094},{"id":12373,"n":"Moutarde Rustica Mi-forte - 415g","p":1.28,"u":"3,08 €/KG","img":"https://fd9-photos.leclercdrive.fr/image.ashx?id=1961437&use=l&cat=p&typeid=i","cat":288850},{"id":12374,"n":"Purée de tomates Turini 3x200g","p":1.19,"u":"1,98 €/KG","img":"https://fd9-photos.leclercdrive.fr/image.ashx?id=2174684&use=l&cat=p&typeid=i","cat":288384},{"id":12376,"n":"Pâtes Alphabet Turini 500g","p":0.99,"u":"1,98 €/KG","img":"https://fd9-photos.leclercdrive.fr/image.ashx?id=2980797&use=l&cat=p&typeid=i","cat":284427},{"id":12380,"n":"Infusion Tiséa Digestion facilitée x25","p":0.99,"u":"24,75 €/KG","img":"https://fd9-photos.leclercdrive.fr/image.ashx?id=2696253&use=l&cat=p&typeid=i","cat":293234},{"id":12384,"n":"Thon entier Pêche Océan Huile de tournesol - 3x80g","p":2.49,"u":"10,38 €/KG","img":"https://fd9-photos.leclercdrive.fr/image.ashx?id=778226&use=l&cat=p&typeid=i","cat":303867},{"id":12396,"n":"100% Pur jus de tomate Jafaden - 4x20cl","p":2.32,"u":"2,90 €/L","img":"https://fd9-photos.leclercdrive.fr/image.ashx?id=2562858&use=l&cat=p&typeid=i","cat":284523},{"id":12397,"n":"Vin mousseux d'Union Européenne Brut Blazer - 75 cl","p":3.15,"u":"4,20 €/L","img":"https://fd9-photos.leclercdrive.fr/image.ashx?id=2623950&use=l&cat=p&typeid=i","cat":284544},{"id":12399,"n":"Apéritif anisé Cantanis Sans alcool - 1L","p":2.25,"u":"2,25 €/L","img":"https://fd9-photos.leclercdrive.fr/image.ashx?id=2520011&use=l&cat=p&typeid=i","cat":284549},{"id":12402,"n":"Crème de mûres Auguste Muniot 15%vol. - 50cl","p":4.58,"u":"9,16 €/L","img":"https://fd9-photos.leclercdrive.fr/image.ashx?id=2541525&use=l&cat=p&typeid=i","cat":286032},{"id":12422,"n":"Jus de citron vert Rustica 2x12,5cll","p":1.31,"u":"5,24 €/L","img":"https://fd9-photos.leclercdrive.fr/image.ashx?id=2974789&use=l&cat=p&typeid=i","cat":288383},{"id":12424,"n":"Pâtes Spaghetti Turini 3min - 500g","p":0.78,"u":"1,56 €/KG","img":"https://fd9-photos.leclercdrive.fr/image.ashx?id=2607464&use=l&cat=p&typeid=i","cat":284427},{"id":12426,"n":"Pâtes Cheveux d'anges Turini 1kg","p":1.61,"u":"1,61 €/KG","img":"https://fd9-photos.leclercdrive.fr/image.ashx?id=2980791&use=l&cat=p&typeid=i","cat":284427},{"id":12438,"n":"Vinaigre Balsamique MAILLE Velours de Modène - 25cl","p":3.46,"u":"13,84 €/L","img":"https://fd9-photos.leclercdrive.fr/image.ashx?id=2889994&use=l&cat=p&typeid=i","cat":298543},{"id":12453,"n":"Soda Jean's Cola sans Caféine Zéro - Bouteille - 1,5L","p":0.96,"u":"0,64 €/L","img":"https://fd9-photos.leclercdrive.fr/image.ashx?id=2637865&use=l&cat=p&typeid=i","cat":284530},{"id":12464,"n":"Soda Jean's Cola Zéro Bouteille - 1,5L","p":0.45,"u":"0,30 €/L","img":"https://fd9-photos.leclercdrive.fr/image.ashx?id=2637883&use=l&cat=p&typeid=i","cat":284530},{"id":12467,"n":"Jus multifruits Jafaden Pur jus - 1L","p":1.99,"u":"1,99 €/L","img":"https://fd9-photos.leclercdrive.fr/image.ashx?id=2958705&use=l&cat=p&typeid=i","cat":284917},{"id":12469,"n":"100% Pur jus d'orange Jafaden  Sans pulpe - 1L","p":1.99,"u":"1,99 €/L","img":"https://fd9-photos.leclercdrive.fr/image.ashx?id=2842477&use=l&cat=p&typeid=i","cat":284521},{"id":12470,"n":"Pur Jus de raisin Bio Village Bio - 1L","p":2.29,"u":"2,29 €/L","img":"https://fd9-photos.leclercdrive.fr/image.ashx?id=2901518&use=l&cat=p&typeid=i","cat":284915},{"id":12471,"n":"Thon entier Pêche Océan Huile de tournesol - 160g","p":1.63,"u":"10,19 €/KG","img":"https://fd9-photos.leclercdrive.fr/image.ashx?id=2941399&use=l&cat=p&typeid=i","cat":303867},{"id":12506,"n":"Marshmallows Copains Copines Vanille 300g","p":1.25,"u":"4,17 €/KG","img":"https://fd9-photos.leclercdrive.fr/image.ashx?id=2934646&use=l&cat=p&typeid=i","cat":304250},{"id":12521,"n":"Miettes de thon Pêche Océan Huile de tournesol - 3x80g","p":2.35,"u":"9,79 €/KG","img":"https://fd9-photos.leclercdrive.fr/image.ashx?id=2941357&use=l&cat=p&typeid=i","cat":303867},{"id":12527,"n":"Chocolat Pâtissier Tablette dOr Noir - 200g","p":1.79,"u":"8,95 €/KG","img":"https://fd9-photos.leclercdrive.fr/image.ashx?id=2723356&use=l&cat=p&typeid=i","cat":285562},{"id":12529,"n":"Moutarde de Dijon Rustica  195g","p":1.25,"u":"6,41 €/KG","img":"https://fd9-photos.leclercdrive.fr/image.ashx?id=2954334&use=l&cat=p&typeid=i","cat":288850},{"id":12532,"n":"Café en grains Plantation Tradition - 1kg","p":10.15,"u":"10,15 €/KG","img":"https://fd9-photos.leclercdrive.fr/image.ashx?id=2856405&use=l&cat=p&typeid=i","cat":293237},{"id":12551,"n":"Raviolis légumes Bio Village Bio - 700g","p":2.53,"u":"3,61 €/KG","img":"https://fd9-photos.leclercdrive.fr/image.ashx?id=2717252&use=l&cat=p&typeid=i","cat":284442},{"id":12555,"n":"Mogette cuite au naturel NRT De Vendée - 530g","p":3.19,"u":"6,02 €/KG","img":"https://fd9-photos.leclercdrive.fr/image.ashx?id=2771025&use=l&cat=p&typeid=i","cat":312606},{"id":12557,"n":"Vinaigrette Rustica Echalote - 50cl","p":1.27,"u":"2,54 €/L","img":"https://fd9-photos.leclercdrive.fr/image.ashx?id=1972901&use=l&cat=p&typeid=i","cat":284456},{"id":12564,"n":"Châtaignes Notre Jardin Entières - 420g","p":5.09,"u":"12,12 €/KG","img":"https://fd9-photos.leclercdrive.fr/image.ashx?id=1965527&use=l&cat=p&typeid=i","cat":312612},{"id":12566,"n":"Sel régénérant Eco+ 4kg","p":2.16,"u":"0,54 €/KG","img":"https://fd9-photos.leclercdrive.fr/image.ashx?id=2865236&use=l&cat=p&typeid=i","cat":284657},{"id":12567,"n":"Andouillettes de Troyes NRT  2x150g","p":3.49,"u":"11,63 €/KG","img":"https://fd9-photos.leclercdrive.fr/image.ashx?id=2991500&use=l&cat=p&typeid=i","cat":316012},{"id":12573,"n":"Eponges Mamison salle de bain Décorées x2","p":0.99,"u":"0,50 €/P","img":"https://fd9-photos.leclercdrive.fr/image.ashx?id=2199055&use=l&cat=p&typeid=i","cat":284667},{"id":12581,"n":"Soupe Déshydratée Thaï KNORR Nouilles & Champignons - 70cl","p":1.36,"u":"1,94 €/L","img":"https://fd9-photos.leclercdrive.fr/image.ashx?id=2772554&use=l&cat=p&typeid=i","cat":284463},{"id":12584,"n":"Pain grillé bio Bio Village Blé complet x12 - 250g","p":1.77,"u":"7,08 €/KG","img":"https://fd9-photos.leclercdrive.fr/image.ashx?id=2619749&use=l&cat=p&typeid=i","cat":284479},{"id":12587,"n":"Compote Douceur du Verger Gourdes multivariétés - 12x90g","p":3.93,"u":"3,64 €/KG","img":"https://fd9-photos.leclercdrive.fr/image.ashx?id=2837039&use=l&cat=p&typeid=i","cat":284508},{"id":12588,"n":"Sel régénérant Visior Lave-vaisselle - 4x1kg","p":2.77,"u":"0,69 €/KG","img":"https://fd9-photos.leclercdrive.fr/image.ashx?id=2463401&use=l&cat=p&typeid=i","cat":284657},{"id":12591,"n":"Soupe déshydratée Knorr 9 légumes - 75cl","p":1.02,"u":"1,36 €/L","img":"https://fd9-photos.leclercdrive.fr/image.ashx?id=2790585&use=l&cat=p&typeid=i","cat":284463},{"id":12593,"n":"Soupe déshydratée Knorr 9 légumes - 105g","p":0.94,"u":"8,95 €/KG","img":"https://fd9-photos.leclercdrive.fr/image.ashx?id=2875930&use=l&cat=p&typeid=i","cat":284463},{"id":12601,"n":"Oignon Rustica Coupés - 100g","p":2.14,"u":"21,40 €/KG","img":"https://fd9-photos.leclercdrive.fr/image.ashx?id=2365466&use=l&cat=p&typeid=i","cat":319804},{"id":12602,"n":"Ciboulette Rustica Coupé - 50g","p":1.65,"u":"33,00 €/KG","img":"https://fd9-photos.leclercdrive.fr/image.ashx?id=2365460&use=l&cat=p&typeid=i","cat":319804},{"id":12605,"n":"Cornichons Maille Le Mini 210g","p":2.78,"u":"13,24 €/KG","img":"https://fd9-photos.leclercdrive.fr/image.ashx?id=2877310&use=l&cat=p&typeid=i","cat":284458},{"id":12606,"n":"Marmite bouillon Knorr Poule - 224g","p":2.08,"u":"9,29 €/KG","img":"https://fd9-photos.leclercdrive.fr/image.ashx?id=2960288&use=l&cat=p&typeid=i","cat":288379},{"id":12611,"n":"Crozets au Sarrasin NRT 400g","p":2.3,"u":"5,75 €/KG","img":"https://fd9-photos.leclercdrive.fr/image.ashx?id=2856220&use=l&cat=p&typeid=i","cat":284427},{"id":12634,"n":"Olives de Nyons AOP NRT Noires - 230g","p":3.48,"u":"15,13 €/KG","img":"https://fd9-photos.leclercdrive.fr/image.ashx?id=2704888&use=l&cat=p&typeid=i","cat":284458},{"id":12669,"n":"Sauce Burger AMORA 260g","p":1.48,"u":"5,69 €/KG","img":"https://fd9-photos.leclercdrive.fr/image.ashx?id=2893853&use=l&cat=p&typeid=i","cat":318431},{"id":12670,"n":"Basilic Rustica Coupé - 50g","p":1.69,"u":"33,80 €/KG","img":"https://fd9-photos.leclercdrive.fr/image.ashx?id=2365463&use=l&cat=p&typeid=i","cat":319804},{"id":12674,"n":"Nids d'Alsace NRT 250g","p":1.39,"u":"5,56 €/KG","img":"https://fd9-photos.leclercdrive.fr/image.ashx?id=2839968&use=l&cat=p&typeid=i","cat":284427},{"id":12676,"n":"Pizza Cuite sur pierre Turini Chorizo - 400g","p":2.69,"u":"6,73 €/KG","img":"https://fd9-photos.leclercdrive.fr/image.ashx?id=2815226&use=l&cat=p&typeid=i","cat":284256},{"id":12685,"n":"Biscuit P'tit Beurres chocolait P'tit Déli 268g","p":2.69,"u":"10,04 €/KG","img":"https://fd9-photos.leclercdrive.fr/image.ashx?id=2473975&use=l&cat=p&typeid=i","cat":284488},{"id":12702,"n":"Poisson pané Pêche Océan Tomate - MSC - x8 - 600g","p":4.29,"u":"7,15 €/KG","img":"https://fd9-photos.leclercdrive.fr/image.ashx?id=2930111&use=l&cat=p&typeid=i","cat":319788},{"id":12706,"n":"Dentifrice Dentamyl Soin complet 75ml","p":0.76,"u":"10,13 €/L","img":"https://fd9-photos.leclercdrive.fr/image.ashx?id=2276480&use=l&cat=p&typeid=i","cat":284612},{"id":12712,"n":"Sauce Poivrons Aubergine Turini 190g","p":1.79,"u":"9,42 €/KG","img":"https://fd9-photos.leclercdrive.fr/image.ashx?id=2478474&use=l&cat=p&typeid=i","cat":287599},{"id":12729,"n":"Pânés poulet Le Gaulois x2 -  200g","p":2.4,"u":"12,00 €/KG","img":"https://fd9-photos.leclercdrive.fr/image.ashx?id=2261660&use=l&cat=p&typeid=i","cat":333684},{"id":12733,"n":"Bacon Herta superposé x15 150g","p":2.23,"u":"14,87 €/KG","img":"https://fd9-photos.leclercdrive.fr/image.ashx?id=2889325&use=l&cat=p&typeid=i","cat":316007},{"id":12739,"n":"Friand viande Côté Table 2x110g","p":1.65,"u":"7,50 €/KG","img":"https://fd9-photos.leclercdrive.fr/image.ashx?id=2820436&use=l&cat=p&typeid=i","cat":333671},{"id":12772,"n":"Boisson Jafaden Cranberry - 1L","p":1.92,"u":"1,92 €/L","img":"https://fd9-photos.leclercdrive.fr/image.ashx?id=2591394&use=l&cat=p&typeid=i","cat":284915},{"id":12789,"n":"Purée de Pommes de terre McCain 750g","p":2.56,"u":"3,41 €/KG","img":"https://fd9-photos.leclercdrive.fr/image.ashx?id=2903854&use=l&cat=p&typeid=i","cat":319793},{"id":12816,"n":"Dentifrice blancheur Dentamyl Soin complet 75ml","p":0.98,"u":"13,07 €/L","img":"https://fd9-photos.leclercdrive.fr/image.ashx?id=2489110&use=l&cat=p&typeid=i","cat":284612},{"id":12838,"n":"Foie de volaille Le Gaulois Confit - 300g","p":3.95,"u":"13,17 €/KG","img":"https://fd9-photos.leclercdrive.fr/image.ashx?id=2732719&use=l&cat=p&typeid=i","cat":284715},{"id":12916,"n":"Infusion bio Bio Village Digestion x20 - 30g","p":1.55,"u":"51,67 €/KG","img":"https://fd9-photos.leclercdrive.fr/image.ashx?id=2696286&use=l&cat=p&typeid=i","cat":293234},{"id":12917,"n":"Infusion bio Bio Village Pour le soir x20 - 30g","p":1.75,"u":"58,33 €/KG","img":"https://fd9-photos.leclercdrive.fr/image.ashx?id=2854261&use=l&cat=p&typeid=i","cat":293234},{"id":12925,"n":"Délice de tomates séchées NRT à la provençale - 90g","p":2.2,"u":"24,44 €/KG","img":"https://fd9-photos.leclercdrive.fr/image.ashx?id=2991163&use=l&cat=p&typeid=i","cat":315999},{"id":12926,"n":"Caviar d'aubergines NRT à la provençale - 90g","p":2.09,"u":"23,22 €/KG","img":"https://fd9-photos.leclercdrive.fr/image.ashx?id=2991160&use=l&cat=p&typeid=i","cat":315999},{"id":12927,"n":"Tapenade verte NRT à la provençale - 90g","p":2.5,"u":"27,78 €/KG","img":"https://fd9-photos.leclercdrive.fr/image.ashx?id=2991154&use=l&cat=p&typeid=i","cat":315999},{"id":12928,"n":"Tapenade noire NRT à la provençale - 90g","p":2.5,"u":"27,78 €/KG","img":"https://fd9-photos.leclercdrive.fr/image.ashx?id=2991085&use=l&cat=p&typeid=i","cat":315999},{"id":12930,"n":"Mélange forestier Notre Jardin 450g","p":2.56,"u":"5,69 €/KG","img":"https://fd9-photos.leclercdrive.fr/image.ashx?id=825783&use=l&cat=p&typeid=i","cat":319823},{"id":12932,"n":"Escargots Maître Coquilles Préparés moyens x48 - 270g","p":10.99,"u":"40,70 €/KG","img":"https://fd9-photos.leclercdrive.fr/image.ashx?id=1979677&use=l&cat=p&typeid=i","cat":319775},{"id":12965,"n":"Crêpes dentelles chocolat NRT 100g","p":1.82,"u":"18,20 €/KG","img":"https://fd9-photos.leclercdrive.fr/image.ashx?id=2770265&use=l&cat=p&typeid=i","cat":284490},{"id":12966,"n":"Assortiment biscuits fins P'tit Déli 200g","p":2.39,"u":"11,95 €/KG","img":"https://fd9-photos.leclercdrive.fr/image.ashx?id=2554578&use=l&cat=p&typeid=i","cat":284490},{"id":13014,"n":"Déodorant spray Scorpio Scorpio rouge - 150ml","p":2.77,"u":"18,47 €/L","img":"https://fd9-photos.leclercdrive.fr/image.ashx?id=2329780&use=l&cat=p&typeid=i","cat":284618},{"id":13300,"n":"Tube de colle liquide Esquisse Transparente gel - 30ml","p":1.1,"u":"36,67 €/L","img":"https://fd9-photos.leclercdrive.fr/image.ashx?id=1928779&use=l&cat=p&typeid=i","cat":334133},{"id":13342,"n":"Thon entier Le Savoureux Huile d'olive - 160g","p":2.91,"u":"18,19 €/KG","img":"https://fd9-photos.leclercdrive.fr/image.ashx?id=2960159&use=l&cat=p&typeid=i","cat":303867},{"id":13345,"n":"Thon blanc entier Connétable MSC - Naturel - 112g","p":2.91,"u":"25,98 €/KG","img":"https://fd9-photos.leclercdrive.fr/image.ashx?id=2943990&use=l&cat=p&typeid=i","cat":303867},{"id":13364,"n":"Agrafes n°10 Maped x2000","p":1.65,"img":"https://fd9-photos.leclercdrive.fr/image.ashx?id=2962254&use=l&cat=p&typeid=i","cat":334133},{"id":13425,"n":"Beurre Moulé Paysan Breton Demi-sel - 80% MG - 500g","p":6.22,"u":"12,44 €/KG","img":"https://fd9-photos.leclercdrive.fr/image.ashx?id=2774499&use=l&cat=p&typeid=i","cat":284379},{"id":13428,"n":"Beurre Moulé Paysan Breton Demi-sel - 80% MG - 125g","p":1.84,"u":"14,72 €/KG","img":"https://fd9-photos.leclercdrive.fr/image.ashx?id=2939766&use=l&cat=p&typeid=i","cat":284379},{"id":13429,"n":"Mini-beurre Paysan Breton Demi-sel x20 - 82%MG - 200g","p":3.31,"u":"16,55 €/KG","img":"https://fd9-photos.leclercdrive.fr/image.ashx?id=2774571&use=l&cat=p&typeid=i","cat":284379},{"id":13434,"n":"Dessert Empresure Malo Chocolat - 4x125g","p":1.99,"u":"3,98 €/KG","img":"https://fd9-photos.leclercdrive.fr/image.ashx?id=2842684&use=l&cat=p&typeid=i","cat":285041},{"id":13445,"n":"Trio de poivrons Paysan Breton 600g","p":2.73,"u":"4,55 €/KG","img":"https://fd9-photos.leclercdrive.fr/image.ashx?id=2882388&use=l&cat=p&typeid=i","cat":319805},{"id":13464,"n":"Tripoux aveyronnais NRT 400g","p":5.46,"u":"13,65 €/KG","img":"https://fd9-photos.leclercdrive.fr/image.ashx?id=2723225&use=l&cat=p&typeid=i","cat":284441},{"id":13503,"n":"Biscottes bio Bio Village Au germe de blé x36 - 300g","p":1.99,"u":"6,63 €/KG","img":"https://fd9-photos.leclercdrive.fr/image.ashx?id=2634881&use=l&cat=p&typeid=i","cat":284479},{"id":13532,"n":"Purée pomme de terre Pom'lisse Saveur d'antan - 4x125g - 500g","p":2.49,"u":"4,98 €/KG","img":"https://fd9-photos.leclercdrive.fr/image.ashx?id=2929867&use=l&cat=p&typeid=i","cat":284431},{"id":13559,"n":"Thé breakfast Britley 50 sachets - 100g","p":1.22,"u":"12,20 €/KG","img":"https://fd9-photos.leclercdrive.fr/image.ashx?id=2854225&use=l&cat=p&typeid=i","cat":293233},{"id":13589,"n":"Fromage Brillat Savarin NRT  IGP - 200g","p":3.39,"u":"16,95 €/KG","img":"https://fd9-photos.leclercdrive.fr/image.ashx?id=2771064&use=l&cat=p&typeid=i","cat":329558},{"id":13590,"n":"Profiteroles Trofic Crème glacée vanille 280g","p":3.7,"u":"13,21 €/KG","img":"https://fd9-photos.leclercdrive.fr/image.ashx?id=1513947&use=l&cat=p&typeid=i","cat":284267},{"id":13604,"n":"Poissons panés au fromage Pêche Océan MSC - 180g","p":1.89,"u":"10,50 €/KG","img":"https://fd9-photos.leclercdrive.fr/image.ashx?id=2953608&use=l&cat=p&typeid=i","cat":284344},{"id":13605,"n":"Panés de colin Pêche Océan Colin d'Alaska - 200g","p":1.99,"u":"9,95 €/KG","img":"https://fd9-photos.leclercdrive.fr/image.ashx?id=2953605&use=l&cat=p&typeid=i","cat":284344},{"id":13609,"n":"Bière du Nord NRT Ambrée - 7° - 6x25cl","p":4.84,"u":"3,23 €/L","img":"https://fd9-photos.leclercdrive.fr/image.ashx?id=2663842&use=l&cat=p&typeid=i","cat":334872},{"id":13613,"n":"Feuilles blanches A4 Eco+ x500 - 80g","p":3.99,"u":"49,88 €/KG","img":"https://fd9-photos.leclercdrive.fr/image.ashx?id=2943130&use=l&cat=p&typeid=i","cat":284697},{"id":13639,"n":"Nougat tendre de Montélimar NRT  sachet 200g","p":3.49,"u":"17,45 €/KG","img":"https://fd9-photos.leclercdrive.fr/image.ashx?id=1072714&use=l&cat=p&typeid=i","cat":304249},{"id":13643,"n":"Biscuits nappés Bio Village Bio Chocolat au lait 200g","p":2.43,"u":"12,15 €/KG","img":"https://fd9-photos.leclercdrive.fr/image.ashx?id=1937516&use=l&cat=p&typeid=i","cat":284488},{"id":13646,"n":"Rochers Equador Chocolat noir x7 245g","p":2.49,"u":"10,16 €/KG","img":"https://fd9-photos.leclercdrive.fr/image.ashx?id=2842483&use=l&cat=p&typeid=i","cat":327600},{"id":13647,"n":"Rochers Equador Chocolat au lait x7 - 245g","p":2.45,"u":"10,00 €/KG","img":"https://fd9-photos.leclercdrive.fr/image.ashx?id=2842480&use=l&cat=p&typeid=i","cat":327600},{"id":13649,"n":"Pansement Primoplast Cicatrisant hydrocolloïde x8","p":5.95,"img":"https://fd9-photos.leclercdrive.fr/image.ashx?id=2856480&use=l&cat=p&typeid=i","cat":284630},{"id":13650,"n":"Gel à l'arnica Primoplast 50g","p":1.62,"u":"32,40 €/KG","img":"https://fd9-photos.leclercdrive.fr/image.ashx?id=2856477&use=l&cat=p&typeid=i","cat":284630},{"id":13679,"n":"Croûtons salade Epi d'Or Nature - 60g","p":0.6,"u":"10,00 €/KG","img":"https://fd9-photos.leclercdrive.fr/image.ashx?id=2607909&use=l&cat=p&typeid=i","cat":284464},{"id":13681,"n":"Pâté pur porc Côtés Table 2 Foie 1 campagne - 3x78g","p":1.9,"u":"8,12 €/KG","img":"https://fd9-photos.leclercdrive.fr/image.ashx?id=2518505&use=l&cat=p&typeid=i","cat":305149},{"id":13682,"n":"Pâté de campagne Côté Table Pur porc - 3x78g","p":1.85,"u":"7,91 €/KG","img":"https://fd9-photos.leclercdrive.fr/image.ashx?id=2478763&use=l&cat=p&typeid=i","cat":305149},{"id":13683,"n":"Pâté de foie Côté Table Pur porc - 3x78g","p":1.99,"u":"8,50 €/KG","img":"https://fd9-photos.leclercdrive.fr/image.ashx?id=2518502&use=l&cat=p&typeid=i","cat":305149},{"id":13684,"n":"Bouillon de légumes Rustica Cubes - 12x10g","p":0.67,"u":"5,58 €/KG","img":"https://fd9-photos.leclercdrive.fr/image.ashx?id=1753198&use=l&cat=p&typeid=i","cat":288379},{"id":13685,"n":"Bouillon de volaille Rustica Cubes - 12x10g","p":0.8,"u":"6,67 €/KG","img":"https://fd9-photos.leclercdrive.fr/image.ashx?id=1880027&use=l&cat=p&typeid=i","cat":288379},{"id":13689,"n":"Pop corn caramélisé Tokapi 100g","p":0.71,"u":"7,10 €/KG","img":"https://fd9-photos.leclercdrive.fr/image.ashx?id=2920175&use=l&cat=p&typeid=i","cat":304249},{"id":13694,"n":"Riz long Comptoir du Grain 500g","p":1.47,"u":"2,94 €/KG","img":"https://fd9-photos.leclercdrive.fr/image.ashx?id=2886534&use=l&cat=p&typeid=i","cat":284428},{"id":13696,"n":"Soufflés Snack's Tokapi Cacahuète - 90g","p":0.47,"u":"5,22 €/KG","img":"https://fd9-photos.leclercdrive.fr/image.ashx?id=2677026&use=l&cat=p&typeid=i","cat":284449},{"id":13698,"n":"Légumes couscous Notre Jardin 400g","p":1.43,"u":"3,58 €/KG","img":"https://fd9-photos.leclercdrive.fr/image.ashx?id=2854216&use=l&cat=p&typeid=i","cat":312612},{"id":13701,"n":"Riz Thaï Comptoir du Grain Sélection Riz long - 500g","p":1.79,"u":"3,58 €/KG","img":"https://fd9-photos.leclercdrive.fr/image.ashx?id=2565610&use=l&cat=p&typeid=i","cat":284428},{"id":13711,"n":"Croquettes chat Ultima Stérilisé - Poulet - 1.5kg","p":6.79,"u":"4,53 €/KG","img":"https://fd9-photos.leclercdrive.fr/image.ashx?id=2886385&use=l&cat=p&typeid=i","cat":284680},{"id":13715,"n":"Croquettes chat Purina One Stérilisé - Boeuf/Blé-1.5kg","p":7.32,"u":"4,88 €/KG","img":"https://fd9-photos.leclercdrive.fr/image.ashx?id=2488040&use=l&cat=p&typeid=i","cat":284680},{"id":13719,"n":"Croquettes chat Purina One Adulte - Poulet/Céréales -1.5kg","p":6.88,"u":"4,59 €/KG","img":"https://fd9-photos.leclercdrive.fr/image.ashx?id=2537682&use=l&cat=p&typeid=i","cat":284680},{"id":13731,"n":"Barquettes chats Gourmet Gold Les mousselines - 12x85g","p":5.47,"u":"5,36 €/KG","img":"https://fd9-photos.leclercdrive.fr/image.ashx?id=2967046&use=l&cat=p&typeid=i","cat":285286},{"id":13733,"n":"Barquettes chats Gourmet Gold Les terrines - 12x85g","p":5.42,"u":"5,31 €/KG","img":"https://fd9-photos.leclercdrive.fr/image.ashx?id=2979069&use=l&cat=p&typeid=i","cat":285286},{"id":13770,"n":"Croissants surgelés Epi d'Or Cuisson four - 6x60g","p":2.58,"u":"7,17 €/KG","img":"https://fd9-photos.leclercdrive.fr/image.ashx?id=2900088&use=l&cat=p&typeid=i","cat":284267},{"id":13776,"n":"Mouchoirs blancs 3 plis Caresse Boîte - x110","p":1.35,"u":"0,01 €/P","img":"https://fd9-photos.leclercdrive.fr/image.ashx?id=2777921&use=l&cat=p&typeid=i","cat":284638},{"id":13777,"n":"Lingettes bébé Eco+ Epaisses - x72","p":0.79,"u":"0,01 €/P","img":"https://fd9-photos.leclercdrive.fr/image.ashx?id=2874672&use=l&cat=p&typeid=i","cat":284738},{"id":13782,"n":"Déodorant Manava anti-traces 200ml","p":1.29,"u":"6,45 €/L","img":"https://fd9-photos.leclercdrive.fr/image.ashx?id=2692952&use=l&cat=p&typeid=i","cat":284595},{"id":13784,"n":"Gel douche et shampooing Carré Homme Energisante - 250ml","p":1.15,"u":"4,60 €/L","img":"https://fd9-photos.leclercdrive.fr/image.ashx?id=2927845&use=l&cat=p&typeid=i","cat":284619},{"id":13785,"n":"Shampooing Vitanove Réparateur - 250ml","p":1.45,"u":"5,80 €/L","img":"https://fd9-photos.leclercdrive.fr/image.ashx?id=1879257&use=l&cat=p&typeid=i","cat":284606},{"id":13787,"n":"Shampooing Vitanove Extra Color - 250ml","p":1.56,"u":"6,24 €/L","img":"https://fd9-photos.leclercdrive.fr/image.ashx?id=2920912&use=l&cat=p&typeid=i","cat":284606},{"id":13788,"n":"Après-shampooing Vitanove Extra color - 200ml","p":1.38,"u":"6,90 €/L","img":"https://fd9-photos.leclercdrive.fr/image.ashx?id=2618302&use=l&cat=p&typeid=i","cat":284607},{"id":13789,"n":"Shampooing Vitanove Lissant - 250ml","p":1.79,"u":"7,16 €/L","img":"https://fd9-photos.leclercdrive.fr/image.ashx?id=2949511&use=l&cat=p&typeid=i","cat":284606},{"id":13790,"n":"Après-shampooing Vitanove Lissant - 200ml","p":1.49,"u":"7,45 €/L","img":"https://fd9-photos.leclercdrive.fr/image.ashx?id=2618314&use=l&cat=p&typeid=i","cat":284607},{"id":13811,"n":"Nettoyant visage Argile Garnier Peaux à imperfections - 150ml","p":4.28,"u":"28,53 €/L","img":"https://fd9-photos.leclercdrive.fr/image.ashx?id=2867548&use=l&cat=p&typeid=i","cat":284603},{"id":13977,"n":"Salade Notre Jardin Coeurs de laitue - 320g","p":1.58,"u":"4,94 €/KG","img":"https://fd9-photos.leclercdrive.fr/image.ashx?id=2686326&use=l&cat=p&typeid=i","cat":284353},{"id":13987,"n":"Bande cohésive Primoplast 2.5m x 6cm","p":2.75,"img":"https://fd9-photos.leclercdrive.fr/image.ashx?id=2955677&use=l&cat=p&typeid=i","cat":284630},{"id":13991,"n":"Marrons Allaire Sous-vide - 2x200g","p":5.25,"u":"13,13 €/KG","img":"https://fd9-photos.leclercdrive.fr/image.ashx?id=2472282&use=l&cat=p&typeid=i","cat":312612},{"id":13992,"n":"Recharge savon mains Manava Gel lavande - 250ml","p":0.69,"u":"2,76 €/L","img":"https://fd9-photos.leclercdrive.fr/image.ashx?id=2935477&use=l&cat=p&typeid=i","cat":284597},{"id":13995,"n":"Bandes extensibles Primoplast 4mx6cm - x2","p":1.29,"img":"https://fd9-photos.leclercdrive.fr/image.ashx?id=2856444&use=l&cat=p&typeid=i","cat":284630},{"id":13998,"n":"Pâte feuilletée Eco+ A dérouler - 230g","p":0.53,"u":"2,30 €/KG","img":"https://fd9-photos.leclercdrive.fr/image.ashx?id=2744350&use=l&cat=p&typeid=i","cat":333681},{"id":14007,"n":"Jambon de Bayonne IGP NRT 4 Grandes Tranches - 120g","p":3.63,"u":"30,25 €/KG","img":"https://fd9-photos.leclercdrive.fr/image.ashx?id=2670428&use=l&cat=p&typeid=i","cat":316007},{"id":14018,"n":"Chocolat Pâtissier Tablette dOr Noir corsé - 64% cacao - 200g","p":2.09,"u":"10,45 €/KG","img":"https://fd9-photos.leclercdrive.fr/image.ashx?id=2602349&use=l&cat=p&typeid=i","cat":285562},{"id":14023,"n":"Rasoir Carré Homme 3 lames - x1","p":3.99,"img":"https://fd9-photos.leclercdrive.fr/image.ashx?id=2704621&use=l&cat=p&typeid=i","cat":284616},{"id":14027,"n":"Lingettes Hygiène intime Doulys x20","p":1.8,"img":"https://fd9-photos.leclercdrive.fr/image.ashx?id=2815632&use=l&cat=p&typeid=i","cat":284627},{"id":14033,"n":"Crochets anti-mites Insectivor Cèdre 2x3ml","p":1.99,"u":"331,67 €/L","img":"https://fd9-photos.leclercdrive.fr/image.ashx?id=1899681&use=l&cat=p&typeid=i","cat":298368},{"id":14038,"n":"Cassoulet au confit canard NRT - 420g","p":2.75,"u":"6,55 €/KG","img":"https://fd9-photos.leclercdrive.fr/image.ashx?id=2791413&use=l&cat=p&typeid=i","cat":284440},{"id":14050,"n":"Rhum blanc Réunion 49%vol NRT 1L","p":14.62,"u":"14,62 €/L","img":"https://fd9-photos.leclercdrive.fr/image.ashx?id=1208791&use=l&cat=p&typeid=i","cat":284550},{"id":14051,"n":"Confiture extra bio Bio Village Myrtilles - 370g","p":2.29,"u":"6,19 €/KG","img":"https://fd9-photos.leclercdrive.fr/image.ashx?id=2965620&use=l&cat=p&typeid=i","cat":284480},{"id":14056,"n":"Confiture extra prunes NRT Du Lot-et-Garonne - 315g","p":2.67,"u":"8,48 €/KG","img":"https://fd9-photos.leclercdrive.fr/image.ashx?id=2699798&use=l&cat=p&typeid=i","cat":284480},{"id":14061,"n":"Confiture poires williams NRT De la Valée du Rhône - 315g","p":2.83,"u":"8,98 €/KG","img":"https://fd9-photos.leclercdrive.fr/image.ashx?id=2699792&use=l&cat=p&typeid=i","cat":284480},{"id":14062,"n":"Préparation framboises NRT Du Massif Central - 315g","p":4.02,"u":"12,76 €/KG","img":"https://fd9-photos.leclercdrive.fr/image.ashx?id=2518526&use=l&cat=p&typeid=i","cat":284480},{"id":14063,"n":"Préparation NRT Agrumes de Corse - 315g","p":2.82,"u":"8,95 €/KG","img":"https://fd9-photos.leclercdrive.fr/image.ashx?id=779352&use=l&cat=p&typeid=i","cat":284480},{"id":14064,"n":"Préparation NRT Abricots d'Occitanie - 315g","p":2.87,"u":"9,11 €/KG","img":"https://fd9-photos.leclercdrive.fr/image.ashx?id=2590466&use=l&cat=p&typeid=i","cat":284480},{"id":14075,"n":"Lait de coco Tables du monde 400ml","p":1.52,"u":"3,80 €/L","img":"https://fd9-photos.leclercdrive.fr/image.ashx?id=1960758&use=l&cat=p&typeid=i","cat":288992},{"id":14081,"n":"Ratatouille Bio Village Bio A la provençale - 650g","p":2.35,"u":"3,62 €/KG","img":"https://fd9-photos.leclercdrive.fr/image.ashx?id=2762513&use=l&cat=p&typeid=i","cat":312612},{"id":14084,"n":"Confiture bio Bio Village Oranges - 370g","p":2.26,"u":"6,11 €/KG","img":"https://fd9-photos.leclercdrive.fr/image.ashx?id=2965623&use=l&cat=p&typeid=i","cat":284480},{"id":14087,"n":"Quenelles de veau Coté Table Sauce financière 400g","p":1.85,"u":"4,63 €/KG","img":"https://fd9-photos.leclercdrive.fr/image.ashx?id=2977864&use=l&cat=p&typeid=i","cat":284441},{"id":14088,"n":"Garnit bouchée reine Coté Table 400g","p":1.79,"u":"4,48 €/KG","img":"https://fd9-photos.leclercdrive.fr/image.ashx?id=2977150&use=l&cat=p&typeid=i","cat":284441},{"id":14093,"n":"Olives de Picholines NRT Vertes - 200g","p":3.52,"u":"17,60 €/KG","img":"https://fd9-photos.leclercdrive.fr/image.ashx?id=2704891&use=l&cat=p&typeid=i","cat":284458},{"id":14094,"n":"Confiture pêches de vigne NRT De la Valée du Rhône - 315g","p":3.03,"u":"9,62 €/KG","img":"https://fd9-photos.leclercdrive.fr/image.ashx?id=2657286&use=l&cat=p&typeid=i","cat":284480},{"id":14099,"n":"Spray nettoyant Eco+ avec Javel 750ml","p":0.87,"u":"1,16 €/L","img":"https://fd9-photos.leclercdrive.fr/image.ashx?id=2837003&use=l&cat=p&typeid=i","cat":325357},{"id":14107,"n":"Tielles sétoises NRT x2 - 220g","p":2.93,"u":"13,32 €/KG","img":"https://fd9-photos.leclercdrive.fr/image.ashx?id=2663830&use=l&cat=p&typeid=i","cat":285340},{"id":14111,"n":"Houmous Tables du Monde 200g","p":1.43,"u":"7,15 €/KG","img":"https://fd9-photos.leclercdrive.fr/image.ashx?id=2872258&use=l&cat=p&typeid=i","cat":315999},{"id":14113,"n":"Rasoirs jetables Siliss 2 lames - x10","p":1.19,"u":"0,12 €/P","img":"https://fd9-photos.leclercdrive.fr/image.ashx?id=2873546&use=l&cat=p&typeid=i","cat":325352},{"id":14114,"n":"Brosse à dents Dentamyl Médium x4","p":0.99,"u":"0,25 €/P","img":"https://fd9-photos.leclercdrive.fr/image.ashx?id=2790922&use=l&cat=p&typeid=i","cat":284614},{"id":14118,"n":"Carottes râpées Eco+ Assaisonnées - 500g","p":0.84,"u":"1,68 €/KG","img":"https://fd9-photos.leclercdrive.fr/image.ashx?id=2850805&use=l&cat=p&typeid=i","cat":333657},{"id":14122,"n":"Bâtonnets crâbe Eco+ x24 - 400g","p":1.25,"u":"3,13 €/KG","img":"https://fd9-photos.leclercdrive.fr/image.ashx?id=2865239&use=l&cat=p&typeid=i","cat":285189},{"id":14124,"n":"Rosette pur porc Eco+ 12 tranches - 150g","p":1.24,"u":"8,27 €/KG","img":"https://fd9-photos.leclercdrive.fr/image.ashx?id=2728222&use=l&cat=p&typeid=i","cat":316007},{"id":14131,"n":"Désodorisant Visior Lave-vaisselle Citron - x2","p":1.29,"u":"0,65 €/P","img":"https://fd9-photos.leclercdrive.fr/image.ashx?id=2951119&use=l&cat=p&typeid=i","cat":284657},{"id":14132,"n":"Bloc wc javel Syphon 2x40g","p":1.46,"u":"18,25 €/KG","img":"https://fd9-photos.leclercdrive.fr/image.ashx?id=2302540&use=l&cat=p&typeid=i","cat":284662},{"id":14138,"n":"Lingettes dépoussiérantes Eco+ x40","p":1.76,"u":"0,04 €/P","img":"https://fd9-photos.leclercdrive.fr/image.ashx?id=2805972&use=l&cat=p&typeid=i","cat":325364},{"id":14140,"n":"Savon extra-doux Manava Douceur d'amande 6x100g","p":3.16,"u":"5,27 €/KG","img":"https://fd9-photos.leclercdrive.fr/image.ashx?id=2331312&use=l&cat=p&typeid=i","cat":284597},{"id":14144,"n":"Lingettes bébé Mots d'Enfants Débarbouillantes - x40","p":1.47,"u":"0,04 €/P","img":"https://fd9-photos.leclercdrive.fr/image.ashx?id=2856471&use=l&cat=p&typeid=i","cat":284738},{"id":14155,"n":"Gnocchi Turini à poêler 300g","p":0.89,"u":"2,97 €/KG","img":"https://fd9-photos.leclercdrive.fr/image.ashx?id=3010566&use=l&cat=p&typeid=i","cat":333682},{"id":14158,"n":"Fromage Mystère du Prieuré Lait pasteurisé - 340g","p":2.65,"u":"7,79 €/KG","img":"https://fd9-photos.leclercdrive.fr/image.ashx?id=2900085&use=l&cat=p&typeid=i","cat":329184},{"id":14163,"n":"Crème nettoyante Clair 3en1 - Fraicheur - 750ml","p":1.28,"u":"1,71 €/L","img":"https://fd9-photos.leclercdrive.fr/image.ashx?id=2946157&use=l&cat=p&typeid=i","cat":325357},{"id":14164,"n":"Roquefort AOP Eco+ Lait cru brebis 150g","p":2.16,"u":"14,40 €/KG","img":"https://fd9-photos.leclercdrive.fr/image.ashx?id=2966629&use=l&cat=p&typeid=i","cat":314032},{"id":14170,"n":"Nettoyant lave-vaisselle Visior 250ml","p":2.65,"u":"10,60 €/L","img":"https://fd9-photos.leclercdrive.fr/image.ashx?id=776479&use=l&cat=p&typeid=i","cat":284657},{"id":14182,"n":"Déodorant stick Carré Homme Marine - 50ml","p":2.18,"u":"43,60 €/L","img":"https://fd9-photos.leclercdrive.fr/image.ashx?id=2481207&use=l&cat=p&typeid=i","cat":284618},{"id":14183,"n":"Lame de rasoir Siliss 3 lames - x4","p":3.58,"img":"https://fd9-photos.leclercdrive.fr/image.ashx?id=2699414&use=l&cat=p&typeid=i","cat":325352},{"id":14187,"n":"Masque réparateur Vitanove Secs abîmés cassants 300ml","p":2.64,"u":"8,80 €/L","img":"https://fd9-photos.leclercdrive.fr/image.ashx?id=2931769&use=l&cat=p&typeid=i","cat":284608},{"id":14193,"n":"Masque capillaire Vitanove Extra color 300ml","p":2.69,"u":"8,97 €/L","img":"https://fd9-photos.leclercdrive.fr/image.ashx?id=2149095&use=l&cat=p&typeid=i","cat":284608},{"id":14195,"n":"Bande à découper Primoplast Peaux sensibles - 10x6cm","p":0.89,"img":"https://fd9-photos.leclercdrive.fr/image.ashx?id=2856417&use=l&cat=p&typeid=i","cat":284630},{"id":14196,"n":"Après-shampooing Vitanove Réparateur - 200ml","p":1.43,"u":"7,15 €/L","img":"https://fd9-photos.leclercdrive.fr/image.ashx?id=2618311&use=l&cat=p&typeid=i","cat":284607},{"id":14201,"n":"Filets de Morue Ronde des Mers Prêt à cuisiner 400g","p":7.99,"u":"19,98 €/KG","img":"https://fd9-photos.leclercdrive.fr/image.ashx?id=2694221&use=l&cat=p&typeid=i","cat":284342},{"id":14212,"n":"Lotion après-rasage Carré Homme Marine tonifiant 100ml","p":2.61,"u":"26,10 €/L","img":"https://fd9-photos.leclercdrive.fr/image.ashx?id=2854219&use=l&cat=p&typeid=i","cat":288147},{"id":14217,"n":"Crème pieds Primoplast Nutri-réparatrice - 75ml","p":1.49,"u":"19,87 €/L","img":"https://fd9-photos.leclercdrive.fr/image.ashx?id=2832930&use=l&cat=p&typeid=i","cat":325354},{"id":14218,"n":"Dentifrice enfant Dentamyl Bubble gum - 3 à 6 ans - 50ml","p":0.89,"u":"17,80 €/L","img":"https://fd9-photos.leclercdrive.fr/image.ashx?id=2075185&use=l&cat=p&typeid=i","cat":288898},{"id":14220,"n":"Shampooing Vitanove Volumateur - 250ml","p":1.79,"u":"7,16 €/L","img":"https://fd9-photos.leclercdrive.fr/image.ashx?id=2946829&use=l&cat=p&typeid=i","cat":284606},{"id":14223,"n":"Dépoussiérant meubles Clair Multi-surfaces 300ml","p":1.03,"u":"3,43 €/L","img":"https://fd9-photos.leclercdrive.fr/image.ashx?id=2856681&use=l&cat=p&typeid=i","cat":325364},{"id":14224,"n":"Gel wc Syphon surpuissant 750ml","p":1.07,"u":"1,43 €/L","img":"https://fd9-photos.leclercdrive.fr/image.ashx?id=2558790&use=l&cat=p&typeid=i","cat":284662},{"id":14236,"n":"Jambon cru Eco+ 8 tranches - 150g","p":1.77,"u":"11,80 €/KG","img":"https://fd9-photos.leclercdrive.fr/image.ashx?id=2917638&use=l&cat=p&typeid=i","cat":316007},{"id":14259,"n":"Ravioles de la Drôme NRT Basilic - 240g","p":3.39,"u":"14,13 €/KG","img":"https://fd9-photos.leclercdrive.fr/image.ashx?id=2704897&use=l&cat=p&typeid=i","cat":333682},{"id":14260,"n":"Crottin Chavignol NRT AOP  Fromage de chèvre - 2x60g","p":3.75,"u":"31,25 €/KG","img":"https://fd9-photos.leclercdrive.fr/image.ashx?id=2519432&use=l&cat=p&typeid=i","cat":314031},{"id":14262,"n":"Cognac v.s.o.p 40%vol. NRT 50cl","p":21.34,"u":"42,68 €/L","img":"https://fd9-photos.leclercdrive.fr/image.ashx?id=1646501&use=l&cat=p&typeid=i","cat":286032},{"id":14271,"n":"Crème de marrons NRT De l'Ardèche - 325g","p":3.03,"u":"9,32 €/KG","img":"https://fd9-photos.leclercdrive.fr/image.ashx?id=2954154&use=l&cat=p&typeid=i","cat":284481},{"id":14272,"n":"Calissons NRT D'Aix-en-provence - 250g","p":5.99,"u":"23,96 €/KG","img":"https://fd9-photos.leclercdrive.fr/image.ashx?id=2771031&use=l&cat=p&typeid=i","cat":284499},{"id":14273,"n":"Fromage Pont-l'Evêque AOP  Nos Régions ont du Talent 220g","p":2.65,"u":"12,05 €/KG","img":"https://fd9-photos.leclercdrive.fr/image.ashx?id=2356344&use=l&cat=p&typeid=i","cat":329558},{"id":14276,"n":"Cassoulet au confit canard NRT - 840g","p":4.99,"u":"5,94 €/KG","img":"https://fd9-photos.leclercdrive.fr/image.ashx?id=2791410&use=l&cat=p&typeid=i","cat":284440},{"id":14280,"n":"Bûche Sainte Maure Touraine NRT AOP - Fromage de chèvre - 250g","p":5.07,"u":"20,28 €/KG","img":"https://fd9-photos.leclercdrive.fr/image.ashx?id=2919673&use=l&cat=p&typeid=i","cat":314031},{"id":14282,"n":"Préparation citrons NRT De Corse -  315g","p":2.69,"u":"8,54 €/KG","img":"https://fd9-photos.leclercdrive.fr/image.ashx?id=2699810&use=l&cat=p&typeid=i","cat":284480},{"id":14283,"n":"Foie gras canard IGP Sud-Ouest NRT Entier- 180g","p":13.99,"u":"77,72 €/KG","img":"https://fd9-photos.leclercdrive.fr/image.ashx?id=2417225&use=l&cat=p&typeid=i","cat":305148},{"id":14285,"n":"Fromage Emmental Eco+ Râpé - 200g","p":1.5,"u":"7,50 €/KG","img":"https://fd9-photos.leclercdrive.fr/image.ashx?id=2615798&use=l&cat=p&typeid=i","cat":314035},{"id":14292,"n":"Eau aromatisée Volvic Zest  Citron - 1,5L","p":1.08,"u":"0,72 €/L","img":"https://fd9-photos.leclercdrive.fr/image.ashx?id=2730253&use=l&cat=p&typeid=i","cat":284537},{"id":14293,"n":"Eau aromatisée Volvic Zest Citron - 6x50cl","p":3.19,"u":"1,06 €/L","img":"https://fd9-photos.leclercdrive.fr/image.ashx?id=2730256&use=l&cat=p&typeid=i","cat":284537},{"id":14316,"n":"Lasagnes saumon Côté Table 1kg","p":7.26,"u":"7,26 €/KG","img":"https://fd9-photos.leclercdrive.fr/image.ashx?id=2790928&use=l&cat=p&typeid=i","cat":284254},{"id":14328,"n":"Hachis parmentier Côté Table 300g","p":2.56,"u":"8,53 €/KG","img":"https://fd9-photos.leclercdrive.fr/image.ashx?id=2718802&use=l&cat=p&typeid=i","cat":284254},{"id":14329,"n":"Brandade de morue Côté Table MSC - 300g","p":2.72,"u":"9,07 €/KG","img":"https://fd9-photos.leclercdrive.fr/image.ashx?id=887977&use=l&cat=p&typeid=i","cat":284254},{"id":14330,"n":"Poêlée de légumes Notre Jardin Légumes grillés - 750g","p":3.11,"u":"4,15 €/KG","img":"https://fd9-photos.leclercdrive.fr/image.ashx?id=2771369&use=l&cat=p&typeid=i","cat":319823},{"id":14334,"n":"Ratatouille Notre Jardin Cuisinée 750g","p":2.85,"u":"3,80 €/KG","img":"https://fd9-photos.leclercdrive.fr/image.ashx?id=2873129&use=l&cat=p&typeid=i","cat":319823},{"id":14336,"n":"Pavé saumon Pêche Océan ASC Atlantique -  500g","p":11.19,"u":"22,38 €/KG","img":"https://fd9-photos.leclercdrive.fr/image.ashx?id=2953728&use=l&cat=p&typeid=i","cat":319786},{"id":14344,"n":"Pain de mie Nature Harrys Longue conservation - 550g","p":2.09,"u":"3,80 €/KG","img":"https://fd9-photos.leclercdrive.fr/image.ashx?id=2518109&use=l&cat=p&typeid=i","cat":284477},{"id":14349,"n":"Biscuits Truffine Equador  Meringue crème cacao - 100g","p":2.97,"u":"29,70 €/KG","img":"https://fd9-photos.leclercdrive.fr/image.ashx?id=2597618&use=l&cat=p&typeid=i","cat":284490},{"id":14360,"n":"Yaourts à boire Délisse Petits Délis fruits - 8x100g","p":3.2,"u":"4,00 €/KG","img":"https://fd9-photos.leclercdrive.fr/image.ashx?id=2754886&use=l&cat=p&typeid=i","cat":284415},{"id":14376,"n":"Dés de fromage Les Croisés Ail et fines herbes - 120g","p":1.54,"u":"12,83 €/KG","img":"https://fd9-photos.leclercdrive.fr/image.ashx?id=2741616&use=l&cat=p&typeid=i","cat":314027},{"id":14378,"n":"Dés de fromage Les Croisés Basilic ciboulette - 120g","p":1.69,"u":"14,08 €/KG","img":"https://fd9-photos.leclercdrive.fr/image.ashx?id=2741619&use=l&cat=p&typeid=i","cat":314027},{"id":14381,"n":"Palets bretons NRT 100g","p":1.83,"u":"18,30 €/KG","img":"https://fd9-photos.leclercdrive.fr/image.ashx?id=2622299&use=l&cat=p&typeid=i","cat":284487},{"id":14383,"n":"Blocs WC Syphon Activ' Effect  Lavande - x3","p":1.09,"u":"0,36 €/P","img":"https://fd9-photos.leclercdrive.fr/image.ashx?id=2320710&use=l&cat=p&typeid=i","cat":284662},{"id":14415,"n":"Levure chimique Vahiné 5x11g","p":0.37,"u":"6,73 €/KG","img":"https://fd9-photos.leclercdrive.fr/image.ashx?id=2490542&use=l&cat=p&typeid=i","cat":294686},{"id":14427,"n":"Pastis Ricard Anisé 45% vol - 70cl","p":15.9,"u":"22,71 €/L","img":"https://fd9-photos.leclercdrive.fr/image.ashx?id=2976776&use=l&cat=p&typeid=i","cat":284548},{"id":14428,"n":"Whisky Clan Campbell Blended Scotch 40% vol - 1L","p":19.39,"u":"19,39 €/L","img":"https://fd9-photos.leclercdrive.fr/image.ashx?id=2868921&use=l&cat=p&typeid=i","cat":284547},{"id":14429,"n":"Eau de vie Auguste Mugniot Poire Williams - 40%vol. - 50cl","p":19.99,"u":"39,98 €/L","img":"https://fd9-photos.leclercdrive.fr/image.ashx?id=2448519&use=l&cat=p&typeid=i","cat":286032},{"id":14431,"n":"Rhum Lagoa 40%vol - 1L","p":13.59,"u":"13,59 €/L","img":"https://fd9-photos.leclercdrive.fr/image.ashx?id=2966481&use=l&cat=p&typeid=i","cat":284550},{"id":14440,"n":"Bière blonde Desquiles Canette - 5.9%vol. - 50cl","p":1.35,"u":"2,70 €/L","img":"https://fd9-photos.leclercdrive.fr/image.ashx?id=2646991&use=l&cat=p&typeid=i","cat":334853},{"id":14441,"n":"Eau minérale naturelle Evian  6x1l","p":3.11,"u":"0,52 €/L","img":"https://fd9-photos.leclercdrive.fr/image.ashx?id=2969019&use=l&cat=p&typeid=i","cat":284535},{"id":14447,"n":"Sirop Frucci Thé Pêche - 75cl","p":3.2,"u":"4,27 €/L","img":"https://fd9-photos.leclercdrive.fr/image.ashx?id=764952&use=l&cat=p&typeid=i","cat":295020},{"id":14451,"n":"Sirop Frucci Menthe - 1L","p":2.46,"u":"2,46 €/L","img":"https://fd9-photos.leclercdrive.fr/image.ashx?id=2954067&use=l&cat=p&typeid=i","cat":295020},{"id":14452,"n":"Sirop Sport Citron - 1L","p":2.3,"u":"2,30 €/L","img":"https://fd9-photos.leclercdrive.fr/image.ashx?id=3011182&use=l&cat=p&typeid=i","cat":295020},{"id":14458,"n":"Biscuits tablette Eco+ Chocolat au lait - 150g","p":0.98,"u":"6,53 €/KG","img":"https://fd9-photos.leclercdrive.fr/image.ashx?id=2682750&use=l&cat=p&typeid=i","cat":284488},{"id":14478,"n":"Pomme de terre de consommation Lunor précuites 2x500g","p":2.98,"u":"2,98 €/KG","img":"https://fd9-photos.leclercdrive.fr/image.ashx?id=2281372&use=l&cat=p&typeid=i","cat":284352},{"id":14494,"n":"Coquilles Saint-Jacques Tipiak À la bretonne - 4x90g","p":5.96,"u":"16,56 €/KG","img":"https://fd9-photos.leclercdrive.fr/image.ashx?id=2559754&use=l&cat=p&typeid=i","cat":319775},{"id":14512,"n":"Sachets glaçons Elembal x15","p":0.8,"img":"https://fd9-photos.leclercdrive.fr/image.ashx?id=2671810&use=l&cat=p&typeid=i","cat":334134},{"id":14536,"n":"Escalope Fine Dinde LR x2  IGP Volailles du Maine  - 240g","p":5.65,"u":"23,54 €/KG","img":"https://fd9-photos.leclercdrive.fr/image.ashx?id=2250567&use=l&cat=p&typeid=i","cat":284337},{"id":14538,"n":"Aiguillettes poulet Le Gaulois Jaune - 210g","p":4.45,"u":"21,19 €/KG","img":"https://fd9-photos.leclercdrive.fr/image.ashx?id=2315107&use=l&cat=p&typeid=i","cat":284336},{"id":14543,"n":"Serviettes papier Homeside Double épaisseur 33x33cm - x100","p":2.29,"img":"https://fd9-photos.leclercdrive.fr/image.ashx?id=1659678&use=l&cat=p&typeid=i","cat":334134},{"id":14570,"n":"Nappe Eco+ papier blanche 25m","p":4.77,"u":"0,19 €/MT","img":"https://fd9-photos.leclercdrive.fr/image.ashx?id=1300431&use=l&cat=p&typeid=i","cat":334134},{"id":14574,"n":"Serviette incontinence Chorys Normal - x12","p":1.99,"u":"0,17 €/P","img":"https://fd9-photos.leclercdrive.fr/image.ashx?id=2393848&use=l&cat=p&typeid=i","cat":284628},{"id":14579,"n":"Papier toilette Mimosa Blanc - Ultra doux - x6","p":2.65,"u":"0,44 €/P","img":"https://fd9-photos.leclercdrive.fr/image.ashx?id=2073185&use=l&cat=p&typeid=i","cat":284634},{"id":14582,"n":"Bandes de cire froide Siliss Corps - Peaux sensibles - x40","p":2.21,"u":"0,06 €/P","img":"https://fd9-photos.leclercdrive.fr/image.ashx?id=2699426&use=l&cat=p&typeid=i","cat":325351},{"id":14625,"n":"Boisson énergétique Powerade Ice storm - 50cl","p":1.09,"u":"2,18 €/L","img":"https://fd9-photos.leclercdrive.fr/image.ashx?id=2970756&use=l&cat=p&typeid=i","cat":284533},{"id":14626,"n":"Boisson aux fruits Oasis Saveur Pêche Abricot - 2L","p":2.32,"u":"1,16 €/L","img":"https://fd9-photos.leclercdrive.fr/image.ashx?id=2688635&use=l&cat=p&typeid=i","cat":295018},{"id":14633,"n":"AOP Bordeaux rouge La Croix d'Austéran - 75cl","p":4.55,"u":"6,07 €/L","img":"https://fd9-photos.leclercdrive.fr/image.ashx?id=1672093&use=l&cat=p&typeid=i","cat":289556},{"id":14636,"n":"Soda Jean's Cola Zéro Canette - 6x33cl","p":1.98,"u":"1,00 €/L","img":"https://fd9-photos.leclercdrive.fr/image.ashx?id=2637886&use=l&cat=p&typeid=i","cat":284530},{"id":14637,"n":"Biscuits P'tit Déli ronds Chocolat noir 200g","p":1.34,"u":"6,70 €/KG","img":"https://fd9-photos.leclercdrive.fr/image.ashx?id=2884207&use=l&cat=p&typeid=i","cat":284488},{"id":14659,"n":"Gel désinfectant mains Sanytol Au thé vert - 250ml","p":3.54,"u":"14,16 €/L","img":"https://fd9-photos.leclercdrive.fr/image.ashx?id=1754056&use=l&cat=p&typeid=i","cat":284630},{"id":14660,"n":"Gel désinfectant mains Sanytol Au thé vert - 75ml","p":2.05,"u":"27,33 €/L","img":"https://fd9-photos.leclercdrive.fr/image.ashx?id=2338730&use=l&cat=p&typeid=i","cat":284630},{"id":14661,"n":"Lingettes Hygiène Intime Usage Quotidien Intima Hamamélis x20","p":2.0,"u":"0,10 €/P","img":"https://fd9-photos.leclercdrive.fr/image.ashx?id=2886675&use=l&cat=p&typeid=i","cat":284627},{"id":14675,"n":"boisson végétale lait d'amande  bio bjorg intense - 1L","p":2.77,"u":"2,77 €/L","img":"https://fd9-photos.leclercdrive.fr/image.ashx?id=2970918&use=l&cat=p&typeid=i","cat":316067},{"id":14680,"n":"Céréales muesli vitaminé fruits bjorg bio 750g","p":4.22,"u":"5,63 €/KG","img":"https://fd9-photos.leclercdrive.fr/image.ashx?id=2906160&use=l&cat=p&typeid=i","cat":309512},{"id":14688,"n":"Biscuits Bjorg Fourrés Chocolat lait bio 225g","p":3.15,"u":"14,00 €/KG","img":"https://fd9-photos.leclercdrive.fr/image.ashx?id=2970927&use=l&cat=p&typeid=i","cat":284488},{"id":14691,"n":"Chocolat Alter Eco Noir Absolu Pérou 85% cacao bio - 100g","p":2.86,"u":"28,60 €/KG","img":"https://fd9-photos.leclercdrive.fr/image.ashx?id=2906535&use=l&cat=p&typeid=i","cat":284956},{"id":14693,"n":"chocolat noir  eclats d'amandes alter eco bio - 100g","p":2.71,"u":"27,10 €/KG","img":"https://fd9-photos.leclercdrive.fr/image.ashx?id=2906529&use=l&cat=p&typeid=i","cat":284956},{"id":14694,"n":"Chocolat lait Bio Alter Eco Noisettes Max Havelaar - 100g","p":2.29,"u":"22,90 €/KG","img":"https://fd9-photos.leclercdrive.fr/image.ashx?id=2967292&use=l&cat=p&typeid=i","cat":284497},{"id":14713,"n":"Rasoirs jetables Bic Twin Lady x8","p":1.79,"u":"0,22 €/P","img":"https://fd9-photos.leclercdrive.fr/image.ashx?id=2887569&use=l&cat=p&typeid=i","cat":325352},{"id":14762,"n":"Piles TechPlus Foxter AA/LR6 - x4","p":1.99,"img":"https://fd9-photos.leclercdrive.fr/image.ashx?id=2162165&use=l&cat=p&typeid=i","cat":300572},{"id":14764,"n":"Piles TechPlus Foxter AAA/LR3 - x4","p":1.99,"img":"https://fd9-photos.leclercdrive.fr/image.ashx?id=2162162&use=l&cat=p&typeid=i","cat":300572},{"id":14814,"n":"Compotes pommes Andros 4x100g","p":1.37,"u":"3,43 €/KG","img":"https://fd9-photos.leclercdrive.fr/image.ashx?id=2883925&use=l&cat=p&typeid=i","cat":284416},{"id":14823,"n":"Pâtes bio Jardin Bio Spaguetti quinoa curry -500g","p":2.74,"u":"5,48 €/KG","img":"https://fd9-photos.leclercdrive.fr/image.ashx?id=3002105&use=l&cat=p&typeid=i","cat":284427},{"id":14867,"n":"Adoucissant Hyperdou Pure Caresse - 750ml","p":1.99,"u":"2,65 €/L","img":"https://fd9-photos.leclercdrive.fr/image.ashx?id=2614446&use=l&cat=p&typeid=i","cat":284650},{"id":14880,"n":"Compote Charles & Alice Pommes Mangues - 4x100g","p":1.52,"u":"3,80 €/KG","img":"https://fd9-photos.leclercdrive.fr/image.ashx?id=2757347&use=l&cat=p&typeid=i","cat":284416},{"id":14888,"n":"Compote Charles & Alice Pommes Poires - 4x100g","p":1.53,"u":"3,83 €/KG","img":"https://fd9-photos.leclercdrive.fr/image.ashx?id=2936902&use=l&cat=p&typeid=i","cat":284416},{"id":14893,"n":"Yaourts allégés Sveltesse   Fruits Panachés - 12x125g","p":3.22,"u":"2,15 €/KG","img":"https://fd9-photos.leclercdrive.fr/image.ashx?id=2649569&use=l&cat=p&typeid=i","cat":315000},{"id":14901,"n":"Mozzarella di Buffala AOP Les Croisés - 125g","p":1.65,"u":"13,20 €/KG","img":"https://fd9-photos.leclercdrive.fr/image.ashx?id=2686329&use=l&cat=p&typeid=i","cat":314026},{"id":14904,"n":"Fromage frais nature Bio Bio village - 3.5% MG - 500g","p":1.75,"u":"3,50 €/KG","img":"https://fd9-photos.leclercdrive.fr/image.ashx?id=2839944&use=l&cat=p&typeid=i","cat":284409},{"id":14911,"n":"Bloc WC cuvette Harpic  Eau Bleue - x2","p":1.43,"u":"18,82 €/KG","img":"https://fd9-photos.leclercdrive.fr/image.ashx?id=2264743&use=l&cat=p&typeid=i","cat":284662},{"id":14923,"n":"Brocolis fleurettes Bio Village Bio - 600g","p":2.21,"u":"3,68 €/KG","img":"https://fd9-photos.leclercdrive.fr/image.ashx?id=2891788&use=l&cat=p&typeid=i","cat":319805},{"id":14924,"n":"Lasagnes chèvre épinards Côté Table - 500g","p":2.95,"u":"5,90 €/KG","img":"https://fd9-photos.leclercdrive.fr/image.ashx?id=2647874&use=l&cat=p&typeid=i","cat":284254},{"id":14932,"n":"Rhum blanc Saint James 40% vol - 70cl","p":11.51,"u":"16,44 €/L","img":"https://fd9-photos.leclercdrive.fr/image.ashx?id=2970948&use=l&cat=p&typeid=i","cat":284550},{"id":14934,"n":"Gin Gibson 37.5%vol - 70cl","p":11.36,"u":"16,23 €/L","img":"https://fd9-photos.leclercdrive.fr/image.ashx?id=2755396&use=l&cat=p&typeid=i","cat":284550},{"id":14965,"n":"Bas-armagnac AOC 40%vol. - 50cl","p":19.84,"u":"39,68 €/L","img":"https://fd9-photos.leclercdrive.fr/image.ashx?id=2663305&use=l&cat=p&typeid=i","cat":286032},{"id":14972,"n":"Eau de vie Auguste Mugniot Kirsch - 40%vol. - 50cl","p":21.54,"u":"43,08 €/L","img":"https://fd9-photos.leclercdrive.fr/image.ashx?id=2448525&use=l&cat=p&typeid=i","cat":286032},{"id":14979,"n":"Crème de cassis de dijon NRT 20%vol. - 70cl","p":9.99,"u":"14,27 €/L","img":"https://fd9-photos.leclercdrive.fr/image.ashx?id=2762632&use=l&cat=p&typeid=i","cat":286032},{"id":14980,"n":"Crème de framboise Auguste  Mugniot 15%vol. - 50cl","p":5.49,"u":"10,98 €/L","img":"https://fd9-photos.leclercdrive.fr/image.ashx?id=829186&use=l&cat=p&typeid=i","cat":286032},{"id":14983,"n":"Pastis de Marseille Vivalis 45%vol - 1,5L","p":25.35,"u":"16,90 €/L","img":"https://fd9-photos.leclercdrive.fr/image.ashx?id=2820418&use=l&cat=p&typeid=i","cat":284548},{"id":14989,"n":"Bière blonde Amsterdam  Navigator 8%vol. - 50cl","p":1.46,"u":"2,92 €/L","img":"https://fd9-photos.leclercdrive.fr/image.ashx?id=2191104&use=l&cat=p&typeid=i","cat":334853},{"id":14993,"n":"Bière blonde Leffe Rituel 9% - 6x25cl","p":5.62,"u":"3,75 €/L","img":"https://fd9-photos.leclercdrive.fr/image.ashx?id=2548285&use=l&cat=p&typeid=i","cat":334852},{"id":15007,"n":"Protège-slips Doulys Ultra-mince Normal Plié - x30","p":1.19,"u":"0,04 €/P","img":"https://fd9-photos.leclercdrive.fr/image.ashx?id=2816109&use=l&cat=p&typeid=i","cat":284625},{"id":15010,"n":"Serviette incontinence Chorys Extra - x10","p":1.99,"u":"0,20 €/P","img":"https://fd9-photos.leclercdrive.fr/image.ashx?id=2393851&use=l&cat=p&typeid=i","cat":284628},{"id":15016,"n":"AOP Crémant d'Alsace Wolfberger Brut - 75cl","p":7.32,"u":"9,76 €/L","img":"https://fd9-photos.leclercdrive.fr/image.ashx?id=2323502&use=l&cat=p&typeid=i","cat":284544},{"id":15022,"n":"Jus de pamplemousse rose Bio Bio Village - 1L","p":3.82,"u":"3,82 €/L","img":"https://fd9-photos.leclercdrive.fr/image.ashx?id=2901524&use=l&cat=p&typeid=i","cat":284914},{"id":15025,"n":"Nectar Jafaden Pomme kiwi - 1L","p":2.35,"u":"2,35 €/L","img":"https://fd9-photos.leclercdrive.fr/image.ashx?id=2895771&use=l&cat=p&typeid=i","cat":284915},{"id":15036,"n":"Huile sèche corps bio Bio Naïa Spray - 100ml","p":4.59,"u":"45,90 €/L","img":"https://fd9-photos.leclercdrive.fr/image.ashx?id=2610196&use=l&cat=p&typeid=i","cat":325349},{"id":15039,"n":"Crème visage bio Bio Naïa Hydratante 50ml","p":1.99,"u":"39,80 €/L","img":"https://fd9-photos.leclercdrive.fr/image.ashx?id=2436651&use=l&cat=p&typeid=i","cat":325345},{"id":15048,"n":"Pain précuit Bio Village Demi-baguette x2 - 250g","p":2.29,"u":"9,16 €/KG","img":"https://fd9-photos.leclercdrive.fr/image.ashx?id=2375458&use=l&cat=p&typeid=i","cat":325069},{"id":15089,"n":"Pain d'épices Bio au miel Bjorg 300g","p":1.98,"u":"6,60 €/KG","img":"https://fd9-photos.leclercdrive.fr/image.ashx?id=2890136&use=l&cat=p&typeid=i","cat":284367},{"id":15095,"n":"Boisson végétale Noisette Bio  Bjorg- 1L","p":2.58,"u":"2,58 €/L","img":"https://fd9-photos.leclercdrive.fr/image.ashx?id=2972970&use=l&cat=p&typeid=i","cat":316067},{"id":15130,"n":"Gâteaux fourrés P'tit Déli Abricot x7 - 196g","p":2.69,"u":"13,72 €/KG","img":"https://fd9-photos.leclercdrive.fr/image.ashx?id=2046047&use=l&cat=p&typeid=i","cat":284495},{"id":15131,"n":"Nectar multifruits Jafaden 2L","p":2.49,"u":"1,25 €/L","img":"https://fd9-photos.leclercdrive.fr/image.ashx?id=2956032&use=l&cat=p&typeid=i","cat":284917},{"id":15145,"n":"Champignons Tables du Monde Noirs déshydratés 25g","p":2.49,"u":"99,60 €/KG","img":"https://fd9-photos.leclercdrive.fr/image.ashx?id=2920166&use=l&cat=p&typeid=i","cat":288992},{"id":15149,"n":"Petit Beurre P'tit Déli Pépites chocolat x24 200g","p":1.87,"u":"9,35 €/KG","img":"https://fd9-photos.leclercdrive.fr/image.ashx?id=2694100&use=l&cat=p&typeid=i","cat":284487},{"id":15159,"n":"Fécule de maïs Tablier Blanc 400g","p":1.19,"u":"2,98 €/KG","img":"https://fd9-photos.leclercdrive.fr/image.ashx?id=2853690&use=l&cat=p&typeid=i","cat":288382},{"id":15162,"n":"Rillettes pur porc Côté Table 3x78g","p":2.75,"u":"11,75 €/KG","img":"https://fd9-photos.leclercdrive.fr/image.ashx?id=2518514&use=l&cat=p&typeid=i","cat":305149},{"id":15163,"n":"Sablés fourrés P'tit Déli Noisette 125g","p":1.92,"u":"15,36 €/KG","img":"https://fd9-photos.leclercdrive.fr/image.ashx?id=2791266&use=l&cat=p&typeid=i","cat":284487},{"id":15181,"n":"Boisson aux fruits Oasis Saveur Fraise Framboise - 2L","p":2.37,"u":"1,19 €/L","img":"https://fd9-photos.leclercdrive.fr/image.ashx?id=2677819&use=l&cat=p&typeid=i","cat":295018},{"id":15184,"n":"Chips cuites au four Lay's Sel - 130g","p":1.62,"u":"12,46 €/KG","img":"https://fd9-photos.leclercdrive.fr/image.ashx?id=2422881&use=l&cat=p&typeid=i","cat":284447},{"id":15194,"n":"Pineau des Charentes J. Gautret Blanc 17%vol. 75cl","p":8.64,"u":"11,52 €/L","img":"https://fd9-photos.leclercdrive.fr/image.ashx?id=1654314&use=l&cat=p&typeid=i","cat":284913},{"id":15256,"n":"Barre chocolat au lait Lion x6 barres - 252g","p":2.38,"u":"9,44 €/KG","img":"https://fd9-photos.leclercdrive.fr/image.ashx?id=2736991&use=l&cat=p&typeid=i","cat":284498},{"id":15305,"n":"Eau minérale Saint Antonin 6x1L","p":2.28,"u":"0,38 €/L","img":"https://fd9-photos.leclercdrive.fr/image.ashx?id=2653891&use=l&cat=p&typeid=i","cat":284535},{"id":15342,"n":"Chocolat Eco+ Noir - 5x100g","p":3.78,"u":"7,56 €/KG","img":"https://fd9-photos.leclercdrive.fr/image.ashx?id=2775460&use=l&cat=p&typeid=i","cat":284956},{"id":15431,"n":"Cappuccino nature  x10 stick - 140g","p":2.52,"u":"18,00 €/KG","img":"https://fd9-photos.leclercdrive.fr/image.ashx?id=2458055&use=l&cat=p&typeid=i","cat":284843},{"id":15453,"n":"Osso bucco de dinde Maître Coq Végétal - 800g","p":5.57,"u":"6,96 €/KG","img":"https://fd9-photos.leclercdrive.fr/image.ashx?id=2773418&use=l&cat=p&typeid=i","cat":284337},{"id":15492,"n":"AOC Muscadet blanc Botinière - 75 Cl","p":4.45,"u":"5,93 €/L","img":"https://fd9-photos.leclercdrive.fr/image.ashx?id=2476275&use=l&cat=p&typeid=i","cat":289557},{"id":15513,"n":"Gâteau cacao Oreo Lu Rouleaux Vanille - 154g","p":1.06,"u":"6,88 €/KG","img":"https://fd9-photos.leclercdrive.fr/image.ashx?id=3002282&use=l&cat=p&typeid=i","cat":284488},{"id":15542,"n":"Prépartion mirabelles NRT De Lorraine  - 315g","p":2.64,"u":"8,38 €/KG","img":"https://fd9-photos.leclercdrive.fr/image.ashx?id=2699795&use=l&cat=p&typeid=i","cat":284480},{"id":15544,"n":"Crackers Tokapi  Fromage et graines - 65g","p":1.34,"u":"20,62 €/KG","img":"https://fd9-photos.leclercdrive.fr/image.ashx?id=2075247&use=l&cat=p&typeid=i","cat":297000},{"id":15564,"n":"Chips paysannes Pom'lisse Nature - 150g","p":0.99,"u":"6,60 €/KG","img":"https://fd9-photos.leclercdrive.fr/image.ashx?id=2927854&use=l&cat=p&typeid=i","cat":284447},{"id":15592,"n":"Fromage enfant Ficello Nature à effilocher x8 - 168g","p":3.35,"u":"19,94 €/KG","img":"https://fd9-photos.leclercdrive.fr/image.ashx?id=2375376&use=l&cat=p&typeid=i","cat":314030},{"id":15594,"n":"Mozzarella tris Galbani 3x125g","p":3.66,"u":"9,76 €/KG","img":"https://fd9-photos.leclercdrive.fr/image.ashx?id=2838425&use=l&cat=p&typeid=i","cat":314026},{"id":15602,"n":"Bière La Goudale 7.2%vol. - 75cl","p":2.38,"u":"3,17 €/L","img":"https://fd9-photos.leclercdrive.fr/image.ashx?id=2830153&use=l&cat=p&typeid=i","cat":334852},{"id":15615,"n":"Multifruits Jafaden 100% Pur jus - 1,5L","p":1.99,"u":"1,33 €/L","img":"https://fd9-photos.leclercdrive.fr/image.ashx?id=2966650&use=l&cat=p&typeid=i","cat":284917},{"id":15626,"n":"Salade maxi Florette Laitue iceberg - 450g","p":2.79,"u":"6,20 €/KG","img":"https://fd9-photos.leclercdrive.fr/image.ashx?id=2090039&use=l&cat=p&typeid=i","cat":284353},{"id":15629,"n":"Salade maxi Florette Mâche - 200g","p":2.48,"u":"12,40 €/KG","img":"https://fd9-photos.leclercdrive.fr/image.ashx?id=2228849&use=l&cat=p&typeid=i","cat":284353},{"id":15647,"n":"Soupe Paysanne Légumes Knorr Déshydratée - Au lard - 97g","p":1.59,"u":"16,39 €/KG","img":"https://fd9-photos.leclercdrive.fr/image.ashx?id=2768870&use=l&cat=p&typeid=i","cat":284463},{"id":15741,"n":"Tampons Doulys Compact Super - x20","p":2.35,"u":"0,12 €/P","img":"https://fd9-photos.leclercdrive.fr/image.ashx?id=2965470&use=l&cat=p&typeid=i","cat":284626},{"id":15801,"n":"IGP Pays d'Oc rosé Cinsault Syrah Ormes de Cambras 12% 75cl","p":2.96,"u":"3,95 €/L","img":"https://fd9-photos.leclercdrive.fr/image.ashx?id=2105158&use=l&cat=p&typeid=i","cat":289558},{"id":15806,"n":"Boisson énergisante Red Bull Sans Sucres , 250ml","p":1.26,"u":"5,04 €/L","img":"https://fd9-photos.leclercdrive.fr/image.ashx?id=2551618&use=l&cat=p&typeid=i","cat":284533},{"id":15807,"n":"Boisson aux fruits Oasis Goût Pomme Cassis Framboise 2L","p":2.44,"u":"1,22 €/L","img":"https://fd9-photos.leclercdrive.fr/image.ashx?id=3014452&use=l&cat=p&typeid=i","cat":295018},{"id":15808,"n":"AOC Côtes du Rhône rosé Prestige Cellier Dauphins 75cl","p":3.46,"u":"4,61 €/L","img":"https://fd9-photos.leclercdrive.fr/image.ashx?id=2829988&use=l&cat=p&typeid=i","cat":289558},{"id":15821,"n":"Baume Soin lèvres Mixa Anti-dessèchement lot de 2","p":2.29,"u":"1,15 €/P","img":"https://fd9-photos.leclercdrive.fr/image.ashx?id=2425607&use=l&cat=p&typeid=i","cat":285485},{"id":15912,"n":"Mousse à raser Williams Peau sensible 200ml","p":1.91,"u":"9,55 €/L","img":"https://fd9-photos.leclercdrive.fr/image.ashx?id=2785976&use=l&cat=p&typeid=i","cat":284617},{"id":15969,"n":"Gel nettoyant canalisations  Destop Javel Agrumes - 750ml","p":2.61,"u":"3,48 €/L","img":"https://fd9-photos.leclercdrive.fr/image.ashx?id=2885956&use=l&cat=p&typeid=i","cat":284908},{"id":16020,"n":"Gambas ASC Pêche Océan Géantes tigrées 8/12pièces 400g","p":10.8,"u":"27,00 €/KG","img":"https://fd9-photos.leclercdrive.fr/image.ashx?id=2202754&use=l&cat=p&typeid=i","cat":319787},{"id":16031,"n":"Epinards en branches Bio Bio Village - 600g","p":1.65,"u":"2,75 €/KG","img":"https://fd9-photos.leclercdrive.fr/image.ashx?id=2891803&use=l&cat=p&typeid=i","cat":319805},{"id":16034,"n":"Petits pois Bio Bio Village Très fins - 600g","p":2.39,"u":"3,98 €/KG","img":"https://fd9-photos.leclercdrive.fr/image.ashx?id=2996021&use=l&cat=p&typeid=i","cat":319805},{"id":16043,"n":"Crevettes cuites Pêche Océan Décortiquées - MSC - 200g","p":3.49,"u":"17,45 €/KG","img":"https://fd9-photos.leclercdrive.fr/image.ashx?id=2478766&use=l&cat=p&typeid=i","cat":319787},{"id":16046,"n":"Fromage de chèvre Les Croisés Frais rond - 200g","p":1.89,"u":"9,45 €/KG","img":"https://fd9-photos.leclercdrive.fr/image.ashx?id=2983796&use=l&cat=p&typeid=i","cat":314031},{"id":16061,"n":"Sauce Tomates Barilla Basilic - 400g","p":1.65,"u":"4,13 €/KG","img":"https://fd9-photos.leclercdrive.fr/image.ashx?id=2832518&use=l&cat=p&typeid=i","cat":287599},{"id":16062,"n":"Sauce Pesto Genovese Barilla Au basilic frais - 190g","p":2.0,"u":"10,53 €/KG","img":"https://fd9-photos.leclercdrive.fr/image.ashx?id=2737585&use=l&cat=p&typeid=i","cat":287599},{"id":16063,"n":"Sauce Pesto Barilla Rosso - 200g","p":1.96,"u":"9,80 €/KG","img":"https://fd9-photos.leclercdrive.fr/image.ashx?id=2308348&use=l&cat=p&typeid=i","cat":287599},{"id":16065,"n":"Bouillon de boeuf Maggi 8 tablettes 80g","p":1.11,"u":"13,88 €/KG","img":"https://fd9-photos.leclercdrive.fr/image.ashx?id=2729932&use=l&cat=p&typeid=i","cat":288379},{"id":16074,"n":"Sauce Italienne à la viande Zapetti - 2x190g","p":2.29,"u":"6,03 €/KG","img":"https://fd9-photos.leclercdrive.fr/image.ashx?id=2579969&use=l&cat=p&typeid=i","cat":288384},{"id":16075,"n":"Sauce tomate cuisinée Zapetti - 2x190g","p":1.72,"u":"4,53 €/KG","img":"https://fd9-photos.leclercdrive.fr/image.ashx?id=2579972&use=l&cat=p&typeid=i","cat":288384},{"id":16076,"n":"Sauce Italienne Zapetti 3x95g","p":2.23,"u":"7,82 €/KG","img":"https://fd9-photos.leclercdrive.fr/image.ashx?id=2579978&use=l&cat=p&typeid=i","cat":288384},{"id":16094,"n":"Pansements bain Mercurochrome Bain 3 tailles x16","p":4.43,"u":"0,28 €/P","img":"https://fd9-photos.leclercdrive.fr/image.ashx?id=2663965&use=l&cat=p&typeid=i","cat":284630},{"id":16095,"n":"Spray anti-moustique Marie Rose 8h - 100ml","p":5.9,"u":"59,00 €/L","img":"https://fd9-photos.leclercdrive.fr/image.ashx?id=2666749&use=l&cat=p&typeid=i","cat":299654},{"id":16142,"n":"Eau de source de Montagne 6x1L","p":1.55,"u":"0,26 €/L","img":"https://fd9-photos.leclercdrive.fr/image.ashx?id=2597621&use=l&cat=p&typeid=i","cat":284535},{"id":16153,"n":"Biscuits petit déj Bio Village Bio Chocolat / Noisettes - 200g","p":2.08,"u":"10,40 €/KG","img":"https://fd9-photos.leclercdrive.fr/image.ashx?id=2371560&use=l&cat=p&typeid=i","cat":284491},{"id":16159,"n":"Brume d'eau pure Inell 400ml","p":1.65,"u":"4,13 €/L","img":"https://fd9-photos.leclercdrive.fr/image.ashx?id=806289&use=l&cat=p&typeid=i","cat":290295},{"id":16171,"n":"Riz Thaï Bio Village Bio - 500g","p":2.45,"u":"4,90 €/KG","img":"https://fd9-photos.leclercdrive.fr/image.ashx?id=2441510&use=l&cat=p&typeid=i","cat":284428},{"id":16172,"n":"Mini Barres chocolatées Lion x18 barres - 350g","p":4.09,"u":"11,69 €/KG","img":"https://fd9-photos.leclercdrive.fr/image.ashx?id=2925553&use=l&cat=p&typeid=i","cat":284498},{"id":16254,"n":"Câpres surfines Rustica Au vinaigre - 60g","p":1.23,"u":"20,50 €/KG","img":"https://fd9-photos.leclercdrive.fr/image.ashx?id=1677666&use=l&cat=p&typeid=i","cat":284458},{"id":16271,"n":"Maïs Géant Vert extra croquant sans résidu pesticides - 285g","p":1.01,"u":"3,54 €/KG","img":"https://fd9-photos.leclercdrive.fr/image.ashx?id=2754267&use=l&cat=p&typeid=i","cat":312611},{"id":16290,"n":"Tampons flash Spontex x2","p":1.6,"u":"0,80 €/P","img":"https://fd9-photos.leclercdrive.fr/image.ashx?id=2670875&use=l&cat=p&typeid=i","cat":284667},{"id":16303,"n":"Petits oignons Rustica Vinaigre doux - 190g","p":0.79,"u":"4,16 €/KG","img":"https://fd9-photos.leclercdrive.fr/image.ashx?id=2916683&use=l&cat=p&typeid=i","cat":284458},{"id":16317,"n":"Estragon Ducros 5g","p":0.8,"u":"160,00 €/KG","img":"https://fd9-photos.leclercdrive.fr/image.ashx?id=2486934&use=l&cat=p&typeid=i","cat":298297},{"id":16367,"n":"Vin rouge Domaine des Garennes Minervois 75cl 14.5% vol","p":12.64,"u":"16,85 €/L","img":"https://fd9-photos.leclercdrive.fr/image.ashx?id=2921855&use=l&cat=p&typeid=i","cat":289556},{"id":16429,"n":"Oeufs frais plein air Bio Bio village - x10","p":3.41,"u":"0,34 €/P","img":"https://fd9-photos.leclercdrive.fr/image.ashx?id=1520954&use=l&cat=p&typeid=i","cat":284378},{"id":16430,"n":"Lait de coco bio Jardin Bio Bio - 400ml","p":2.64,"u":"6,60 €/L","img":"https://fd9-photos.leclercdrive.fr/image.ashx?id=2790132&use=l&cat=p&typeid=i","cat":288992},{"id":16431,"n":"Raviolis bio boeuf Jardin Bio 72cl","p":3.82,"u":"5,31 €/L","img":"https://fd9-photos.leclercdrive.fr/image.ashx?id=2972469&use=l&cat=p&typeid=i","cat":284442},{"id":16432,"n":"Pâte brisée Bio  Bio village - 230g","p":1.99,"u":"8,65 €/KG","img":"https://fd9-photos.leclercdrive.fr/image.ashx?id=2969009&use=l&cat=p&typeid=i","cat":333681},{"id":16433,"n":"Pâte feuilletée Bio Bio village - 230g","p":1.65,"u":"7,17 €/KG","img":"https://fd9-photos.leclercdrive.fr/image.ashx?id=2274174&use=l&cat=p&typeid=i","cat":333681},{"id":16435,"n":"Tagliatelles fraîches Bio Bio village - 250g","p":1.39,"u":"5,56 €/KG","img":"https://fd9-photos.leclercdrive.fr/image.ashx?id=2875735&use=l&cat=p&typeid=i","cat":333682},{"id":16436,"n":"Pâtes torsades Bio Village Bio -  500g","p":0.85,"u":"1,70 €/KG","img":"https://fd9-photos.leclercdrive.fr/image.ashx?id=2625367&use=l&cat=p&typeid=i","cat":284427},{"id":16438,"n":"Riz long Bio Village Bio - 500g","p":1.94,"u":"3,88 €/KG","img":"https://fd9-photos.leclercdrive.fr/image.ashx?id=2582996&use=l&cat=p&typeid=i","cat":284428},{"id":16439,"n":"Riz Basmati Bio Village Bio - 500g","p":1.5,"u":"3,00 €/KG","img":"https://fd9-photos.leclercdrive.fr/image.ashx?id=795814&use=l&cat=p&typeid=i","cat":284428},{"id":16490,"n":"Yaourt nature 0% MG Bio Bio village - 4x125g","p":1.34,"u":"2,68 €/KG","img":"https://fd9-photos.leclercdrive.fr/image.ashx?id=2077427&use=l&cat=p&typeid=i","cat":315000},{"id":16491,"n":"Yaourts Lait brebis Bio Village Bio Vanille - 2x125g","p":1.89,"u":"7,56 €/KG","img":"https://fd9-photos.leclercdrive.fr/image.ashx?id=2646994&use=l&cat=p&typeid=i","cat":314998},{"id":16492,"n":"Légumes pour couscous bio Jardin Bio - 660g","p":2.48,"u":"3,44 €/L","img":"https://fd9-photos.leclercdrive.fr/image.ashx?id=2534887&use=l&cat=p&typeid=i","cat":312612},{"id":16493,"n":"Pâte à tartiner bio Jardin Bio Cacao noisettes - 350g","p":3.32,"u":"9,49 €/KG","img":"https://fd9-photos.leclercdrive.fr/image.ashx?id=2918844&use=l&cat=p&typeid=i","cat":284481},{"id":16520,"n":"Mayonnaise Eco+ Bocal - 470g","p":1.17,"u":"2,49 €/KG","img":"https://fd9-photos.leclercdrive.fr/image.ashx?id=2954322&use=l&cat=p&typeid=i","cat":298295},{"id":16521,"n":"Lait demi-écrémé Eco+ Brique UHT -  6x1L","p":5.52,"u":"0,92 €/L","img":"https://fd9-photos.leclercdrive.fr/image.ashx?id=2925955&use=l&cat=p&typeid=i","cat":284377},{"id":16522,"n":"Soufflés cacahuète Eco+ 100g","p":0.34,"u":"3,40 €/KG","img":"https://fd9-photos.leclercdrive.fr/image.ashx?id=2678785&use=l&cat=p&typeid=i","cat":284449},{"id":16524,"n":"Pâtes Eco+ Spaghetti - 1kg","p":1.02,"u":"1,02 €/KG","img":"https://fd9-photos.leclercdrive.fr/image.ashx?id=2757494&use=l&cat=p&typeid=i","cat":284427},{"id":16525,"n":"Purée de pommes de terre Eco+ Déshydratée 4x125g","p":1.39,"u":"2,78 €/KG","img":"https://fd9-photos.leclercdrive.fr/image.ashx?id=2929858&use=l&cat=p&typeid=i","cat":284431},{"id":16527,"n":"Bouillon déshydraté Eco+ Volaille - 12x10g","p":0.67,"u":"5,58 €/KG","img":"https://fd9-photos.leclercdrive.fr/image.ashx?id=1735897&use=l&cat=p&typeid=i","cat":288379},{"id":16528,"n":"Bouillon déshydraté Eco+ Boeuf - 12x10g","p":0.69,"u":"5,75 €/KG","img":"https://fd9-photos.leclercdrive.fr/image.ashx?id=1735894&use=l&cat=p&typeid=i","cat":288379},{"id":16536,"n":"Sucre Eco+ En morceaux - 1kg","p":1.33,"u":"1,33 €/KG","img":"https://fd9-photos.leclercdrive.fr/image.ashx?id=2702274&use=l&cat=p&typeid=i","cat":284502},{"id":16539,"n":"Pain d'épices Eco+ 470g","p":1.23,"u":"2,62 €/KG","img":"https://fd9-photos.leclercdrive.fr/image.ashx?id=769850&use=l&cat=p&typeid=i","cat":284493},{"id":16547,"n":"Barquette chiens Eco+ A la Volaille - 300g","p":0.52,"u":"1,73 €/KG","img":"https://fd9-photos.leclercdrive.fr/image.ashx?id=2052727&use=l&cat=p&typeid=i","cat":284673},{"id":16548,"n":"Barquette pour chats Eco+ Riche en volaille - 100g","p":0.24,"u":"2,40 €/KG","img":"https://fd9-photos.leclercdrive.fr/image.ashx?id=2992711&use=l&cat=p&typeid=i","cat":285286},{"id":16550,"n":"Limonade Eco+ 1,5L","p":0.38,"u":"0,25 €/L","img":"https://fd9-photos.leclercdrive.fr/image.ashx?id=2634842&use=l&cat=p&typeid=i","cat":284531},{"id":16552,"n":"Jus de pomme abc Eco+ 1L","p":0.85,"u":"0,85 €/L","img":"https://fd9-photos.leclercdrive.fr/image.ashx?id=2802269&use=l&cat=p&typeid=i","cat":284522},{"id":16558,"n":"Thé glacé pêche Eco  2L","p":1.35,"u":"0,68 €/L","img":"https://fd9-photos.leclercdrive.fr/image.ashx?id=2764955&use=l&cat=p&typeid=i","cat":295019},{"id":16560,"n":"Lingettes multi-usages Eco+ Citron x50","p":0.68,"img":"https://fd9-photos.leclercdrive.fr/image.ashx?id=2958675&use=l&cat=p&typeid=i","cat":325358},{"id":16561,"n":"Eau de javel Eco+ Bidon - 5L","p":1.13,"u":"0,23 €/L","img":"https://fd9-photos.leclercdrive.fr/image.ashx?id=797971&use=l&cat=p&typeid=i","cat":284661},{"id":16569,"n":"Mini pâté en croute Eco+ 450g","p":1.97,"u":"4,38 €/KG","img":"https://fd9-photos.leclercdrive.fr/image.ashx?id=2919583&use=l&cat=p&typeid=i","cat":316003},{"id":16570,"n":"Saucisse sèche droite Eco+ 250g","p":1.78,"u":"7,12 €/KG","img":"https://fd9-photos.leclercdrive.fr/image.ashx?id=2845137&use=l&cat=p&typeid=i","cat":316006},{"id":16571,"n":"Tagliatelles fraiches Eco+ 500g","p":1.4,"u":"2,80 €/KG","img":"https://fd9-photos.leclercdrive.fr/image.ashx?id=2751850&use=l&cat=p&typeid=i","cat":333682},{"id":16577,"n":"Crème sous pression Eco+ Crème légère et sucrée - 250g","p":1.69,"u":"6,76 €/KG","img":"https://fd9-photos.leclercdrive.fr/image.ashx?id=2856242&use=l&cat=p&typeid=i","cat":284382},{"id":16582,"n":"Pommes frites Eco+ 2,5kg","p":2.81,"u":"1,12 €/KG","img":"https://fd9-photos.leclercdrive.fr/image.ashx?id=2660523&use=l&cat=p&typeid=i","cat":319791},{"id":16583,"n":"Pommes rissolées surgelées Eco+ 1kg","p":1.11,"u":"1,11 €/KG","img":"https://fd9-photos.leclercdrive.fr/image.ashx?id=2085934&use=l&cat=p&typeid=i","cat":319792},{"id":16642,"n":"Génoises fourrées P'tit Déli Agrumes - 150g","p":1.09,"u":"7,27 €/KG","img":"https://fd9-photos.leclercdrive.fr/image.ashx?id=2482502&use=l&cat=p&typeid=i","cat":284489},{"id":16701,"n":"Bouchées RAFFAELLO Noix de coco Amandes - 180g","p":4.67,"u":"25,94 €/KG","img":"https://fd9-photos.leclercdrive.fr/image.ashx?id=2937857&use=l&cat=p&typeid=i","cat":327595},{"id":16737,"n":"Viande hachée 15% MG Férial 500g","p":8.99,"u":"17,98 €/KG","img":"https://fd9-photos.leclercdrive.fr/image.ashx?id=2904013&use=l&cat=p&typeid=i","cat":284332},{"id":16741,"n":"Viande hachée 5% MG Férial 350g","p":7.5,"u":"21,43 €/KG","img":"https://fd9-photos.leclercdrive.fr/image.ashx?id=2904010&use=l&cat=p&typeid=i","cat":284332},{"id":16767,"n":"Steak haché Férial  5%mg - 400g","p":7.59,"u":"18,98 €/KG","img":"https://fd9-photos.leclercdrive.fr/image.ashx?id=2598722&use=l&cat=p&typeid=i","cat":284332},{"id":16783,"n":"AOP Saumur brut Les Caractères - 75cl","p":4.49,"u":"5,99 €/L","img":"https://fd9-photos.leclercdrive.fr/image.ashx?id=2895774&use=l&cat=p&typeid=i","cat":284544},{"id":16803,"n":"AOC Champagne Président Germain Brut - 75cl","p":24.9,"u":"33,20 €/L","img":"https://fd9-photos.leclercdrive.fr/image.ashx?id=1567645&use=l&cat=p&typeid=i","cat":284542},{"id":16829,"n":"Fusilli Côté Snack Pâtes 4 fromages - 300g","p":1.89,"u":"6,30 €/KG","img":"https://fd9-photos.leclercdrive.fr/image.ashx?id=2748726&use=l&cat=p&typeid=i","cat":334983},{"id":16841,"n":"Génoises fourrées P'tit Déli Framboise cassis - 150g","p":1.06,"u":"7,07 €/KG","img":"https://fd9-photos.leclercdrive.fr/image.ashx?id=2473981&use=l&cat=p&typeid=i","cat":284489},{"id":16842,"n":"Spéculoos P'tit Déli 2x250g","p":1.47,"u":"2,94 €/KG","img":"https://fd9-photos.leclercdrive.fr/image.ashx?id=2046364&use=l&cat=p&typeid=i","cat":284487},{"id":16847,"n":"Chewing-gum Freedent white Menthe douce 70g","p":2.15,"u":"30,71 €/KG","img":"https://fd9-photos.leclercdrive.fr/image.ashx?id=2237289&use=l&cat=p&typeid=i","cat":304251},{"id":16848,"n":"Chewing gum Freedent white Menthe verte 70g","p":2.11,"u":"30,14 €/KG","img":"https://fd9-photos.leclercdrive.fr/image.ashx?id=2355899&use=l&cat=p&typeid=i","cat":304251},{"id":16849,"n":"Chewing-gum Freedent white Menthe forte 70g","p":2.11,"u":"30,14 €/KG","img":"https://fd9-photos.leclercdrive.fr/image.ashx?id=2237292&use=l&cat=p&typeid=i","cat":304251},{"id":16916,"n":"Croquette Tous Mes Amis Vitalité - viande de boeuf 10kg","p":12.99,"u":"1,30 €/KG","img":"https://fd9-photos.leclercdrive.fr/image.ashx?id=2078635&use=l&cat=p&typeid=i","cat":284672},{"id":16920,"n":"Coeurs d'artichaut Notre Jardin 240g","p":2.49,"u":"10,38 €/KG","img":"https://fd9-photos.leclercdrive.fr/image.ashx?id=2501994&use=l&cat=p&typeid=i","cat":312611},{"id":16953,"n":"Riz long blanc - Riz Du Monde Parfumé - 5kg","p":9.43,"u":"1,89 €/KG","img":"https://fd9-photos.leclercdrive.fr/image.ashx?id=2250582&use=l&cat=p&typeid=i","cat":288992},{"id":16965,"n":"Harissa Phare du Cap Bon Tube - 70g","p":0.66,"u":"9,43 €/KG","img":"https://fd9-photos.leclercdrive.fr/image.ashx?id=2660946&use=l&cat=p&typeid=i","cat":289013},{"id":16996,"n":"Liquide de rinçage Visior Lave-vaisselle - 750ml","p":0.89,"u":"1,19 €/L","img":"https://fd9-photos.leclercdrive.fr/image.ashx?id=2874377&use=l&cat=p&typeid=i","cat":284657},{"id":17014,"n":"Fromage apéritif Apéricube Sélection festive 48 cubes","p":4.17,"u":"16,68 €/KG","img":"https://fd9-photos.leclercdrive.fr/image.ashx?id=2882665&use=l&cat=p&typeid=i","cat":314027},{"id":17036,"n":"Mouchoirs blancs 3 plis Caresse Boîte mouchoirs papier x90","p":1.04,"u":"0,01 €/P","img":"https://fd9-photos.leclercdrive.fr/image.ashx?id=2777915&use=l&cat=p&typeid=i","cat":284638},{"id":17037,"n":"Rasoir Carré Homme 5 lames - x1","p":4.69,"img":"https://fd9-photos.leclercdrive.fr/image.ashx?id=2704657&use=l&cat=p&typeid=i","cat":284616},{"id":17104,"n":"Tuiles Tokapi  Nature - 170g","p":1.35,"u":"7,94 €/KG","img":"https://fd9-photos.leclercdrive.fr/image.ashx?id=2632849&use=l&cat=p&typeid=i","cat":287899},{"id":17105,"n":"Chips Tuiles Tokapi Crème oignon - 170g","p":1.35,"u":"7,94 €/KG","img":"https://fd9-photos.leclercdrive.fr/image.ashx?id=2643375&use=l&cat=p&typeid=i","cat":287899},{"id":17108,"n":"Brume d'eau pure Inell 150ml","p":1.25,"u":"8,33 €/L","img":"https://fd9-photos.leclercdrive.fr/image.ashx?id=2712980&use=l&cat=p&typeid=i","cat":290295},{"id":17112,"n":"Limonade Bio village Bio - 1L","p":0.96,"u":"0,96 €/L","img":"https://fd9-photos.leclercdrive.fr/image.ashx?id=2632900&use=l&cat=p&typeid=i","cat":284531},{"id":17113,"n":"Cidre bouché Bio village Bio 4% vol - 75cl","p":2.29,"u":"3,05 €/L","img":"https://fd9-photos.leclercdrive.fr/image.ashx?id=2907255&use=l&cat=p&typeid=i","cat":334880},{"id":17189,"n":"Biscuit petit dej P'tit Déli Miel/pépites chocolat - 400g","p":2.15,"u":"5,38 €/KG","img":"https://fd9-photos.leclercdrive.fr/image.ashx?id=2999502&use=l&cat=p&typeid=i","cat":284491},{"id":17218,"n":"Tétines silicone Mots D'enfants + 6 mois bout rond x2","p":1.45,"u":"0,73 €/P","img":"https://fd9-photos.leclercdrive.fr/image.ashx?id=597566&use=l&cat=p&typeid=i","cat":284743},{"id":17220,"n":"Nettoyant spray Clair Anti-calcaire 750ml","p":0.96,"u":"1,28 €/L","img":"https://fd9-photos.leclercdrive.fr/image.ashx?id=2882316&use=l&cat=p&typeid=i","cat":325362},{"id":17223,"n":"Mouchoirs blancs 3 plis Caresse Boîte déco décor aléatoire x70","p":1.52,"u":"0,02 €/P","img":"https://fd9-photos.leclercdrive.fr/image.ashx?id=2812548&use=l&cat=p&typeid=i","cat":284638},{"id":17287,"n":"Pâtes Alpina Savoie Nouilles Savoisiennes - 500g","p":1.24,"u":"2,48 €/KG","img":"https://fd9-photos.leclercdrive.fr/image.ashx?id=2789850&use=l&cat=p&typeid=i","cat":284427},{"id":17290,"n":"Pâtes Alpina Avoine - 500g","p":1.57,"u":"3,14 €/KG","img":"https://fd9-photos.leclercdrive.fr/image.ashx?id=2789856&use=l&cat=p&typeid=i","cat":284427},{"id":17293,"n":"Génoise mix milk Balconi Pâtissier x10 280g","p":1.88,"u":"10,44 €/KG","img":"https://fd9-photos.leclercdrive.fr/image.ashx?id=2878411&use=l&cat=p&typeid=i","cat":284495},{"id":17294,"n":"Pâtes crozets nature Alpina 400g","p":2.83,"u":"7,08 €/KG","img":"https://fd9-photos.leclercdrive.fr/image.ashx?id=2795072&use=l&cat=p&typeid=i","cat":284427},{"id":17295,"n":"Pâtes crozets Alpina Savoie Au sarrasin - 400g","p":2.94,"u":"7,35 €/KG","img":"https://fd9-photos.leclercdrive.fr/image.ashx?id=2795075&use=l&cat=p&typeid=i","cat":284427},{"id":17298,"n":"Mini roulés Rollkao Cacao x6 222g","p":1.38,"u":"6,22 €/KG","img":"https://fd9-photos.leclercdrive.fr/image.ashx?id=2924854&use=l&cat=p&typeid=i","cat":284495},{"id":17303,"n":"Gros sel de mer iodé Baleine 1kg","p":0.64,"u":"0,64 €/KG","img":"https://fd9-photos.leclercdrive.fr/image.ashx?id=2788526&use=l&cat=p&typeid=i","cat":284457},{"id":17362,"n":"Moules ASC Pêche Océan Décortiquées - 500g","p":3.38,"u":"6,76 €/KG","img":"https://fd9-photos.leclercdrive.fr/image.ashx?id=2835023&use=l&cat=p&typeid=i","cat":319787},{"id":17380,"n":"Gants fins latex Mapa Douceur satiné taille M - x10","p":2.68,"u":"0,27 €/P","img":"https://fd9-photos.leclercdrive.fr/image.ashx?id=2592504&use=l&cat=p&typeid=i","cat":284668},{"id":17383,"n":"Gants ultra-résistants Mapa Taille L - x2","p":1.85,"u":"0,93 €/P","img":"https://fd9-photos.leclercdrive.fr/image.ashx?id=2732437&use=l&cat=p&typeid=i","cat":284668},{"id":17389,"n":"Biscuits dorés extra P'tit Déli 2x150g","p":1.19,"u":"3,97 €/KG","img":"https://fd9-photos.leclercdrive.fr/image.ashx?id=778210&use=l&cat=p&typeid=i","cat":284487},{"id":17390,"n":"Tampon à récurer Mamison x3","p":0.68,"u":"0,23 €/P","img":"https://fd9-photos.leclercdrive.fr/image.ashx?id=2216957&use=l&cat=p&typeid=i","cat":284667},{"id":17392,"n":"Mouchoirs blanc 4 plis Univert Etuis x15 - Ecolabel","p":1.95,"u":"0,13 €/P","img":"https://fd9-photos.leclercdrive.fr/image.ashx?id=2549951&use=l&cat=p&typeid=i","cat":284638},{"id":17410,"n":"Gel anticalcaire Texil 750ml","p":2.59,"u":"3,45 €/L","img":"https://fd9-photos.leclercdrive.fr/image.ashx?id=2988939&use=l&cat=p&typeid=i","cat":284653},{"id":17413,"n":"Sacs congélation zip Elembal Petit modèle x25","p":1.45,"u":"0,06 €/P","img":"https://fd9-photos.leclercdrive.fr/image.ashx?id=2751883&use=l&cat=p&typeid=i","cat":334134},{"id":17414,"n":"Activateur de lavage Textil Spécial blanc 10 tablettes","p":2.1,"u":"9,33 €/KG","img":"https://fd9-photos.leclercdrive.fr/image.ashx?id=2964565&use=l&cat=p&typeid=i","cat":284651},{"id":17422,"n":"IGP Pays d'Oc Syrah vin rouge Vieux Carion -75 cl","p":2.25,"u":"3,00 €/L","img":"https://fd9-photos.leclercdrive.fr/image.ashx?id=2231199&use=l&cat=p&typeid=i","cat":289556},{"id":17425,"n":"Fromage blanc Délisse Vanille 2,5%MG - 8x100g","p":2.82,"u":"3,53 €/KG","img":"https://fd9-photos.leclercdrive.fr/image.ashx?id=3012827&use=l&cat=p&typeid=i","cat":284409},{"id":17469,"n":"Biscuits P'tit Déli Bâtonnets Chocolat blanc 150g","p":1.7,"u":"11,33 €/KG","img":"https://fd9-photos.leclercdrive.fr/image.ashx?id=2470195&use=l&cat=p&typeid=i","cat":284488},{"id":17471,"n":"Olives vertes Barral Dénoyautées Bocal 160g","p":1.65,"u":"10,31 €/KG","img":"https://fd9-photos.leclercdrive.fr/image.ashx?id=2730943&use=l&cat=p&typeid=i","cat":284458},{"id":17476,"n":"Boudins noirs aux oignons Tradilège x3 - 375g","p":2.65,"u":"7,07 €/KG","img":"https://fd9-photos.leclercdrive.fr/image.ashx?id=1540488&use=l&cat=p&typeid=i","cat":316012},{"id":17498,"n":"Mini toasts grillés Roger 150g","p":2.06,"u":"13,73 €/KG","img":"https://fd9-photos.leclercdrive.fr/image.ashx?id=1930632&use=l&cat=p&typeid=i","cat":297000},{"id":17571,"n":"Crème entière fluide UHT Délisse - Brique 30%mg - 1L","p":4.25,"u":"4,25 €/L","img":"https://fd9-photos.leclercdrive.fr/image.ashx?id=2509980&use=l&cat=p&typeid=i","cat":284381},{"id":17584,"n":"Dissolvant Maybelline New York Manucure Express - 125ml","p":3.28,"u":"26,24 €/L","img":"https://fd9-photos.leclercdrive.fr/image.ashx?id=2348367&use=l&cat=p&typeid=i","cat":325347},{"id":17625,"n":"Bûche glacée Eskiss Fruits rouges et biscuit - 564g","p":3.7,"u":"6,56 €/KG","img":"https://fd9-photos.leclercdrive.fr/image.ashx?id=2459156&use=l&cat=p&typeid=i","cat":284266},{"id":17627,"n":"Mini bûches glacées Eskiss Assortiment - 311g","p":2.29,"u":"7,36 €/KG","img":"https://fd9-photos.leclercdrive.fr/image.ashx?id=2791263&use=l&cat=p&typeid=i","cat":284266},{"id":17645,"n":"Whisky Jameson 40%vol - 1L","p":27.58,"u":"27,58 €/L","img":"https://fd9-photos.leclercdrive.fr/image.ashx?id=2880922&use=l&cat=p&typeid=i","cat":284547},{"id":17653,"n":"Fromage apéritif Apéricube Best of des saveurs 48 cubes","p":4.17,"u":"16,68 €/KG","img":"https://fd9-photos.leclercdrive.fr/image.ashx?id=2882662&use=l&cat=p&typeid=i","cat":314027},{"id":17694,"n":"Couches bébé Mots d'Enfants T4+ Ultra confort - 9/20kg - x144","p":20.66,"u":"0,14 €/P","img":"https://fd9-photos.leclercdrive.fr/image.ashx?id=2689426&use=l&cat=p&typeid=i","cat":284737},{"id":17709,"n":"Sauce au poivre Knorr A la crème fraiche - 30cl","p":1.37,"u":"4,57 €/L","img":"https://fd9-photos.leclercdrive.fr/image.ashx?id=2985096&use=l&cat=p&typeid=i","cat":288381},{"id":17710,"n":"Sauce Hollandaise Knorr Au jus de citron - 30cl","p":1.66,"u":"5,53 €/L","img":"https://fd9-photos.leclercdrive.fr/image.ashx?id=2985099&use=l&cat=p&typeid=i","cat":288381},{"id":17754,"n":"Flageolets Cassegrain - 2x265g","p":2.85,"u":"5,38 €/KG","img":"https://fd9-photos.leclercdrive.fr/image.ashx?id=2983090&use=l&cat=p&typeid=i","cat":312606},{"id":17767,"n":"Gambas entières Pêche Océan ASC - 400g","p":8.99,"u":"22,48 €/KG","img":"https://fd9-photos.leclercdrive.fr/image.ashx?id=2147091&use=l&cat=p&typeid=i","cat":319787},{"id":17768,"n":"Boudins blancs au porto Tradilège x3 - 375g","p":3.89,"u":"10,37 €/KG","img":"https://fd9-photos.leclercdrive.fr/image.ashx?id=2252040&use=l&cat=p&typeid=i","cat":316012},{"id":17783,"n":"Chocolats Ferrero Rocher x24 pralines - 300g","p":9.95,"u":"33,17 €/KG","img":"https://fd9-photos.leclercdrive.fr/image.ashx?id=2944999&use=l&cat=p&typeid=i","cat":327600},{"id":17813,"n":"Détachant Texil avant lavage 500ml","p":1.75,"u":"3,50 €/L","img":"https://fd9-photos.leclercdrive.fr/image.ashx?id=2958708&use=l&cat=p&typeid=i","cat":284651},{"id":17845,"n":"Saumon crème fraîche Marie Fondue poireaux 400g","p":5.4,"u":"13,50 €/KG","img":"https://fd9-photos.leclercdrive.fr/image.ashx?id=2996785&use=l&cat=p&typeid=i","cat":319786},{"id":17899,"n":"Knacks pur porc Tradilège Fumées au bois x10 - 350g","p":1.52,"u":"4,34 €/KG","img":"https://fd9-photos.leclercdrive.fr/image.ashx?id=2448321&use=l&cat=p&typeid=i","cat":316012},{"id":17901,"n":"Macaroni d'Alsace NRT 250g","p":1.39,"u":"5,56 €/KG","img":"https://fd9-photos.leclercdrive.fr/image.ashx?id=2839989&use=l&cat=p&typeid=i","cat":284427},{"id":17931,"n":"Soupe Crème de potiron Knorr Déshydratée - 1L","p":1.55,"u":"1,55 €/L","img":"https://fd9-photos.leclercdrive.fr/image.ashx?id=2790813&use=l&cat=p&typeid=i","cat":284463},{"id":17932,"n":"Soupe forestière Knorr Déshydratée - 750ml","p":1.02,"u":"1,36 €/L","img":"https://fd9-photos.leclercdrive.fr/image.ashx?id=2790810&use=l&cat=p&typeid=i","cat":284463},{"id":18000,"n":"Lait céréales Blédidej 12 mois Chocolat biscuité - 4x250ml","p":3.65,"u":"3,65 €/L","img":"https://fd9-photos.leclercdrive.fr/image.ashx?id=2921028&use=l&cat=p&typeid=i","cat":312226},{"id":18001,"n":"Lait céréales Blédidej 6 mois Briochée - 4x250ml","p":3.71,"u":"3,71 €/L","img":"https://fd9-photos.leclercdrive.fr/image.ashx?id=2921049&use=l&cat=p&typeid=i","cat":312226},{"id":18002,"n":"Lait céréales Blédidej 12 mois Biscuité vanille - 4x250ml","p":3.32,"u":"3,32 €/L","img":"https://fd9-photos.leclercdrive.fr/image.ashx?id=2921034&use=l&cat=p&typeid=i","cat":312226},{"id":18003,"n":"Lait céréales Blédidej 12 mois Vanille chocolat - 4x250ml","p":3.54,"u":"3,54 €/L","img":"https://fd9-photos.leclercdrive.fr/image.ashx?id=2921031&use=l&cat=p&typeid=i","cat":312226},{"id":18004,"n":"Lait céréales Blédidej 6 mois Cacao - 4x250ml","p":3.39,"u":"3,39 €/L","img":"https://fd9-photos.leclercdrive.fr/image.ashx?id=2921037&use=l&cat=p&typeid=i","cat":312226},{"id":18066,"n":"Nouilles chinoises Suzi Wan En nid - 250g","p":1.68,"u":"6,72 €/KG","img":"https://fd9-photos.leclercdrive.fr/image.ashx?id=2886253&use=l&cat=p&typeid=i","cat":288992},{"id":18070,"n":"Fromage frais bio Bio Village Fruits panachés - 12x50g","p":2.76,"u":"4,60 €/KG","img":"https://fd9-photos.leclercdrive.fr/image.ashx?id=2992630&use=l&cat=p&typeid=i","cat":284409},{"id":18090,"n":"Alcool ménager Mieuxa Vanille 1L","p":4.08,"u":"4,08 €/L","img":"https://fd9-photos.leclercdrive.fr/image.ashx?id=2446023&use=l&cat=p&typeid=i","cat":300576},{"id":18091,"n":"Alcool ménager Mieuxa Citron 1L","p":4.08,"u":"4,08 €/L","img":"https://fd9-photos.leclercdrive.fr/image.ashx?id=2277038&use=l&cat=p&typeid=i","cat":300576},{"id":18096,"n":"Plat bébé Blédina 8 mois  Légumes saumon - 2x200g","p":2.58,"u":"6,45 €/KG","img":"https://fd9-photos.leclercdrive.fr/image.ashx?id=2975059&use=l&cat=p&typeid=i","cat":312236},{"id":18100,"n":"Lait céréales bébé Blédiner 12m Légumes soir - 2x250ml","p":1.87,"u":"3,74 €/L","img":"https://fd9-photos.leclercdrive.fr/image.ashx?id=2960144&use=l&cat=p&typeid=i","cat":312239},{"id":18123,"n":"Barres Copains Copines x16 - 200g","p":2.25,"u":"11,25 €/KG","img":"https://fd9-photos.leclercdrive.fr/image.ashx?id=2867335&use=l&cat=p&typeid=i","cat":284498},{"id":18124,"n":"Pêche poire cerise  Douceur du Verger - 4x70g","p":2.79,"u":"9,96 €/KG","img":"https://fd9-photos.leclercdrive.fr/image.ashx?id=2149378&use=l&cat=p&typeid=i","cat":284507},{"id":18207,"n":"Lingettes démaquillantes Inell x25","p":1.34,"u":"0,05 €/P","img":"https://fd9-photos.leclercdrive.fr/image.ashx?id=2769579&use=l&cat=p&typeid=i","cat":284603},{"id":18208,"n":"Lingettes démaquillantes Inell x25","p":1.34,"u":"0,05 €/P","img":"https://fd9-photos.leclercdrive.fr/image.ashx?id=2752622&use=l&cat=p&typeid=i","cat":284603},{"id":18218,"n":"Chipolatas Férial x6 - 330g","p":3.49,"u":"10,58 €/KG","img":"https://fd9-photos.leclercdrive.fr/image.ashx?id=2837096&use=l&cat=p&typeid=i","cat":284334},{"id":18219,"n":"Merguez Férial x6 - 330g","p":4.19,"u":"12,70 €/KG","img":"https://fd9-photos.leclercdrive.fr/image.ashx?id=2840019&use=l&cat=p&typeid=i","cat":284334},{"id":18221,"n":"Lardons supérieurs Tradilège Nature - 2x100g","p":1.85,"u":"9,25 €/KG","img":"https://fd9-photos.leclercdrive.fr/image.ashx?id=2933340&use=l&cat=p&typeid=i","cat":316011},{"id":18223,"n":"Lardons supérieurs Tradilège Fumés - 2x100g","p":1.85,"u":"9,25 €/KG","img":"https://fd9-photos.leclercdrive.fr/image.ashx?id=2933343&use=l&cat=p&typeid=i","cat":316011},{"id":18224,"n":"Allumettes Tradilège Nature - 2x100g","p":1.75,"u":"8,75 €/KG","img":"https://fd9-photos.leclercdrive.fr/image.ashx?id=2933349&use=l&cat=p&typeid=i","cat":316011},{"id":18225,"n":"Allumettes Tradilège Fumées - 2x100g","p":1.75,"u":"8,75 €/KG","img":"https://fd9-photos.leclercdrive.fr/image.ashx?id=2933346&use=l&cat=p&typeid=i","cat":316011},{"id":18227,"n":"Lardons supérieurs Tradilège Nature - 160g","p":1.5,"u":"9,38 €/KG","img":"https://fd9-photos.leclercdrive.fr/image.ashx?id=2751949&use=l&cat=p&typeid=i","cat":316011},{"id":18230,"n":"Lardons supérieurs Tradilège Fumés - 160g","p":1.5,"u":"9,38 €/KG","img":"https://fd9-photos.leclercdrive.fr/image.ashx?id=2816636&use=l&cat=p&typeid=i","cat":316011},{"id":18231,"n":"Poitrine fumée Tradilège 4 tranches 300 gr","p":4.65,"u":"15,50 €/KG","img":"https://fd9-photos.leclercdrive.fr/image.ashx?id=2852273&use=l&cat=p&typeid=i","cat":316011},{"id":18233,"n":"Poitrine Fumée Tradilège Tranches fines - 2x7T - 200g","p":2.48,"u":"12,40 €/KG","img":"https://fd9-photos.leclercdrive.fr/image.ashx?id=2852267&use=l&cat=p&typeid=i","cat":316011},{"id":18234,"n":"Jambon blanc Tradilège A l'italienne 4 tranches 120g","p":2.19,"u":"18,25 €/KG","img":"https://fd9-photos.leclercdrive.fr/image.ashx?id=2437079&use=l&cat=p&typeid=i","cat":316009},{"id":18235,"n":"Mousse de foie Tradilège Supérieure 180g","p":1.24,"u":"6,89 €/KG","img":"https://fd9-photos.leclercdrive.fr/image.ashx?id=2693147&use=l&cat=p&typeid=i","cat":316008},{"id":18236,"n":"Mousse de foie Tradilège 2x50g","p":0.99,"u":"9,90 €/KG","img":"https://fd9-photos.leclercdrive.fr/image.ashx?id=2930736&use=l&cat=p&typeid=i","cat":316008},{"id":18238,"n":"Mousse de canard Tradilège 180g","p":1.16,"u":"6,44 €/KG","img":"https://fd9-photos.leclercdrive.fr/image.ashx?id=2994360&use=l&cat=p&typeid=i","cat":316008},{"id":18240,"n":"Mousse de canard Tradilège 2x50g","p":1.09,"u":"10,90 €/KG","img":"https://fd9-photos.leclercdrive.fr/image.ashx?id=2840404&use=l&cat=p&typeid=i","cat":316008},{"id":18241,"n":"Pâté de campagne Tradilège Supérieur 180g","p":1.25,"u":"6,94 €/KG","img":"https://fd9-photos.leclercdrive.fr/image.ashx?id=2844848&use=l&cat=p&typeid=i","cat":316008},{"id":18245,"n":"Rillettes du Mans Tradilège 220g","p":1.45,"u":"6,59 €/KG","img":"https://fd9-photos.leclercdrive.fr/image.ashx?id=2548124&use=l&cat=p&typeid=i","cat":316008},{"id":18250,"n":"Saucisses Francfort Tradilège x4 240g","p":2.07,"u":"8,63 €/KG","img":"https://fd9-photos.leclercdrive.fr/image.ashx?id=2905955&use=l&cat=p&typeid=i","cat":316012},{"id":18251,"n":"Knacks Tradilège Fumées au bois - x4 - 140g","p":1.05,"u":"7,50 €/KG","img":"https://fd9-photos.leclercdrive.fr/image.ashx?id=2930739&use=l&cat=p&typeid=i","cat":316012},{"id":18252,"n":"Knacks Tradilège Fumées au bois - x6 - 210g","p":1.38,"u":"6,57 €/KG","img":"https://fd9-photos.leclercdrive.fr/image.ashx?id=2448318&use=l&cat=p&typeid=i","cat":316012},{"id":18257,"n":"Saucisses Cocktail Tradilège 400g","p":2.82,"u":"7,05 €/KG","img":"https://fd9-photos.leclercdrive.fr/image.ashx?id=2659082&use=l&cat=p&typeid=i","cat":316012},{"id":18260,"n":"Saucisson à l'ail Tradilège Nature - 300g","p":2.55,"u":"8,50 €/KG","img":"https://fd9-photos.leclercdrive.fr/image.ashx?id=2930745&use=l&cat=p&typeid=i","cat":316006},{"id":18263,"n":"Andouillettes Tradilège Nature x3 420g","p":4.09,"u":"9,74 €/KG","img":"https://fd9-photos.leclercdrive.fr/image.ashx?id=2728282&use=l&cat=p&typeid=i","cat":316012},{"id":18266,"n":"Dés de jambon Tradilège 2x75g","p":1.49,"u":"9,93 €/KG","img":"https://fd9-photos.leclercdrive.fr/image.ashx?id=2925732&use=l&cat=p&typeid=i","cat":316011},{"id":18272,"n":"Mini Boudins Noirs Antillais Tradilège x6 - 375g","p":4.0,"u":"10,67 €/KG","img":"https://fd9-photos.leclercdrive.fr/image.ashx?id=2852276&use=l&cat=p&typeid=i","cat":316012},{"id":18279,"n":"Dés de poulet Tradilège 2x75g","p":2.82,"u":"18,80 €/KG","img":"https://fd9-photos.leclercdrive.fr/image.ashx?id=2984185&use=l&cat=p&typeid=i","cat":316011},{"id":18281,"n":"Beignets Chocolat Noisette  4 p","p":1.99,"u":"0,50 €/P","img":"https://fd9-photos.leclercdrive.fr/image.ashx?id=2070992&use=l&cat=p&typeid=i","cat":284984},{"id":18287,"n":"Céréales Extra Kellogg's Chocolat au lait - 500g","p":3.13,"u":"6,26 €/KG","img":"https://fd9-photos.leclercdrive.fr/image.ashx?id=2692707&use=l&cat=p&typeid=i","cat":309512},{"id":18347,"n":"Porc : Paupiette Férial x6 780g","p":7.78,"u":"9,97 €/KG","img":"https://fd9-photos.leclercdrive.fr/image.ashx?id=2852291&use=l&cat=p&typeid=i","cat":284331},{"id":18352,"n":"Chouquettes x20  180g","p":3.9,"u":"21,67 €/KG","img":"https://fd9-photos.leclercdrive.fr/image.ashx?id=2070995&use=l&cat=p&typeid=i","cat":284984},{"id":18353,"n":"Mini viennoiseries 12p","p":3.69,"u":"0,31 €/P","img":"https://fd9-photos.leclercdrive.fr/image.ashx?id=599241&use=l&cat=p&typeid=i","cat":284984},{"id":18362,"n":"Biscuit bébé Blédina 10 mois Boudoir - 120g","p":1.89,"u":"15,75 €/KG","img":"https://fd9-photos.leclercdrive.fr/image.ashx?id=2801114&use=l&cat=p&typeid=i","cat":312227},{"id":18363,"n":"Pots bébé bio Babybio Maïs poulet - 8 mois - 2x200g","p":2.75,"u":"6,88 €/KG","img":"https://fd9-photos.leclercdrive.fr/image.ashx?id=2827461&use=l&cat=p&typeid=i","cat":312236},{"id":18364,"n":"Haricots rouges D'aucy  250g","p":1.19,"u":"4,76 €/KG","img":"https://fd9-photos.leclercdrive.fr/image.ashx?id=2538434&use=l&cat=p&typeid=i","cat":312606},{"id":18374,"n":"Petits pois d'aucy  Extra-fins - 280g","p":1.11,"u":"3,96 €/KG","img":"https://fd9-photos.leclercdrive.fr/image.ashx?id=2503434&use=l&cat=p&typeid=i","cat":312607},{"id":18375,"n":"Petits pois carottes d''Aucy Extra fins - 265g","p":0.98,"u":"3,70 €/KG","img":"https://fd9-photos.leclercdrive.fr/image.ashx?id=2475324&use=l&cat=p&typeid=i","cat":312607},{"id":18384,"n":"Fagot bouquet garni Ducros 17g","p":2.32,"u":"136,47 €/KG","img":"https://fd9-photos.leclercdrive.fr/image.ashx?id=2326667&use=l&cat=p&typeid=i","cat":298297},{"id":18389,"n":"Poivre Ducros Spécial moulin - 100g","p":4.17,"u":"41,70 €/KG","img":"https://fd9-photos.leclercdrive.fr/image.ashx?id=2559439&use=l&cat=p&typeid=i","cat":284457},{"id":18392,"n":"Paprika doux moulu Ducros 40g","p":2.0,"u":"50,00 €/KG","img":"https://fd9-photos.leclercdrive.fr/image.ashx?id=2854414&use=l&cat=p&typeid=i","cat":298297},{"id":18393,"n":"Persil Ducros 17g","p":1.83,"u":"107,65 €/KG","img":"https://fd9-photos.leclercdrive.fr/image.ashx?id=2559436&use=l&cat=p&typeid=i","cat":298297},{"id":18394,"n":"Persil Ducros 30g","p":3.56,"u":"118,67 €/KG","img":"https://fd9-photos.leclercdrive.fr/image.ashx?id=2486554&use=l&cat=p&typeid=i","cat":298297},{"id":18398,"n":"Piment doux moulu Ducros 40g","p":2.04,"u":"51,00 €/KG","img":"https://fd9-photos.leclercdrive.fr/image.ashx?id=2490494&use=l&cat=p&typeid=i","cat":298297},{"id":18399,"n":"Poivre gris moulu Ducros 2x18g","p":2.09,"u":"58,06 €/KG","img":"https://fd9-photos.leclercdrive.fr/image.ashx?id=2759454&use=l&cat=p&typeid=i","cat":298297},{"id":18403,"n":"Poivre saveur et épices Ducros Moulin - 30g","p":2.78,"u":"92,67 €/KG","img":"https://fd9-photos.leclercdrive.fr/image.ashx?id=2353698&use=l&cat=p&typeid=i","cat":284457},{"id":18404,"n":"Safran moulu Ducros 4 doses - 0.4g","p":4.39,"img":"https://fd9-photos.leclercdrive.fr/image.ashx?id=2580490&use=l&cat=p&typeid=i","cat":298297},{"id":18408,"n":"Thon entier Pêche Océan Naturel - 140g","p":1.9,"u":"13,57 €/KG","img":"https://fd9-photos.leclercdrive.fr/image.ashx?id=2942187&use=l&cat=p&typeid=i","cat":303867},{"id":18409,"n":"Thon entier Pêche Océan Naturel - 93g","p":1.39,"u":"14,95 €/KG","img":"https://fd9-photos.leclercdrive.fr/image.ashx?id=2943635&use=l&cat=p&typeid=i","cat":303867},{"id":18437,"n":"Allumettes Bacon Tradilège Fumées - 2x100g","p":1.74,"u":"8,70 €/KG","img":"https://fd9-photos.leclercdrive.fr/image.ashx?id=2905952&use=l&cat=p&typeid=i","cat":316011},{"id":18501,"n":"Aromat Knorr 70g","p":1.84,"u":"26,29 €/KG","img":"https://fd9-photos.leclercdrive.fr/image.ashx?id=2866750&use=l&cat=p&typeid=i","cat":298297},{"id":18521,"n":"Papier toilette Mimosa Blanc double épaisseur - x12","p":2.85,"u":"0,24 €/P","img":"https://fd9-photos.leclercdrive.fr/image.ashx?id=2073179&use=l&cat=p&typeid=i","cat":284634},{"id":18562,"n":"Feuille papier calque Esquisse x12 21x29,7cm","p":1.19,"img":"https://fd9-photos.leclercdrive.fr/image.ashx?id=2943172&use=l&cat=p&typeid=i","cat":284697},{"id":18577,"n":"Papier toilette Mimosa Blanc - Ultra doux - x24","p":4.33,"u":"0,18 €/P","img":"https://fd9-photos.leclercdrive.fr/image.ashx?id=2777851&use=l&cat=p&typeid=i","cat":284634},{"id":18598,"n":"Yaourts à la Grecque Délisse Mûre Framboise - 4x150g","p":1.99,"u":"3,32 €/KG","img":"https://fd9-photos.leclercdrive.fr/image.ashx?id=2699441&use=l&cat=p&typeid=i","cat":314999},{"id":18670,"n":"Tuiles Tokapi Bacon - 170g","p":1.39,"u":"8,18 €/KG","img":"https://fd9-photos.leclercdrive.fr/image.ashx?id=2657205&use=l&cat=p&typeid=i","cat":287899},{"id":18671,"n":"Tuiles Tokapi Paprika - 170g","p":1.35,"u":"7,94 €/KG","img":"https://fd9-photos.leclercdrive.fr/image.ashx?id=2632852&use=l&cat=p&typeid=i","cat":287899},{"id":18676,"n":"Allume-feu Silex cubes 18 sachets individuels","p":3.23,"img":"https://fd9-photos.leclercdrive.fr/image.ashx?id=2643584&use=l&cat=p&typeid=i","cat":300578},{"id":18723,"n":"Boulettes provençale Férial x12 - 300g","p":4.09,"u":"13,63 €/KG","img":"https://fd9-photos.leclercdrive.fr/image.ashx?id=2816627&use=l&cat=p&typeid=i","cat":284332},{"id":18746,"n":"Pavés de boeuf à l'échalote Férial x2 - 240g","p":4.79,"u":"19,96 €/KG","img":"https://fd9-photos.leclercdrive.fr/image.ashx?id=2854273&use=l&cat=p&typeid=i","cat":284328},{"id":18747,"n":"Pavés de boeuf marinés 3 poivre Férial x2 - 240g","p":4.75,"u":"19,79 €/KG","img":"https://fd9-photos.leclercdrive.fr/image.ashx?id=2854276&use=l&cat=p&typeid=i","cat":284328},{"id":18748,"n":"Pavés de boeuf marinés nature F x2 - 240g","p":4.99,"u":"20,79 €/KG","img":"https://fd9-photos.leclercdrive.fr/image.ashx?id=2854270&use=l&cat=p&typeid=i","cat":284328},{"id":18749,"n":"Carpaccio au Basilic Férial - 200g","p":4.35,"u":"21,75 €/KG","img":"https://fd9-photos.leclercdrive.fr/image.ashx?id=2930549&use=l&cat=p&typeid=i","cat":284328},{"id":18754,"n":"Boulettes nature Férial x12 - 300g","p":4.09,"u":"13,63 €/KG","img":"https://fd9-photos.leclercdrive.fr/image.ashx?id=2816624&use=l&cat=p&typeid=i","cat":284332},{"id":18836,"n":"Lingettes lait Demak'up Peaux sensibles - 2x25","p":4.35,"u":"0,09 €/P","img":"https://fd9-photos.leclercdrive.fr/image.ashx?id=2999877&use=l&cat=p&typeid=i","cat":284603},{"id":18853,"n":"Soin de jour Diadermine Lift+ Elastine Anti-rides - 50ml","p":7.56,"u":"151,20 €/L","img":"https://fd9-photos.leclercdrive.fr/image.ashx?id=2464024&use=l&cat=p&typeid=i","cat":325345},{"id":18953,"n":"Thon entier Pêche Océan Naturel - 186g","p":2.5,"u":"13,44 €/KG","img":"https://fd9-photos.leclercdrive.fr/image.ashx?id=2942193&use=l&cat=p&typeid=i","cat":303867},{"id":18968,"n":"Gâteaux mini marbrés P'tit Déli Chocolat x7 - 189g","p":1.59,"u":"8,41 €/KG","img":"https://fd9-photos.leclercdrive.fr/image.ashx?id=1947360&use=l&cat=p&typeid=i","cat":284495},{"id":18974,"n":"Granulés de bois Cogra Pellet - Sac de 15kg","p":6.95,"u":"0,46 €/KG","img":"https://fd9-photos.leclercdrive.fr/image.ashx?id=2341068&use=l&cat=p&typeid=i","cat":300577},{"id":18983,"n":"Crème glacée Eskiss Noix de coco - 494g","p":2.82,"u":"5,71 €/KG","img":"https://fd9-photos.leclercdrive.fr/image.ashx?id=2982607&use=l&cat=p&typeid=i","cat":284263},{"id":18996,"n":"Confiture Bonne Maman 4 fruits rouges - 370g","p":2.5,"u":"6,76 €/KG","img":"https://fd9-photos.leclercdrive.fr/image.ashx?id=2547474&use=l&cat=p&typeid=i","cat":284480},{"id":19023,"n":"Sirop Frucci Citron - 1L","p":2.04,"u":"2,04 €/L","img":"https://fd9-photos.leclercdrive.fr/image.ashx?id=2955656&use=l&cat=p&typeid=i","cat":295020},{"id":19066,"n":"Vodka Poliakov 37,5%vol - 1L","p":16.2,"u":"16,20 €/L","img":"https://fd9-photos.leclercdrive.fr/image.ashx?id=2576916&use=l&cat=p&typeid=i","cat":284550},{"id":19098,"n":"Cookies gros éclats Granola Chocolat - 184g","p":1.83,"u":"9,95 €/KG","img":"https://fd9-photos.leclercdrive.fr/image.ashx?id=2996413&use=l&cat=p&typeid=i","cat":325066},{"id":19102,"n":"Croquettes chat Purina One Stérilisé-Saumon/Céréales-1,5kg","p":6.98,"u":"4,65 €/KG","img":"https://fd9-photos.leclercdrive.fr/image.ashx?id=2541268&use=l&cat=p&typeid=i","cat":284680},{"id":19110,"n":"Boeuf Bourguignon Côté Table 300g","p":2.04,"u":"6,80 €/KG","img":"https://fd9-photos.leclercdrive.fr/image.ashx?id=2517679&use=l&cat=p&typeid=i","cat":284953},{"id":19112,"n":"Thé vert Bio Ethiquable Gingembre Citron vert x20 - 36g","p":2.29,"u":"63,61 €/KG","img":"https://fd9-photos.leclercdrive.fr/image.ashx?id=2870842&use=l&cat=p&typeid=i","cat":293233},{"id":19116,"n":"Céréales croustillants Bio bjorg  chocolat noir - 500g","p":3.52,"u":"7,04 €/KG","img":"https://fd9-photos.leclercdrive.fr/image.ashx?id=2972967&use=l&cat=p&typeid=i","cat":309512},{"id":19119,"n":"Pains au lait La Boulangère Bio x8 - 280g","p":1.81,"u":"6,46 €/KG","img":"https://fd9-photos.leclercdrive.fr/image.ashx?id=2972460&use=l&cat=p&typeid=i","cat":293505},{"id":19138,"n":"Semoule Couscous Bio Village Semi complet Bio - 500g","p":1.95,"u":"3,90 €/KG","img":"https://fd9-photos.leclercdrive.fr/image.ashx?id=2814217&use=l&cat=p&typeid=i","cat":284429},{"id":19146,"n":"Cappelletti bio Céréal Bio tofu et Chèvre express-220g","p":1.8,"u":"8,18 €/KG","img":"https://fd9-photos.leclercdrive.fr/image.ashx?id=2642372&use=l&cat=p&typeid=i","cat":287600},{"id":19152,"n":"Huile d'olive Bio Soleou Vierge extra fruttato - 75cl","p":10.21,"u":"13,61 €/L","img":"https://fd9-photos.leclercdrive.fr/image.ashx?id=2732614&use=l&cat=p&typeid=i","cat":284453},{"id":19155,"n":"Farine de blé Bio Francine 1kg","p":1.96,"u":"1,96 €/KG","img":"https://fd9-photos.leclercdrive.fr/image.ashx?id=2989117&use=l&cat=p&typeid=i","cat":284503},{"id":19199,"n":"Pain de mie La Boulangère à la  Farine complète Bio - 500g","p":2.09,"u":"4,18 €/KG","img":"https://fd9-photos.leclercdrive.fr/image.ashx?id=2912386&use=l&cat=p&typeid=i","cat":284477},{"id":19202,"n":"Galettes bio Bio Village 4 céréales x17 - 130g","p":0.99,"u":"7,62 €/KG","img":"https://fd9-photos.leclercdrive.fr/image.ashx?id=2816154&use=l&cat=p&typeid=i","cat":318651},{"id":19203,"n":"Flocons d'avoine complet Bjorg Bio 500g","p":1.93,"u":"3,86 €/KG","img":"https://fd9-photos.leclercdrive.fr/image.ashx?id=2906151&use=l&cat=p&typeid=i","cat":309512},{"id":19210,"n":"Flageolets Préparés Cassegrain Extra Fins 265g","p":1.83,"u":"6,91 €/KG","img":"https://fd9-photos.leclercdrive.fr/image.ashx?id=2983084&use=l&cat=p&typeid=i","cat":312606},{"id":19211,"n":"Lentilles Préparées Cassegrain Tendres et Fondants 265g","p":1.67,"u":"6,30 €/KG","img":"https://fd9-photos.leclercdrive.fr/image.ashx?id=2952460&use=l&cat=p&typeid=i","cat":312609},{"id":19231,"n":"Petit Pois Cassegrain Tendres et Fondants 140g","p":1.35,"u":"9,64 €/KG","img":"https://fd9-photos.leclercdrive.fr/image.ashx?id=2912974&use=l&cat=p&typeid=i","cat":312607},{"id":19239,"n":"Fruits au sirop St Mamet Pêches - 475g","p":2.7,"u":"5,68 €/KG","img":"https://fd9-photos.leclercdrive.fr/image.ashx?id=2630217&use=l&cat=p&typeid=i","cat":284507},{"id":19240,"n":"Fruits au sirop St Mamet Poires Williams - 465g","p":3.18,"u":"6,84 €/KG","img":"https://fd9-photos.leclercdrive.fr/image.ashx?id=2630223&use=l&cat=p&typeid=i","cat":284507},{"id":19255,"n":"Croquettes chat Purina One Light Adulte -Poulet/Blé -1,5kg","p":7.65,"u":"5,10 €/KG","img":"https://fd9-photos.leclercdrive.fr/image.ashx?id=2432010&use=l&cat=p&typeid=i","cat":284680},{"id":19256,"n":"Croquettes chat Purina One Adulte d'intérieur-Dinde -1,5kg","p":7.73,"u":"5,15 €/KG","img":"https://fd9-photos.leclercdrive.fr/image.ashx?id=2902271&use=l&cat=p&typeid=i","cat":284680},{"id":19257,"n":"Croquettes chat Purina One Sensible Adulte-Dinde/Riz-450g","p":2.77,"u":"6,16 €/KG","img":"https://fd9-photos.leclercdrive.fr/image.ashx?id=2459658&use=l&cat=p&typeid=i","cat":284680},{"id":19258,"n":"Croquettes chat Plénima Premium Stérilisé - 450g","p":1.75,"u":"3,89 €/KG","img":"https://fd9-photos.leclercdrive.fr/image.ashx?id=1943373&use=l&cat=p&typeid=i","cat":284680},{"id":19262,"n":"Thon Saupiquet Mayonnaise - 2x135g","p":2.23,"u":"8,26 €/KG","img":"https://fd9-photos.leclercdrive.fr/image.ashx?id=2681017&use=l&cat=p&typeid=i","cat":303867},{"id":19275,"n":"Fructose Vivis Boîte 500g","p":2.54,"u":"5,08 €/KG","img":"https://fd9-photos.leclercdrive.fr/image.ashx?id=2061840&use=l&cat=p&typeid=i","cat":324846},{"id":19279,"n":"Sucre de canne Daddy En morceaux - 1kg","p":2.35,"u":"2,35 €/KG","img":"https://fd9-photos.leclercdrive.fr/image.ashx?id=2908576&use=l&cat=p&typeid=i","cat":284502},{"id":19284,"n":"Huile pépins de raisin Cauvin 1l","p":6.72,"u":"6,72 €/L","img":"https://fd9-photos.leclercdrive.fr/image.ashx?id=2479234&use=l&cat=p&typeid=i","cat":284453},{"id":19285,"n":"Sauce crudités Rustica Fines herbes - 50cl","p":0.88,"u":"1,76 €/L","img":"https://fd9-photos.leclercdrive.fr/image.ashx?id=1972916&use=l&cat=p&typeid=i","cat":284456},{"id":19293,"n":"Lait céréales bébé Blédiner 12m Carotte pois soir - 2x250ml","p":1.72,"u":"3,44 €/L","img":"https://fd9-photos.leclercdrive.fr/image.ashx?id=2949856&use=l&cat=p&typeid=i","cat":312239},{"id":19296,"n":"Gressins Tokapi Sésame - 125g","p":1.17,"u":"9,36 €/KG","img":"https://fd9-photos.leclercdrive.fr/image.ashx?id=1993574&use=l&cat=p&typeid=i","cat":297000},{"id":19298,"n":"Gressins Tokapi  Huile d'olive romarin - 125g","p":1.41,"u":"11,28 €/KG","img":"https://fd9-photos.leclercdrive.fr/image.ashx?id=1993577&use=l&cat=p&typeid=i","cat":297000},{"id":19301,"n":"Céréales Tipiak Méditerranéennes 2x200g","p":1.78,"u":"4,45 €/KG","img":"https://fd9-photos.leclercdrive.fr/image.ashx?id=2766253&use=l&cat=p&typeid=i","cat":284429},{"id":19303,"n":"Mini penne Turini 500g","p":0.98,"u":"1,96 €/KG","img":"https://fd9-photos.leclercdrive.fr/image.ashx?id=3015063&use=l&cat=p&typeid=i","cat":284427},{"id":19304,"n":"Mini farfalle Turini 500g","p":1.26,"u":"2,52 €/KG","img":"https://fd9-photos.leclercdrive.fr/image.ashx?id=2607494&use=l&cat=p&typeid=i","cat":284427},{"id":19308,"n":"Epices pour guacamole Old el paso - 20g","p":1.14,"u":"57,00 €/KG","img":"https://fd9-photos.leclercdrive.fr/image.ashx?id=2858168&use=l&cat=p&typeid=i","cat":288993},{"id":19313,"n":"Tartelettes Bonne Maman A la framboise étui 135g","p":1.34,"u":"9,93 €/KG","img":"https://fd9-photos.leclercdrive.fr/image.ashx?id=2984383&use=l&cat=p&typeid=i","cat":284489},{"id":19319,"n":"Cookies Eco+ Pépites de chocolat - 200g","p":0.92,"u":"4,60 €/KG","img":"https://fd9-photos.leclercdrive.fr/image.ashx?id=2821875&use=l&cat=p&typeid=i","cat":325066},{"id":19347,"n":"Allume-feu Silex liquide 1L","p":3.99,"u":"3,99 €/L","img":"https://fd9-photos.leclercdrive.fr/image.ashx?id=2779193&use=l&cat=p&typeid=i","cat":300578},{"id":19353,"n":"Mao Croqui Haribo Sachet bonbons - 250g","p":1.51,"u":"6,04 €/KG","img":"https://fd9-photos.leclercdrive.fr/image.ashx?id=2805192&use=l&cat=p&typeid=i","cat":304250},{"id":19356,"n":"Infusion bio Jardin Bio Thym Menthe - x20 sachets - 30g","p":2.1,"u":"70,00 €/KG","img":"https://fd9-photos.leclercdrive.fr/image.ashx?id=2792654&use=l&cat=p&typeid=i","cat":293234},{"id":19364,"n":"Madeleines extra Ker Cadélac Coquilles moelleuses x24 - 600g","p":3.24,"u":"5,40 €/KG","img":"https://fd9-photos.leclercdrive.fr/image.ashx?id=2939511&use=l&cat=p&typeid=i","cat":284492},{"id":19366,"n":"Barres céréales Grany Chocolat - 125g","p":1.82,"u":"14,56 €/KG","img":"https://fd9-photos.leclercdrive.fr/image.ashx?id=2773613&use=l&cat=p&typeid=i","cat":285869},{"id":19386,"n":"Méli mélo céréales lég Tipiak 330g","p":2.48,"u":"7,52 €/KG","img":"https://fd9-photos.leclercdrive.fr/image.ashx?id=2563715&use=l&cat=p&typeid=i","cat":284429},{"id":19408,"n":"Soupe Velouté Bio Village Bio Légumes verts - 1L","p":2.42,"u":"2,42 €/L","img":"https://fd9-photos.leclercdrive.fr/image.ashx?id=732097&use=l&cat=p&typeid=i","cat":284462},{"id":19411,"n":"Compote Allégée en sucres Eco+ Coupelle pomme - 4x100g","p":0.55,"u":"1,38 €/KG","img":"https://fd9-photos.leclercdrive.fr/image.ashx?id=1961398&use=l&cat=p&typeid=i","cat":284508},{"id":19416,"n":"Dessert fruitier Andros Pomme allégé 730g","p":1.36,"u":"1,86 €/KG","img":"https://fd9-photos.leclercdrive.fr/image.ashx?id=2369930&use=l&cat=p&typeid=i","cat":284508},{"id":19418,"n":"Pâtes serpentini Turini 500g","p":0.84,"u":"1,68 €/KG","img":"https://fd9-photos.leclercdrive.fr/image.ashx?id=2744231&use=l&cat=p&typeid=i","cat":284427},{"id":19420,"n":"Pâtes Torsades Turini Nature tomate épinard - 500g","p":1.1,"u":"2,20 €/KG","img":"https://fd9-photos.leclercdrive.fr/image.ashx?id=2607485&use=l&cat=p&typeid=i","cat":284427},{"id":19424,"n":"Spaghetti Turini Au blé complet - 500g","p":0.95,"u":"1,90 €/KG","img":"https://fd9-photos.leclercdrive.fr/image.ashx?id=2607497&use=l&cat=p&typeid=i","cat":284427},{"id":19426,"n":"Gâteaux L'Ourson Lulu LU Chocolat - 150g","p":1.38,"u":"9,20 €/KG","img":"https://fd9-photos.leclercdrive.fr/image.ashx?id=3014425&use=l&cat=p&typeid=i","cat":284495},{"id":19427,"n":"Pâtes penne Turini Blé complet - 500g","p":1.0,"u":"2,00 €/KG","img":"https://fd9-photos.leclercdrive.fr/image.ashx?id=2607500&use=l&cat=p&typeid=i","cat":284427},{"id":19432,"n":"Pains au chocolat Eco+ x10 - 450g","p":1.55,"u":"3,44 €/KG","img":"https://fd9-photos.leclercdrive.fr/image.ashx?id=2927833&use=l&cat=p&typeid=i","cat":296366},{"id":19433,"n":"Pain au lait Eco+ x10 - 400g","p":0.99,"u":"2,48 €/KG","img":"https://fd9-photos.leclercdrive.fr/image.ashx?id=2643578&use=l&cat=p&typeid=i","cat":293505},{"id":19435,"n":"Barres de céréales Special K Kellogg's Chocolat lait - 6x20g","p":2.78,"u":"23,17 €/KG","img":"https://fd9-photos.leclercdrive.fr/image.ashx?id=2306366&use=l&cat=p&typeid=i","cat":285869},{"id":19442,"n":"Flageolets d'aucy  Extra-fins - 265g","p":1.11,"u":"4,19 €/KG","img":"https://fd9-photos.leclercdrive.fr/image.ashx?id=2503437&use=l&cat=p&typeid=i","cat":312606},{"id":19443,"n":"Thé vert Bio Ethiquable Tonique Ceylan x20 - 36g","p":2.09,"u":"58,06 €/KG","img":"https://fd9-photos.leclercdrive.fr/image.ashx?id=2971676&use=l&cat=p&typeid=i","cat":293233},{"id":19455,"n":"Confiture bio Jardin Bio Allégée framboises - 320g","p":2.57,"u":"8,03 €/KG","img":"https://fd9-photos.leclercdrive.fr/image.ashx?id=2537580&use=l&cat=p&typeid=i","cat":284480},{"id":19459,"n":"Flageolets cuisinés Roquelaure A l'auvergnate - 820g","p":2.13,"u":"2,60 €/KG","img":"https://fd9-photos.leclercdrive.fr/image.ashx?id=2928399&use=l&cat=p&typeid=i","cat":312606},{"id":19463,"n":"Sticks dentaires Lydog Moyen chien - x7 - 180g","p":1.39,"u":"7,72 €/KG","img":"https://fd9-photos.leclercdrive.fr/image.ashx?id=1878598&use=l&cat=p&typeid=i","cat":294527},{"id":19464,"n":"Carottes rondelles D'aucy  240g","p":1.02,"u":"4,25 €/KG","img":"https://fd9-photos.leclercdrive.fr/image.ashx?id=2503431&use=l&cat=p&typeid=i","cat":312607},{"id":19471,"n":"Mélange Le Sélect Vico Graines variées - 100g","p":2.38,"u":"23,80 €/KG","img":"https://fd9-photos.leclercdrive.fr/image.ashx?id=2569839&use=l&cat=p&typeid=i","cat":284448},{"id":19472,"n":"Fruits au sirop Del Monte Ananas en tranches - 350g","p":2.33,"u":"6,66 €/KG","img":"https://fd9-photos.leclercdrive.fr/image.ashx?id=2802326&use=l&cat=p&typeid=i","cat":284507},{"id":19487,"n":"Cassoulet Toulousain   Raynal Et Roquelaure - 840g","p":4.56,"u":"5,43 €/KG","img":"https://fd9-photos.leclercdrive.fr/image.ashx?id=2928387&use=l&cat=p&typeid=i","cat":284440},{"id":19491,"n":"Couscous tunisien Côté Table Kefta merguez - 300g","p":2.19,"u":"7,30 €/KG","img":"https://fd9-photos.leclercdrive.fr/image.ashx?id=2900097&use=l&cat=p&typeid=i","cat":284953},{"id":19493,"n":"Colin d'alaska Côté Table Barquette micro-ondable 300g","p":1.99,"u":"6,63 €/KG","img":"https://fd9-photos.leclercdrive.fr/image.ashx?id=2770311&use=l&cat=p&typeid=i","cat":284953},{"id":19505,"n":"Olives vertes Crespo Dénoyautées 160g","p":1.72,"u":"10,75 €/KG","img":"https://fd9-photos.leclercdrive.fr/image.ashx?id=2616895&use=l&cat=p&typeid=i","cat":284458},{"id":19518,"n":"Cahier de Brouillon Eco+ 96 pages","p":0.49,"img":"https://fd9-photos.leclercdrive.fr/image.ashx?id=2943133&use=l&cat=p&typeid=i","cat":284697},{"id":19542,"n":"Filets de saumon rose Findus Pacifique - MSC - x4 - 400g","p":11.12,"u":"27,80 €/KG","img":"https://fd9-photos.leclercdrive.fr/image.ashx?id=2735326&use=l&cat=p&typeid=i","cat":319786},{"id":19575,"n":"Lait démaquillant Inell Douceur 250ml","p":1.59,"u":"6,36 €/L","img":"https://fd9-photos.leclercdrive.fr/image.ashx?id=2691622&use=l&cat=p&typeid=i","cat":284603},{"id":19601,"n":"Gâteaux marbrés P'tit Déli x14 378g","p":2.97,"u":"7,86 €/KG","img":"https://fd9-photos.leclercdrive.fr/image.ashx?id=1947363&use=l&cat=p&typeid=i","cat":284495},{"id":19604,"n":"Gâteaux P'tit Déli A base de yaourt x7 - 189g","p":1.88,"u":"9,95 €/KG","img":"https://fd9-photos.leclercdrive.fr/image.ashx?id=2059086&use=l&cat=p&typeid=i","cat":294776},{"id":19609,"n":"Tuiles Tokapi Fromage - 170g","p":1.39,"u":"8,18 €/KG","img":"https://fd9-photos.leclercdrive.fr/image.ashx?id=2647426&use=l&cat=p&typeid=i","cat":287899},{"id":19611,"n":"Soupe Velouté Régal Soupe Tomates - 2x30cl","p":1.49,"u":"2,48 €/L","img":"https://fd9-photos.leclercdrive.fr/image.ashx?id=2623007&use=l&cat=p&typeid=i","cat":284462},{"id":19625,"n":"Mini goûters P'tit Déli Fraise 168g","p":1.13,"u":"6,73 €/KG","img":"https://fd9-photos.leclercdrive.fr/image.ashx?id=2310498&use=l&cat=p&typeid=i","cat":284489},{"id":19643,"n":"Muesli Floconneux Bio Village Fruits secs Bio - 500g","p":2.13,"u":"4,26 €/KG","img":"https://fd9-photos.leclercdrive.fr/image.ashx?id=2949224&use=l&cat=p&typeid=i","cat":309512},{"id":19660,"n":"Cordons bleus Pic'Express Au poulet 4x100g","p":3.63,"u":"9,08 €/KG","img":"https://fd9-photos.leclercdrive.fr/image.ashx?id=2852949&use=l&cat=p&typeid=i","cat":319780},{"id":19675,"n":"Maïs Bonduelle Sans Sucres Ajoutés Bio 285g","p":1.52,"u":"6,08 €/KG","img":"https://fd9-photos.leclercdrive.fr/image.ashx?id=2915718&use=l&cat=p&typeid=i","cat":312611},{"id":19684,"n":"tofu nature bio bjorg  - 2x200g","p":2.64,"u":"6,60 €/KG","img":"https://fd9-photos.leclercdrive.fr/image.ashx?id=2907979&use=l&cat=p&typeid=i","cat":284953},{"id":19699,"n":"Sucre pure canne blond Beghin Say - 1kg","p":3.12,"u":"3,12 €/KG","img":"https://fd9-photos.leclercdrive.fr/image.ashx?id=2977321&use=l&cat=p&typeid=i","cat":284502},{"id":19701,"n":"Salade Piémontaise Petit Navire Au thon - 220g","p":1.8,"u":"8,18 €/KG","img":"https://fd9-photos.leclercdrive.fr/image.ashx?id=2829655&use=l&cat=p&typeid=i","cat":284437},{"id":19702,"n":"Sucre en poudre Béghin Say 750g","p":1.81,"u":"2,41 €/KG","img":"https://fd9-photos.leclercdrive.fr/image.ashx?id=2866352&use=l&cat=p&typeid=i","cat":284502},{"id":19704,"n":"Sardines NRT St-Gilles Label Rouge à l'huile - 115g","p":2.25,"u":"19,57 €/KG","img":"https://fd9-photos.leclercdrive.fr/image.ashx?id=2791090&use=l&cat=p&typeid=i","cat":305146},{"id":19709,"n":"Chili con carne Zapetti 800g","p":4.29,"u":"5,36 €/KG","img":"https://fd9-photos.leclercdrive.fr/image.ashx?id=2545717&use=l&cat=p&typeid=i","cat":325094},{"id":19719,"n":"Yaourts Lait entier Bio Village Bio Vanille - 4x125g","p":1.27,"u":"2,54 €/KG","img":"https://fd9-photos.leclercdrive.fr/image.ashx?id=2702336&use=l&cat=p&typeid=i","cat":286006},{"id":19723,"n":"Sacs congélation zip Elembal Grand x15","p":1.8,"u":"0,12 €/P","img":"https://fd9-photos.leclercdrive.fr/image.ashx?id=2751889&use=l&cat=p&typeid=i","cat":334134},{"id":19729,"n":"Biscuit P'tit Déli Palmiers Chocolat au lait 110g","p":1.25,"u":"11,36 €/KG","img":"https://fd9-photos.leclercdrive.fr/image.ashx?id=2573403&use=l&cat=p&typeid=i","cat":284488},{"id":19732,"n":"Les p'tites spirales P'tit Déli Chocolat  x6 - 150g","p":1.35,"u":"9,00 €/KG","img":"https://fd9-photos.leclercdrive.fr/image.ashx?id=2660422&use=l&cat=p&typeid=i","cat":284495},{"id":19743,"n":"Déodorant atomiseur Carré Homme Musc 200ml","p":1.35,"u":"6,75 €/L","img":"https://fd9-photos.leclercdrive.fr/image.ashx?id=2375998&use=l&cat=p&typeid=i","cat":284618},{"id":19744,"n":"Déodorant atomiseur Carré Homme Marine 200ml","p":1.35,"u":"6,75 €/L","img":"https://fd9-photos.leclercdrive.fr/image.ashx?id=2390707&use=l&cat=p&typeid=i","cat":284618},{"id":19750,"n":"Cotons Duo Démaquillants Inell Duo carré - Disques x50","p":1.24,"u":"0,02 €/P","img":"https://fd9-photos.leclercdrive.fr/image.ashx?id=1709937&use=l&cat=p&typeid=i","cat":285593},{"id":19788,"n":"Stick lèvres Inell Hydratant - 2 pièces","p":1.5,"u":"0,75 €/P","img":"https://fd9-photos.leclercdrive.fr/image.ashx?id=2776042&use=l&cat=p&typeid=i","cat":285485},{"id":19796,"n":"Papier aluminium Elembal 30m","p":2.76,"img":"https://fd9-photos.leclercdrive.fr/image.ashx?id=2854231&use=l&cat=p&typeid=i","cat":334134},{"id":19798,"n":"Dissolvant doux Inell Sans acétone - 150ml","p":1.42,"u":"9,47 €/L","img":"https://fd9-photos.leclercdrive.fr/image.ashx?id=2691640&use=l&cat=p&typeid=i","cat":325347},{"id":19814,"n":"Piles alcalines Foxter AA/LR6 1,5V - x8","p":1.69,"u":"0,21 €/P","img":"https://fd9-photos.leclercdrive.fr/image.ashx?id=2162174&use=l&cat=p&typeid=i","cat":300572},{"id":19815,"n":"Piles alcalines Foxter AAA/LR3 1,5V - x8","p":1.69,"img":"https://fd9-photos.leclercdrive.fr/image.ashx?id=2162153&use=l&cat=p&typeid=i","cat":300572},{"id":19856,"n":"Pâtes Barilla Coquillettes - 1kg","p":1.87,"u":"1,87 €/KG","img":"https://fd9-photos.leclercdrive.fr/image.ashx?id=2392230&use=l&cat=p&typeid=i","cat":284427},{"id":19874,"n":"Clafoutis La Laitière Aux cerises - 4x85g","p":2.69,"u":"7,91 €/KG","img":"https://fd9-photos.leclercdrive.fr/image.ashx?id=2628230&use=l&cat=p&typeid=i","cat":284419},{"id":19877,"n":"Mozzarella Spécial Cuisine Les Croisés - 400g","p":2.94,"u":"7,35 €/KG","img":"https://fd9-photos.leclercdrive.fr/image.ashx?id=2992531&use=l&cat=p&typeid=i","cat":314026},{"id":19881,"n":"Dés Salakis herbes de Provence Fromage brebis - 300g","p":3.46,"u":"11,53 €/KG","img":"https://fd9-photos.leclercdrive.fr/image.ashx?id=2729686&use=l&cat=p&typeid=i","cat":314026},{"id":19898,"n":"Oeufs frais Matines x12","p":2.92,"u":"0,24 €/P","img":"https://fd9-photos.leclercdrive.fr/image.ashx?id=2796231&use=l&cat=p&typeid=i","cat":284378},{"id":19901,"n":"Oeufs De Nos Villages Plein air, moyen  - x12","p":3.49,"u":"0,29 €/P","img":"https://fd9-photos.leclercdrive.fr/image.ashx?id=2153942&use=l&cat=p&typeid=i","cat":284378},{"id":19909,"n":"Yaourts Lait entier Bio Village Bio Vanille - 12x125g","p":3.27,"u":"2,18 €/KG","img":"https://fd9-photos.leclercdrive.fr/image.ashx?id=2032376&use=l&cat=p&typeid=i","cat":286006},{"id":19913,"n":"Mousse liégeoise Viennois  Chocolat - 4x90g","p":1.72,"u":"4,78 €/KG","img":"https://fd9-photos.leclercdrive.fr/image.ashx?id=2785172&use=l&cat=p&typeid=i","cat":285042},{"id":19924,"n":"Dessert fruitier pomme Bio Bio village - 4x100g","p":1.73,"u":"4,33 €/KG","img":"https://fd9-photos.leclercdrive.fr/image.ashx?id=2462427&use=l&cat=p&typeid=i","cat":284416},{"id":19933,"n":"Pizza Crousti-moelleuse Marie Royale - 3x400g","p":6.75,"u":"5,63 €/KG","img":"https://fd9-photos.leclercdrive.fr/image.ashx?id=2996800&use=l&cat=p&typeid=i","cat":284256},{"id":19957,"n":"Purée brocolis Notre Jardin Nature 750g","p":1.69,"u":"2,25 €/KG","img":"https://fd9-photos.leclercdrive.fr/image.ashx?id=2856163&use=l&cat=p&typeid=i","cat":319805},{"id":19960,"n":"Purée carottes Notre Jardin Nature 750g","p":2.43,"u":"3,24 €/KG","img":"https://fd9-photos.leclercdrive.fr/image.ashx?id=2856166&use=l&cat=p&typeid=i","cat":319805},{"id":19991,"n":"Fromage frais Délisse Fruits panachés - 6x100g","p":2.56,"u":"4,27 €/KG","img":"https://fd9-photos.leclercdrive.fr/image.ashx?id=2913669&use=l&cat=p&typeid=i","cat":284414},{"id":20008,"n":"Compote Andros Pomme nature - 12x100g","p":3.05,"u":"2,54 €/KG","img":"https://fd9-photos.leclercdrive.fr/image.ashx?id=2989114&use=l&cat=p&typeid=i","cat":284416},{"id":20010,"n":"Yaourts lait entier nature Bio  Bio village - 12x125g","p":2.46,"u":"1,64 €/KG","img":"https://fd9-photos.leclercdrive.fr/image.ashx?id=2102992&use=l&cat=p&typeid=i","cat":284409},{"id":20031,"n":"Sauce Hannibal Colona 500ml","p":3.0,"u":"6,00 €/L","img":"https://fd9-photos.leclercdrive.fr/image.ashx?id=2687179&use=l&cat=p&typeid=i","cat":318431},{"id":20032,"n":"Whisky Jack Daniel's Old N°7 1L","p":28.5,"pp":25.65,"u":"25,65 €/L","img":"https://fd9-photos.leclercdrive.fr/image.ashx?id=2805189&use=l&cat=p&typeid=i","cat":284547},{"id":20033,"n":"Bière brune Leffe 6,5% - 75cl","p":2.8,"u":"3,73 €/L","img":"https://fd9-photos.leclercdrive.fr/image.ashx?id=2457482&use=l&cat=p&typeid=i","cat":334852},{"id":20038,"n":"Crème aux œufs La Laitière lit de caramel - 4x100g","p":1.94,"u":"4,85 €/KG","img":"https://fd9-photos.leclercdrive.fr/image.ashx?id=2744593&use=l&cat=p&typeid=i","cat":284419},{"id":20042,"n":"Bière blonde Leffe Rituel 9% - 75cl","p":3.33,"u":"4,44 €/L","img":"https://fd9-photos.leclercdrive.fr/image.ashx?id=1890052&use=l&cat=p&typeid=i","cat":334852},{"id":20050,"n":"Bière belge Duvel 8,5%vol. - 33cl","p":1.75,"u":"5,30 €/L","img":"https://fd9-photos.leclercdrive.fr/image.ashx?id=2389304&use=l&cat=p&typeid=i","cat":334872},{"id":20052,"n":"Spiritueux Kirsch Sylvain 18%vol sous blister 20cl","p":2.25,"u":"11,25 €/L","img":"https://fd9-photos.leclercdrive.fr/image.ashx?id=2962239&use=l&cat=p&typeid=i","cat":286032},{"id":20058,"n":"Madère Cruz 17%vol sous blister 20cl","p":2.91,"u":"14,55 €/L","img":"https://fd9-photos.leclercdrive.fr/image.ashx?id=2484044&use=l&cat=p&typeid=i","cat":284913},{"id":20060,"n":"Biscuits Gouda Delacre Canasta  Fourrés fromage - 75g","p":1.73,"u":"23,07 €/KG","img":"https://fd9-photos.leclercdrive.fr/image.ashx?id=2661841&use=l&cat=p&typeid=i","cat":297000},{"id":20085,"n":"Bière bleue Chimay Brune - 9%vol. - 33cl","p":1.86,"u":"5,64 €/L","img":"https://fd9-photos.leclercdrive.fr/image.ashx?id=1758849&use=l&cat=p&typeid=i","cat":334872},{"id":20086,"n":"Bière brune Chimay Rouge - 7%vol. - 33cl","p":1.56,"u":"4,73 €/L","img":"https://fd9-photos.leclercdrive.fr/image.ashx?id=1758843&use=l&cat=p&typeid=i","cat":334872},{"id":20109,"n":"Whisky Bourbon John Davon's 40%vol. - 70cl","p":13.15,"u":"18,79 €/L","img":"https://fd9-photos.leclercdrive.fr/image.ashx?id=2907177&use=l&cat=p&typeid=i","cat":284547},{"id":20110,"n":"Jus d'orange Jafaden A base de concentré  - 6x1L","p":10.56,"u":"1,76 €/L","img":"https://fd9-photos.leclercdrive.fr/image.ashx?id=2842486&use=l&cat=p&typeid=i","cat":284521},{"id":20138,"n":"Chips Pom'Lisse Nature - 200g","p":1.19,"u":"5,95 €/KG","img":"https://fd9-photos.leclercdrive.fr/image.ashx?id=2494148&use=l&cat=p&typeid=i","cat":284447},{"id":20146,"n":"Brique de brebis Les Croisés 150g","p":2.45,"u":"16,33 €/KG","img":"https://fd9-photos.leclercdrive.fr/image.ashx?id=3014359&use=l&cat=p&typeid=i","cat":314031},{"id":20172,"n":"Petits pots bébé P'TIT SOUPER Aubergine pâtes 8M+ - 2x200g","p":1.91,"u":"4,78 €/KG","img":"https://fd9-photos.leclercdrive.fr/image.ashx?id=2526511&use=l&cat=p&typeid=i","cat":312239},{"id":20175,"n":"Petits pots bébé P'TIT SOUPER  7 légumes 8M+ - 2x200g","p":1.66,"u":"4,15 €/KG","img":"https://fd9-photos.leclercdrive.fr/image.ashx?id=2526508&use=l&cat=p&typeid=i","cat":312239},{"id":20180,"n":"Crème Fraîche Elle&Vire Epaisse Légère - 12% MG - 33cl","p":1.76,"u":"5,33 €/L","img":"https://fd9-photos.leclercdrive.fr/image.ashx?id=2871949&use=l&cat=p&typeid=i","cat":284381},{"id":20213,"n":"Camembert Cœur de Lion  8 portions - 240g","p":2.85,"u":"11,88 €/KG","img":"https://fd9-photos.leclercdrive.fr/image.ashx?id=2767962&use=l&cat=p&typeid=i","cat":314033},{"id":20218,"n":"Mozzarella vache Casa Azzurra Boule - 125g","p":1.07,"u":"8,56 €/KG","img":"https://fd9-photos.leclercdrive.fr/image.ashx?id=2904302&use=l&cat=p&typeid=i","cat":314026},{"id":20220,"n":"Flan Délisse Chocolat - 12x100g","p":3.45,"u":"2,88 €/KG","img":"https://fd9-photos.leclercdrive.fr/image.ashx?id=2362264&use=l&cat=p&typeid=i","cat":284420},{"id":20222,"n":"Ricotta Casa Azzurra 250g","p":1.62,"u":"6,48 €/KG","img":"https://fd9-photos.leclercdrive.fr/image.ashx?id=1849630&use=l&cat=p&typeid=i","cat":314026},{"id":20258,"n":"Biscuit bio Céréal Bio  Chocolat Noir intense - 132g","p":1.57,"u":"11,89 €/KG","img":"https://fd9-photos.leclercdrive.fr/image.ashx?id=2574278&use=l&cat=p&typeid=i","cat":284487},{"id":20267,"n":"Compote bio Bio Village Coupelle pomme poire - 4x100g","p":2.29,"u":"5,73 €/KG","img":"https://fd9-photos.leclercdrive.fr/image.ashx?id=2442710&use=l&cat=p&typeid=i","cat":284508},{"id":20291,"n":"Déodorant bille Manava Vanille 50ml","p":1.29,"u":"25,80 €/L","img":"https://fd9-photos.leclercdrive.fr/image.ashx?id=2481213&use=l&cat=p&typeid=i","cat":284595},{"id":20292,"n":"Déodorant bille Manava Anti traces 50ml","p":0.69,"u":"13,80 €/L","img":"https://fd9-photos.leclercdrive.fr/image.ashx?id=2481216&use=l&cat=p&typeid=i","cat":284595},{"id":20299,"n":"AOC Saint Mont rouge  Marquis de Seillan - 75cl","p":4.99,"pp":3.29,"u":"4,39 €/L","img":"https://fd9-photos.leclercdrive.fr/image.ashx?id=2753982&use=l&cat=p&typeid=i","cat":289556},{"id":20300,"n":"Tarte Tomates Chèvre Courgette Côté Table - 400g","p":2.81,"u":"7,03 €/KG","img":"https://fd9-photos.leclercdrive.fr/image.ashx?id=2791767&use=l&cat=p&typeid=i","cat":284257},{"id":20309,"n":"Jambon supérieur Tradilège -25% de sel - Découenné x4-160g","p":1.95,"u":"12,19 €/KG","img":"https://fd9-photos.leclercdrive.fr/image.ashx?id=2991518&use=l&cat=p&typeid=i","cat":316009},{"id":20353,"n":"chocolat alter eco noir  ecorces d'orange bio - 100g","p":2.71,"u":"27,10 €/KG","img":"https://fd9-photos.leclercdrive.fr/image.ashx?id=2906532&use=l&cat=p&typeid=i","cat":284956},{"id":20362,"n":"Coeurs filets merlu Pêche Océan MSC 4 à 5 pièces 400g","p":5.3,"u":"13,25 €/KG","img":"https://fd9-photos.leclercdrive.fr/image.ashx?id=2934664&use=l&cat=p&typeid=i","cat":319786},{"id":20380,"n":"Jambon cru 6 tranches Aoste sans conservateur - 165g","p":4.87,"u":"29,52 €/KG","img":"https://fd9-photos.leclercdrive.fr/image.ashx?id=2950285&use=l&cat=p&typeid=i","cat":316007},{"id":20397,"n":"Tagliatelles Weight Watchers Poulet champignons 300g","p":3.6,"u":"12,00 €/KG","img":"https://fd9-photos.leclercdrive.fr/image.ashx?id=2960759&use=l&cat=p&typeid=i","cat":333665},{"id":20414,"n":"Essuie-tout blanc Mimosa Super absorbant - x2","p":2.75,"u":"1,38 €/P","img":"https://fd9-photos.leclercdrive.fr/image.ashx?id=2727371&use=l&cat=p&typeid=i","cat":284635},{"id":20439,"n":"Marmite pêcheur Ttoro 1.5kg","p":6.86,"u":"4,57 €/KG","img":"https://fd9-photos.leclercdrive.fr/image.ashx?id=2786582&use=l&cat=p&typeid=i","cat":284254},{"id":20441,"n":"Sardines Titus Huile d'olive - 3x125g","p":5.03,"u":"13,41 €/KG","img":"https://fd9-photos.leclercdrive.fr/image.ashx?id=2475810&use=l&cat=p&typeid=i","cat":305146},{"id":20447,"n":"Chips Pom'lisse Nature - 350g","p":1.89,"u":"5,40 €/KG","img":"https://fd9-photos.leclercdrive.fr/image.ashx?id=2498596&use=l&cat=p&typeid=i","cat":284447},{"id":20452,"n":"Paëlla Valenciana Fleury Michon 400g","p":3.48,"u":"8,70 €/KG","img":"https://fd9-photos.leclercdrive.fr/image.ashx?id=2656739&use=l&cat=p&typeid=i","cat":333665},{"id":20468,"n":"Blanc de poulet Fleury Michon -25% de sel - x2 - 80g","p":1.35,"u":"16,88 €/KG","img":"https://fd9-photos.leclercdrive.fr/image.ashx?id=2885971&use=l&cat=p&typeid=i","cat":316010},{"id":20484,"n":"AOP Cabernet d'Anjou rosé Plessis-Duval - 75cl","p":4.43,"u":"5,91 €/L","img":"https://fd9-photos.leclercdrive.fr/image.ashx?id=2941035&use=l&cat=p&typeid=i","cat":289558},{"id":20488,"n":"Crème de cassis de Dijon Guyot 15%vol. - 70cl","p":5.72,"u":"8,17 €/L","img":"https://fd9-photos.leclercdrive.fr/image.ashx?id=1727598&use=l&cat=p&typeid=i","cat":286032},{"id":20495,"n":"Boisson Jafaden Cranberry Light - 1L","p":1.59,"u":"1,59 €/L","img":"https://fd9-photos.leclercdrive.fr/image.ashx?id=2584014&use=l&cat=p&typeid=i","cat":284915},{"id":20501,"n":"Yaourts aux fruits Délisse Fruits Jaunes - 8x125g","p":2.29,"u":"2,29 €/KG","img":"https://fd9-photos.leclercdrive.fr/image.ashx?id=2533319&use=l&cat=p&typeid=i","cat":284410},{"id":20545,"n":"Haricots verts Bio Bio Village 600g","p":1.46,"u":"2,43 €/KG","img":"https://fd9-photos.leclercdrive.fr/image.ashx?id=2891812&use=l&cat=p&typeid=i","cat":319805},{"id":20627,"n":"Chipolatas Férial x12 - 660g","p":7.09,"u":"10,74 €/KG","img":"https://fd9-photos.leclercdrive.fr/image.ashx?id=2837099&use=l&cat=p&typeid=i","cat":284334},{"id":20634,"n":"Lait céréales Blédidej 6 mois Vanille - 4x250ml","p":3.22,"u":"3,22 €/L","img":"https://fd9-photos.leclercdrive.fr/image.ashx?id=2921046&use=l&cat=p&typeid=i","cat":312226},{"id":20646,"n":"Filtre à thé Britley x30","p":1.64,"u":"0,05 €/P","img":"https://fd9-photos.leclercdrive.fr/image.ashx?id=2755058&use=l&cat=p&typeid=i","cat":293233},{"id":20648,"n":"Maquereaux Pêche Océan Moutarde à l'ancienne - 169g","p":1.66,"u":"9,82 €/KG","img":"https://fd9-photos.leclercdrive.fr/image.ashx?id=2515676&use=l&cat=p&typeid=i","cat":303868},{"id":20683,"n":"Pommes duchesse Pom'lisse 750g","p":1.29,"u":"1,72 €/KG","img":"https://fd9-photos.leclercdrive.fr/image.ashx?id=2851577&use=l&cat=p&typeid=i","cat":319792},{"id":20684,"n":"Cordon bleu de poulet Eco+ 800g","p":3.9,"u":"4,88 €/KG","img":"https://fd9-photos.leclercdrive.fr/image.ashx?id=2779871&use=l&cat=p&typeid=i","cat":319780},{"id":20685,"n":"Purée 4 légumes Notre Jardin 750g","p":2.24,"u":"2,99 €/KG","img":"https://fd9-photos.leclercdrive.fr/image.ashx?id=2856160&use=l&cat=p&typeid=i","cat":319805},{"id":20692,"n":"Filet de saumon Fleury Michon purée de brocolis - 300g","p":3.74,"u":"12,47 €/KG","img":"https://fd9-photos.leclercdrive.fr/image.ashx?id=3003278&use=l&cat=p&typeid=i","cat":333665},{"id":20696,"n":"Sandwich Club Sodebo Simple&Bon  Jambon Emmental - 145g","p":1.58,"u":"10,90 €/KG","img":"https://fd9-photos.leclercdrive.fr/image.ashx?id=2851497&use=l&cat=p&typeid=i","cat":333658},{"id":20697,"n":"Sandwich Suédois Sodebo Jambon Cheddar 135g","p":1.81,"u":"13,41 €/KG","img":"https://fd9-photos.leclercdrive.fr/image.ashx?id=2912095&use=l&cat=p&typeid=i","cat":333658},{"id":20700,"n":"Macaroni sauce tomate Marie Boulettes de viande 280g","p":2.98,"u":"10,64 €/KG","img":"https://fd9-photos.leclercdrive.fr/image.ashx?id=2980968&use=l&cat=p&typeid=i","cat":333665},{"id":20705,"n":"Salade Notre Jardin Coeurs de laitue - 70g","p":0.89,"u":"12,71 €/KG","img":"https://fd9-photos.leclercdrive.fr/image.ashx?id=2720166&use=l&cat=p&typeid=i","cat":284353},{"id":20715,"n":"Betterave rouge Bio  Bio Village - 500g","p":1.49,"u":"2,98 €/KG","img":"https://fd9-photos.leclercdrive.fr/image.ashx?id=2888434&use=l&cat=p&typeid=i","cat":284352},{"id":20718,"n":"Sirop Frucci Orgeat - 1L","p":4.18,"u":"4,18 €/L","img":"https://fd9-photos.leclercdrive.fr/image.ashx?id=2954085&use=l&cat=p&typeid=i","cat":295020},{"id":20721,"n":"Epinards Bonduelle Feuilles préservées - 750g","p":2.16,"u":"2,88 €/KG","img":"https://fd9-photos.leclercdrive.fr/image.ashx?id=2910028&use=l&cat=p&typeid=i","cat":319805},{"id":20724,"n":"Cheeseburger Charal 6x140g - 840g","p":8.97,"u":"10,68 €/KG","img":"https://fd9-photos.leclercdrive.fr/image.ashx?id=2741952&use=l&cat=p&typeid=i","cat":319822},{"id":20727,"n":"Yaourts Malo Vanille Bio - 4x125g","p":1.9,"u":"3,80 €/KG","img":"https://fd9-photos.leclercdrive.fr/image.ashx?id=2908633&use=l&cat=p&typeid=i","cat":286006},{"id":20744,"n":"Philadelphia Nature - 150g","p":1.9,"u":"12,67 €/KG","img":"https://fd9-photos.leclercdrive.fr/image.ashx?id=1586142&use=l&cat=p&typeid=i","cat":314029},{"id":20753,"n":"Mouchoirs The Original Kleenex® Etuis mini x24","p":3.12,"u":"0,13 €/P","img":"https://fd9-photos.leclercdrive.fr/image.ashx?id=2840301&use=l&cat=p&typeid=i","cat":284638},{"id":20758,"n":"Riz cantonais Tables du Monde 900g","p":3.99,"u":"4,43 €/KG","img":"https://fd9-photos.leclercdrive.fr/image.ashx?id=2903953&use=l&cat=p&typeid=i","cat":284254},{"id":20759,"n":"Purée de céleris Notre Jardin Nature 750g","p":1.88,"u":"2,51 €/KG","img":"https://fd9-photos.leclercdrive.fr/image.ashx?id=2856169&use=l&cat=p&typeid=i","cat":319805},{"id":20760,"n":"Légumes vapeurs Notre Jardin 2x200g","p":2.47,"u":"6,18 €/KG","img":"https://fd9-photos.leclercdrive.fr/image.ashx?id=2900106&use=l&cat=p&typeid=i","cat":319805},{"id":20762,"n":"Légumes vapeurs Notre Jardin Méditerranéens 2x200g","p":1.8,"u":"4,50 €/KG","img":"https://fd9-photos.leclercdrive.fr/image.ashx?id=2916689&use=l&cat=p&typeid=i","cat":319805},{"id":20773,"n":"Anneaux d'encornets Pêche Océan 500g","p":6.55,"u":"13,10 €/KG","img":"https://fd9-photos.leclercdrive.fr/image.ashx?id=3012391&use=l&cat=p&typeid=i","cat":319787},{"id":20789,"n":"Déodorant Carré Homme Anti-transpirant 200ml","p":1.35,"u":"6,75 €/L","img":"https://fd9-photos.leclercdrive.fr/image.ashx?id=2610693&use=l&cat=p&typeid=i","cat":284618},{"id":20828,"n":"AOP Côtes de Bourg rouge Château du Bousquet - 75cl","p":8.25,"u":"11,00 €/L","img":"https://fd9-photos.leclercdrive.fr/image.ashx?id=2313942&use=l&cat=p&typeid=i","cat":289556},{"id":20834,"n":"AOP Saumur Champigny rouge Charles de Villeneuve - 75cl","p":5.95,"pp":4.46,"u":"5,95 €/L","img":"https://fd9-photos.leclercdrive.fr/image.ashx?id=2859275&use=l&cat=p&typeid=i","cat":289556},{"id":20840,"n":"Yaourts Mamie Nova Panaché de fruits - 6x150g","p":3.57,"u":"3,97 €/KG","img":"https://fd9-photos.leclercdrive.fr/image.ashx?id=2886954&use=l&cat=p&typeid=i","cat":284410},{"id":20862,"n":"Sauce Provençale Turini 190g","p":0.59,"u":"3,11 €/KG","img":"https://fd9-photos.leclercdrive.fr/image.ashx?id=2386152&use=l&cat=p&typeid=i","cat":287599},{"id":20863,"n":"Allumettes de bacon Herta Fumées 200g","p":2.21,"u":"11,05 €/KG","img":"https://fd9-photos.leclercdrive.fr/image.ashx?id=2876242&use=l&cat=p&typeid=i","cat":316011},{"id":20951,"n":"Bière blonde Kronenbourg 4,2° - 40x25cl","p":18.31,"u":"1,83 €/L","img":"https://fd9-photos.leclercdrive.fr/image.ashx?id=2984853&use=l&cat=p&typeid=i","cat":334873},{"id":20981,"n":"Merguez boeuf mouton Bigard 330g","p":4.75,"u":"14,39 €/KG","img":"https://fd9-photos.leclercdrive.fr/image.ashx?id=2014922&use=l&cat=p&typeid=i","cat":284334},{"id":20982,"n":"Chipolatas Bigard Label Rouge x6 - 330g","p":4.99,"u":"15,12 €/KG","img":"https://fd9-photos.leclercdrive.fr/image.ashx?id=2008712&use=l&cat=p&typeid=i","cat":284334},{"id":20986,"n":"Sauce Napolitaine Turini 190g","p":0.85,"u":"4,47 €/KG","img":"https://fd9-photos.leclercdrive.fr/image.ashx?id=2552430&use=l&cat=p&typeid=i","cat":287599},{"id":21017,"n":"Poisson Pané Findus  Colin d'Alaska - x10 - 510g","p":4.33,"u":"8,49 €/KG","img":"https://fd9-photos.leclercdrive.fr/image.ashx?id=2735332&use=l&cat=p&typeid=i","cat":319788},{"id":21027,"n":"Sauce bolognaise Turini 190g","p":0.85,"u":"4,47 €/KG","img":"https://fd9-photos.leclercdrive.fr/image.ashx?id=2634869&use=l&cat=p&typeid=i","cat":287599},{"id":21040,"n":"Whisky Monkey Shoulder 40%vol - 70cl","p":24.56,"u":"35,09 €/L","img":"https://fd9-photos.leclercdrive.fr/image.ashx?id=2917528&use=l&cat=p&typeid=i","cat":284547},{"id":21077,"n":"Bière blonde La Goudale 7.2%vol. - 6x25cl","p":4.04,"u":"2,69 €/L","img":"https://fd9-photos.leclercdrive.fr/image.ashx?id=2789865&use=l&cat=p&typeid=i","cat":334852},{"id":21079,"n":"Bière ambrée corse Pietra 6° - 50cl canette","p":2.38,"u":"4,76 €/L","img":"https://fd9-photos.leclercdrive.fr/image.ashx?id=3011470&use=l&cat=p&typeid=i","cat":334853},{"id":21081,"n":"Bière blonde Rince Cochon 50cl","p":1.86,"u":"3,72 €/L","img":"https://fd9-photos.leclercdrive.fr/image.ashx?id=2021232&use=l&cat=p&typeid=i","cat":334853},{"id":21115,"n":"Lambrusco Rosato Vilaveroni 75cl","p":4.23,"u":"5,64 €/L","img":"https://fd9-photos.leclercdrive.fr/image.ashx?id=2333030&use=l&cat=p&typeid=i","cat":289558},{"id":21221,"n":"Déodorant bille Nivea  Pearl & Beauty - 50ml","p":2.33,"u":"46,60 €/L","img":"https://fd9-photos.leclercdrive.fr/image.ashx?id=2871061&use=l&cat=p&typeid=i","cat":284595},{"id":21246,"n":"Pièges Insectivor Anti-mites alimentaires - x2","p":2.76,"u":"1,38 €/P","img":"https://fd9-photos.leclercdrive.fr/image.ashx?id=2884237&use=l&cat=p&typeid=i","cat":298368},{"id":21271,"n":"Crème de jour Diadermine Expert rides 3D - 50ml","p":8.3,"pp":5.48,"u":"109,60 €/L","img":"https://fd9-photos.leclercdrive.fr/image.ashx?id=2500488&use=l&cat=p&typeid=i","cat":325345},{"id":21294,"n":"Vin rouge Villages Chusclan Domaine l'Olivette 75cl","p":6.41,"u":"8,55 €/L","img":"https://fd9-photos.leclercdrive.fr/image.ashx?id=2428480&use=l&cat=p&typeid=i","cat":289556},{"id":21326,"n":"Tapenade olives noires NRT 90g","p":1.84,"u":"20,44 €/KG","img":"https://fd9-photos.leclercdrive.fr/image.ashx?id=2873204&use=l&cat=p&typeid=i","cat":284451},{"id":21370,"n":"Emincés pour chat Tous mes amis Viande 4x390g","p":4.21,"u":"2,70 €/KG","img":"https://fd9-photos.leclercdrive.fr/image.ashx?id=776789&use=l&cat=p&typeid=i","cat":285601},{"id":21480,"n":"Moules farcies Ronde des Mers MSC - x24 - 250g","p":7.85,"u":"31,40 €/KG","img":"https://fd9-photos.leclercdrive.fr/image.ashx?id=2627637&use=l&cat=p&typeid=i","cat":319787},{"id":21485,"n":"Eau gazeuse La Pétillante Naturelle - 6x1L","p":2.34,"u":"0,39 €/L","img":"https://fd9-photos.leclercdrive.fr/image.ashx?id=2452966&use=l&cat=p&typeid=i","cat":284536},{"id":21494,"n":"AOC Côtes de Provence Valestrel rosé - BIB 3L","p":21.9,"u":"7,30 €/L","img":"https://fd9-photos.leclercdrive.fr/image.ashx?id=2997763&use=l&cat=p&typeid=i","cat":289560},{"id":21572,"n":"Baguette La Boulangère Viennoise fendue 340g","p":1.48,"u":"4,35 €/KG","img":"https://fd9-photos.leclercdrive.fr/image.ashx?id=2912392&use=l&cat=p&typeid=i","cat":284985},{"id":21573,"n":"Bonbons LUTTI Arlequin Original 250g","p":1.73,"u":"6,92 €/KG","img":"https://fd9-photos.leclercdrive.fr/image.ashx?id=2817422&use=l&cat=p&typeid=i","cat":304252},{"id":21580,"n":"Steak haché Isla Délice 100% boeuf Halal x10 800g","p":11.66,"u":"14,58 €/KG","img":"https://fd9-photos.leclercdrive.fr/image.ashx?id=2349233&use=l&cat=p&typeid=i","cat":319778},{"id":21581,"n":"Burger Isla Délice  Halal  - x10 800g","p":9.84,"u":"12,30 €/KG","img":"https://fd9-photos.leclercdrive.fr/image.ashx?id=1587519&use=l&cat=p&typeid=i","cat":319778},{"id":21584,"n":"Olives noires Crespo Dénoyautées - 170g","p":1.54,"u":"9,06 €/KG","img":"https://fd9-photos.leclercdrive.fr/image.ashx?id=2616892&use=l&cat=p&typeid=i","cat":284458},{"id":21588,"n":"Semoule Floraline 500g","p":2.15,"u":"4,30 €/KG","img":"https://fd9-photos.leclercdrive.fr/image.ashx?id=2968187&use=l&cat=p&typeid=i","cat":284429},{"id":21606,"n":"Cornichons Maille extra fins 380g","p":3.13,"u":"8,24 €/KG","img":"https://fd9-photos.leclercdrive.fr/image.ashx?id=2945826&use=l&cat=p&typeid=i","cat":284458},{"id":21609,"n":"Cornichons Extra-Fins MAILLE 220g","p":2.23,"u":"10,14 €/KG","img":"https://fd9-photos.leclercdrive.fr/image.ashx?id=2945823&use=l&cat=p&typeid=i","cat":284458},{"id":21611,"n":"Lotion douceur Inell Tonique - 250ml","p":1.52,"u":"6,08 €/L","img":"https://fd9-photos.leclercdrive.fr/image.ashx?id=2707561&use=l&cat=p&typeid=i","cat":284603},{"id":21612,"n":"Liquide vaisselle Eco+ Citron 1L","p":0.72,"u":"0,72 €/L","img":"https://fd9-photos.leclercdrive.fr/image.ashx?id=2874368&use=l&cat=p&typeid=i","cat":284655},{"id":21656,"n":"Boîte chiens Lydog Bouchées Boeuf carottes - 1,25kg","p":2.65,"u":"2,12 €/KG","img":"https://fd9-photos.leclercdrive.fr/image.ashx?id=2710491&use=l&cat=p&typeid=i","cat":288578},{"id":21658,"n":"Boîte chiens Lydog Terrines Cabillaud saumon - 1.2kg","p":2.42,"u":"1,95 €/KG","img":"https://fd9-photos.leclercdrive.fr/image.ashx?id=2493667&use=l&cat=p&typeid=i","cat":288578},{"id":21662,"n":"Boîte chiens Lydog Bouchées Poulet légumes - 1,2kg","p":1.98,"u":"1,65 €/KG","img":"https://fd9-photos.leclercdrive.fr/image.ashx?id=2548100&use=l&cat=p&typeid=i","cat":288578},{"id":21663,"n":"Bouchées au poulet foie et  aux carottes Lydog - 1.23kg","p":2.39,"u":"1,94 €/KG","img":"https://fd9-photos.leclercdrive.fr/image.ashx?id=2691225&use=l&cat=p&typeid=i","cat":288578},{"id":21676,"n":"Bûche de chèvre Ste Maure Sélection Soignon - 200g","p":2.96,"u":"14,80 €/KG","img":"https://fd9-photos.leclercdrive.fr/image.ashx?id=2799925&use=l&cat=p&typeid=i","cat":314031},{"id":21678,"n":"AOP Munster Ermitage 50%mg - 200g","p":3.14,"u":"15,70 €/KG","img":"https://fd9-photos.leclercdrive.fr/image.ashx?id=2311279&use=l&cat=p&typeid=i","cat":329558},{"id":21685,"n":"Nuggets de poulet Côté Croc x20 - 400g","p":3.5,"u":"8,75 €/KG","img":"https://fd9-photos.leclercdrive.fr/image.ashx?id=2837045&use=l&cat=p&typeid=i","cat":333684},{"id":21686,"n":"Saucisson sec Saint Azay Spécialité 200g","p":2.99,"u":"14,95 €/KG","img":"https://fd9-photos.leclercdrive.fr/image.ashx?id=2472053&use=l&cat=p&typeid=i","cat":316006},{"id":21687,"n":"Fromage Cheddar Burger Les Croisés 10 Tranches - 200g","p":1.25,"u":"6,25 €/KG","img":"https://fd9-photos.leclercdrive.fr/image.ashx?id=2946835&use=l&cat=p&typeid=i","cat":314028},{"id":21688,"n":"Fromage Emmental Croque Les Croisés 10 Tranches - 200g","p":1.19,"u":"5,95 €/KG","img":"https://fd9-photos.leclercdrive.fr/image.ashx?id=2893313&use=l&cat=p&typeid=i","cat":314028},{"id":21697,"n":"Fromage Raclette Savoie NRT  IGP - 400g","p":6.05,"u":"15,13 €/KG","img":"https://fd9-photos.leclercdrive.fr/image.ashx?id=1937939&use=l&cat=p&typeid=i","cat":314037},{"id":21699,"n":"Crème fraîche Eco  Epaisse - 30% MG - 50cl","p":1.89,"u":"3,78 €/L","img":"https://fd9-photos.leclercdrive.fr/image.ashx?id=2981445&use=l&cat=p&typeid=i","cat":284381},{"id":21701,"n":"Glace Eco+ Vanille - 500g","p":1.25,"u":"2,50 €/KG","img":"https://fd9-photos.leclercdrive.fr/image.ashx?id=2711580&use=l&cat=p&typeid=i","cat":284263},{"id":21702,"n":"Haricots verts Eco+ Très fins - 1kg","p":1.39,"u":"1,39 €/KG","img":"https://fd9-photos.leclercdrive.fr/image.ashx?id=2728219&use=l&cat=p&typeid=i","cat":319805},{"id":21877,"n":"Purée surgelée Pom'lisse Pommes de terre 750g","p":2.04,"u":"2,72 €/KG","img":"https://fd9-photos.leclercdrive.fr/image.ashx?id=2759777&use=l&cat=p&typeid=i","cat":319793},{"id":22033,"n":"Gin Brighton's London Dry 37.5%vol - 70cl","p":9.99,"u":"14,27 €/L","img":"https://fd9-photos.leclercdrive.fr/image.ashx?id=2907183&use=l&cat=p&typeid=i","cat":284550},{"id":22040,"n":"Mini bûches glacées Eskiss Assortiment chocolat x6 - 310g","p":2.29,"u":"7,39 €/KG","img":"https://fd9-photos.leclercdrive.fr/image.ashx?id=2790955&use=l&cat=p&typeid=i","cat":284266},{"id":22065,"n":"Filets de maquereaux Saupiquet A la moutarde - 3x169g","p":5.99,"u":"11,81 €/KG","img":"https://fd9-photos.leclercdrive.fr/image.ashx?id=2826972&use=l&cat=p&typeid=i","cat":303868},{"id":22074,"n":"Cornichons Maille Extra fins - 380g","p":3.03,"u":"7,97 €/KG","img":"https://fd9-photos.leclercdrive.fr/image.ashx?id=2403184&use=l&cat=p&typeid=i","cat":284458},{"id":22087,"n":"Sucettes Chupa Chups Mini Assortiment x30 180g","p":1.87,"u":"10,39 €/KG","img":"https://fd9-photos.leclercdrive.fr/image.ashx?id=2647606&use=l&cat=p&typeid=i","cat":304250},{"id":22112,"n":"Vodka Sobieski 37.5%vol - 70cl","p":10.77,"u":"15,39 €/L","img":"https://fd9-photos.leclercdrive.fr/image.ashx?id=2948474&use=l&cat=p&typeid=i","cat":284550},{"id":22115,"n":"Cidre brut Les Goelleries Bretagne 4.5%vol. - 1,5L","p":1.87,"u":"1,25 €/L","img":"https://fd9-photos.leclercdrive.fr/image.ashx?id=2842277&use=l&cat=p&typeid=i","cat":334880},{"id":22116,"n":"Pain de mie complet Epi d'Or Grandes tranches - 550g","p":1.22,"u":"2,22 €/KG","img":"https://fd9-photos.leclercdrive.fr/image.ashx?id=2861292&use=l&cat=p&typeid=i","cat":284477},{"id":22140,"n":"Crème anglaise Délisse 3x20cl","p":2.65,"u":"4,42 €/L","img":"https://fd9-photos.leclercdrive.fr/image.ashx?id=3002590&use=l&cat=p&typeid=i","cat":284382},{"id":22141,"n":"Riz Basmati Comptoir du grain Sélection Riz long - 5x90g","p":1.81,"u":"4,02 €/KG","img":"https://fd9-photos.leclercdrive.fr/image.ashx?id=2076685&use=l&cat=p&typeid=i","cat":284428},{"id":22142,"n":"Terrines chats Tous mes amis Spécial chaton - 4x400g","p":4.86,"u":"3,04 €/KG","img":"https://fd9-photos.leclercdrive.fr/image.ashx?id=647133&use=l&cat=p&typeid=i","cat":285601},{"id":22143,"n":"Emincés Tous Mes Amis En sauce - 4x400g","p":4.39,"u":"2,74 €/KG","img":"https://fd9-photos.leclercdrive.fr/image.ashx?id=776773&use=l&cat=p&typeid=i","cat":285601},{"id":22189,"n":"Lingettes Démak'up px sensibles Démaquillantes 3x25","p":6.29,"u":"0,08 €/P","img":"https://fd9-photos.leclercdrive.fr/image.ashx?id=2744683&use=l&cat=p&typeid=i","cat":284603},{"id":22190,"n":"Lingettes Demak'up px mixtes Normales démaquillantes 3x25","p":6.29,"u":"0,08 €/P","img":"https://fd9-photos.leclercdrive.fr/image.ashx?id=2744686&use=l&cat=p&typeid=i","cat":284603},{"id":22207,"n":"Blanc de Poulet Tradilège -25% de sel - 4 Tranches - 160g","p":1.92,"u":"12,00 €/KG","img":"https://fd9-photos.leclercdrive.fr/image.ashx?id=2974969&use=l&cat=p&typeid=i","cat":316010},{"id":22209,"n":"Lait entier UHT Bio Bio village Bouteille - 6x1L","p":8.94,"u":"1,49 €/L","img":"https://fd9-photos.leclercdrive.fr/image.ashx?id=2970021&use=l&cat=p&typeid=i","cat":285610},{"id":22212,"n":"Vin de l'Union Européenne rouge Vieux Papes - BIB 5L","p":11.97,"u":"2,39 €/L","img":"https://fd9-photos.leclercdrive.fr/image.ashx?id=2136139&use=l&cat=p&typeid=i","cat":289556},{"id":22229,"n":"Terrines chats Tous mes ami Foie volaille - 800g","p":2.01,"u":"2,51 €/KG","img":"https://fd9-photos.leclercdrive.fr/image.ashx?id=2869793&use=l&cat=p&typeid=i","cat":285601},{"id":22348,"n":"Moule à cake Homeside Revêtement antiadhésif - 27cm","p":5.93,"img":"https://fd9-photos.leclercdrive.fr/image.ashx?id=2832634&use=l&cat=p&typeid=i","cat":298490},{"id":22373,"n":"Carré pour la vaisselle Mamison x5","p":1.35,"img":"https://fd9-photos.leclercdrive.fr/image.ashx?id=2622010&use=l&cat=p&typeid=i","cat":284667},{"id":22374,"n":"Chiffons secs Clair Dépouissiérants x20","p":1.97,"img":"https://fd9-photos.leclercdrive.fr/image.ashx?id=2819926&use=l&cat=p&typeid=i","cat":325364},{"id":22388,"n":"IGP Ile de Beauté vin rosé Terres Ocrées 11.5%vol - BIB 3L","p":12.99,"u":"4,33 €/L","img":"https://fd9-photos.leclercdrive.fr/image.ashx?id=2863036&use=l&cat=p&typeid=i","cat":289560},{"id":22477,"n":"Pignons de pin Couleurs Vives 125g","p":5.99,"u":"47,92 €/KG","img":"https://fd9-photos.leclercdrive.fr/image.ashx?id=2617201&use=l&cat=p&typeid=i","cat":284357},{"id":22487,"n":"IGP Pays d'Oc rosé Roche Mazet Grenache Cinsault - BIB 3L","p":10.58,"u":"3,53 €/L","img":"https://fd9-photos.leclercdrive.fr/image.ashx?id=2597118&use=l&cat=p&typeid=i","cat":289560},{"id":22506,"n":"Yaourts aromatisés Délisse 4 saveurs - 8x125g","p":2.79,"u":"2,79 €/KG","img":"https://fd9-photos.leclercdrive.fr/image.ashx?id=2790952&use=l&cat=p&typeid=i","cat":286006},{"id":22515,"n":"Boisson énergisante X-tense Canette - 6x25cl","p":2.34,"u":"1,56 €/L","img":"https://fd9-photos.leclercdrive.fr/image.ashx?id=2956062&use=l&cat=p&typeid=i","cat":284533},{"id":22517,"n":"Vodka Poliakov Flask 37.5%vol - 20cl","p":3.83,"u":"19,15 €/L","img":"https://fd9-photos.leclercdrive.fr/image.ashx?id=2484029&use=l&cat=p&typeid=i","cat":284550},{"id":22584,"n":"AOC Bergerac vin rosé Terrasses d'Autan - BIB 3L","p":9.89,"u":"3,30 €/L","img":"https://fd9-photos.leclercdrive.fr/image.ashx?id=2709659&use=l&cat=p&typeid=i","cat":289560},{"id":22588,"n":"IGP Pays d'Oc Chardonnay Blanc Vieux Carion 12% vol BIB 3L","p":8.99,"u":"3,00 €/L","img":"https://fd9-photos.leclercdrive.fr/image.ashx?id=2591397&use=l&cat=p&typeid=i","cat":289560},{"id":22596,"n":"IGP Pays d'Oc Merlot vin rouge Vieux Carion - 4x25 cl","p":4.76,"u":"4,76 €/L","img":"https://fd9-photos.leclercdrive.fr/image.ashx?id=2896889&use=l&cat=p&typeid=i","cat":289556},{"id":22625,"n":"IGP Pays d'Oc Sauvignon Blanc Vieux Carion 12% vol - 4x25 cl","p":5.0,"u":"5,00 €/L","img":"https://fd9-photos.leclercdrive.fr/image.ashx?id=2896892&use=l&cat=p&typeid=i","cat":289557},{"id":22653,"n":"Crème entière fluide UHT Bio Bio Village 30% MG - 25cl","p":1.85,"u":"7,40 €/L","img":"https://fd9-photos.leclercdrive.fr/image.ashx?id=2801795&use=l&cat=p&typeid=i","cat":284381},{"id":22654,"n":"Fromage St Nectaire NRT AOP  600g","p":8.67,"u":"14,45 €/KG","img":"https://fd9-photos.leclercdrive.fr/image.ashx?id=2550854&use=l&cat=p&typeid=i","cat":329184},{"id":22658,"n":"Fromage râpé fondue NRT Savoyarde - 400g","p":6.94,"u":"17,35 €/KG","img":"https://fd9-photos.leclercdrive.fr/image.ashx?id=2771076&use=l&cat=p&typeid=i","cat":314037},{"id":22659,"n":"Cancoillotte nature NRT IGP 250g","p":1.97,"u":"7,88 €/KG","img":"https://fd9-photos.leclercdrive.fr/image.ashx?id=2663845&use=l&cat=p&typeid=i","cat":314037},{"id":22660,"n":"Cancoillotte à l'ail NRT IGP 250g","p":1.97,"u":"7,88 €/KG","img":"https://fd9-photos.leclercdrive.fr/image.ashx?id=2663848&use=l&cat=p&typeid=i","cat":314037},{"id":22689,"n":"Confiture extra bio Bio Village Fraises - 370g","p":1.79,"u":"4,84 €/KG","img":"https://fd9-photos.leclercdrive.fr/image.ashx?id=2965626&use=l&cat=p&typeid=i","cat":284480},{"id":22690,"n":"Confiture extra bio Bio Village Abricots - 370g","p":1.79,"u":"4,84 €/KG","img":"https://fd9-photos.leclercdrive.fr/image.ashx?id=2965629&use=l&cat=p&typeid=i","cat":284480},{"id":22703,"n":"Chocolat au lait Bio Ethiquable  Riz soufflé - 100g","p":2.58,"u":"25,80 €/KG","img":"https://fd9-photos.leclercdrive.fr/image.ashx?id=2870869&use=l&cat=p&typeid=i","cat":284497},{"id":22754,"n":"Bière blonde Leffe 6,6% - format promo 24x25cl","p":13.99,"u":"2,33 €/L","img":"https://fd9-photos.leclercdrive.fr/image.ashx?id=2111076&use=l&cat=p&typeid=i","cat":334852},{"id":22787,"n":"Saumon Ronde des Mers Petites tranches - 100g","p":3.69,"u":"36,90 €/KG","img":"https://fd9-photos.leclercdrive.fr/image.ashx?id=2966243&use=l&cat=p&typeid=i","cat":285188},{"id":22794,"n":"Chocolat Daim Milka Chocolat au lait daim - 145g","p":2.37,"u":"16,34 €/KG","img":"https://fd9-photos.leclercdrive.fr/image.ashx?id=3002288&use=l&cat=p&typeid=i","cat":304238},{"id":22799,"n":"Mayonnaise Lesieur 710g","p":3.19,"u":"4,49 €/KG","img":"https://fd9-photos.leclercdrive.fr/image.ashx?id=2917693&use=l&cat=p&typeid=i","cat":298295},{"id":22804,"n":"Boisson végétale Bio Village Soja nature bio - 1l","p":0.88,"u":"0,88 €/L","img":"https://fd9-photos.leclercdrive.fr/image.ashx?id=2372350&use=l&cat=p&typeid=i","cat":316067},{"id":22805,"n":"Boisson végétale Bio Village Soja vanille bio - 1l","p":1.42,"u":"1,42 €/L","img":"https://fd9-photos.leclercdrive.fr/image.ashx?id=2357707&use=l&cat=p&typeid=i","cat":316067},{"id":22850,"n":"Sac à sapin biodégradable or brillant Handicap International","p":5.0,"img":"https://fd9-photos.leclercdrive.fr/image.ashx?id=1974747&use=l&cat=p&typeid=i","cat":285168},{"id":22867,"n":"AOP Champagne Tradition Brut C. de Cazanove  - 75cl","p":19.3,"u":"25,73 €/L","img":"https://fd9-photos.leclercdrive.fr/image.ashx?id=2050174&use=l&cat=p&typeid=i","cat":284542},{"id":22887,"n":"Beurre Bio Grand Fermage Doux - 82% MG - 250g","p":3.67,"u":"14,68 €/KG","img":"https://fd9-photos.leclercdrive.fr/image.ashx?id=2951842&use=l&cat=p&typeid=i","cat":284379},{"id":22891,"n":"Eponges magiques Mamison x3","p":1.35,"u":"0,45 €/P","img":"https://fd9-photos.leclercdrive.fr/image.ashx?id=2978522&use=l&cat=p&typeid=i","cat":284667},{"id":22893,"n":"Cidre doux Les Goelleries 2%vol. - 1,5L","p":2.09,"u":"1,39 €/L","img":"https://fd9-photos.leclercdrive.fr/image.ashx?id=2843791&use=l&cat=p&typeid=i","cat":334880},{"id":22894,"n":"Nettoyant spray Clair Ultra dégraissant - 750ml","p":1.18,"u":"1,57 €/L","img":"https://fd9-photos.leclercdrive.fr/image.ashx?id=2840386&use=l&cat=p&typeid=i","cat":325357},{"id":22895,"n":"Nettoyant spray Clair javel Salle de bains 750ml","p":1.46,"u":"1,95 €/L","img":"https://fd9-photos.leclercdrive.fr/image.ashx?id=2840473&use=l&cat=p&typeid=i","cat":325357},{"id":22898,"n":"Nettoyant Silex vitres d'insert Barbecue ultra décapante 750ml","p":3.99,"u":"5,32 €/L","img":"https://fd9-photos.leclercdrive.fr/image.ashx?id=2657087&use=l&cat=p&typeid=i","cat":325363},{"id":22900,"n":"Eau de Cologne Belles Saisons Lavande 250ml","p":1.69,"u":"6,76 €/L","img":"https://fd9-photos.leclercdrive.fr/image.ashx?id=2851655&use=l&cat=p&typeid=i","cat":291525},{"id":22902,"n":"Savon de Marseille Epsil Textiles délicats 400g","p":1.72,"u":"4,30 €/KG","img":"https://fd9-photos.leclercdrive.fr/image.ashx?id=2034938&use=l&cat=p&typeid=i","cat":284651},{"id":22911,"n":"Gants de ménage Mamison Taille S 1 paire","p":1.01,"img":"https://fd9-photos.leclercdrive.fr/image.ashx?id=2635676&use=l&cat=p&typeid=i","cat":284668},{"id":22912,"n":"Gants Mamison spécial vaisselle Taille S 1 paire","p":1.01,"u":"0,51 €/P","img":"https://fd9-photos.leclercdrive.fr/image.ashx?id=2946169&use=l&cat=p&typeid=i","cat":284668},{"id":22960,"n":"Gants de ménage Mamison Taille M 1 paire","p":1.01,"img":"https://fd9-photos.leclercdrive.fr/image.ashx?id=2635679&use=l&cat=p&typeid=i","cat":284668},{"id":22962,"n":"Gants Mamison spécial vaisselle Taille L 1 paire","p":1.01,"u":"50,50 €/L","img":"https://fd9-photos.leclercdrive.fr/image.ashx?id=2946172&use=l&cat=p&typeid=i","cat":284668},{"id":22963,"n":"Gants Mamison ultra résistant Taille M 1 paire","p":1.64,"img":"https://fd9-photos.leclercdrive.fr/image.ashx?id=676218&use=l&cat=p&typeid=i","cat":284668},{"id":22965,"n":"Gants Mamison ultra résistant Taille S 1 paire","p":1.64,"img":"https://fd9-photos.leclercdrive.fr/image.ashx?id=676222&use=l&cat=p&typeid=i","cat":284668},{"id":22967,"n":"Tampon à récurer Mamison Surfaces fragiles xs","p":1.32,"u":"0,66 €/P","img":"https://fd9-photos.leclercdrive.fr/image.ashx?id=2669699&use=l&cat=p&typeid=i","cat":284667},{"id":22968,"n":"Eponges grattantes Mamison Surfaces délicates x2","p":1.49,"u":"0,75 €/P","img":"https://fd9-photos.leclercdrive.fr/image.ashx?id=2202392&use=l&cat=p&typeid=i","cat":284667},{"id":22969,"n":"Lavette Mamison multi-usages Microfibre plusieurs coloris x2","p":0.84,"u":"0,42 €/P","img":"https://fd9-photos.leclercdrive.fr/image.ashx?id=2595095&use=l&cat=p&typeid=i","cat":284667},{"id":22975,"n":"Crème visage hydrante  Inell Peau normale - 50ml","p":1.96,"u":"39,20 €/L","img":"https://fd9-photos.leclercdrive.fr/image.ashx?id=2691634&use=l&cat=p&typeid=i","cat":325345},{"id":22976,"n":"Crème visage nourrissante Inell Peau sèche - 50ml","p":1.96,"u":"39,20 €/L","img":"https://fd9-photos.leclercdrive.fr/image.ashx?id=2771124&use=l&cat=p&typeid=i","cat":325345},{"id":22979,"n":"Gel nettoyant Inell visage Purifiant px norm. mixtes 150ml","p":2.58,"u":"17,20 €/L","img":"https://fd9-photos.leclercdrive.fr/image.ashx?id=1961443&use=l&cat=p&typeid=i","cat":284603},{"id":22981,"n":"Eau de Cologne Belles Saisons Fraîcheur 250ml","p":1.69,"u":"6,76 €/L","img":"https://fd9-photos.leclercdrive.fr/image.ashx?id=1099557&use=l&cat=p&typeid=i","cat":291525},{"id":22996,"n":"Nettoyant détachant Clair Tapis moquettes 600ml","p":2.16,"u":"3,60 €/L","img":"https://fd9-photos.leclercdrive.fr/image.ashx?id=2242721&use=l&cat=p&typeid=i","cat":284907},{"id":23024,"n":"Miel de fleurs Lune de Miel Liquide squeezer Bio -  500g","p":6.07,"u":"12,14 €/KG","img":"https://fd9-photos.leclercdrive.fr/image.ashx?id=3004825&use=l&cat=p&typeid=i","cat":287643},{"id":23031,"n":"Biscottes Heudebert  Céréales complètes - 280g","p":1.79,"u":"6,39 €/KG","img":"https://fd9-photos.leclercdrive.fr/image.ashx?id=2498371&use=l&cat=p&typeid=i","cat":284479},{"id":23040,"n":"Café moulu Méo L'original Bio - 500g","p":9.09,"u":"18,18 €/KG","img":"https://fd9-photos.leclercdrive.fr/image.ashx?id=2571287&use=l&cat=p&typeid=i","cat":284750},{"id":23046,"n":"infusion bio alter eco  rooibos - 40g","p":2.48,"u":"62,00 €/KG","img":"https://fd9-photos.leclercdrive.fr/image.ashx?id=2968361&use=l&cat=p&typeid=i","cat":293233},{"id":23076,"n":"Paté Hénaff 3x78g","p":3.16,"u":"13,50 €/KG","img":"https://fd9-photos.leclercdrive.fr/image.ashx?id=2297989&use=l&cat=p&typeid=i","cat":305149},{"id":23123,"n":"Fromage enfant Ficello Nature à effilocher x4 -84g","p":1.98,"u":"23,57 €/KG","img":"https://fd9-photos.leclercdrive.fr/image.ashx?id=2375373&use=l&cat=p&typeid=i","cat":314030},{"id":23131,"n":"Jambon sec Saint Azay 4 grandes tranches - 110g","p":3.25,"u":"29,55 €/KG","img":"https://fd9-photos.leclercdrive.fr/image.ashx?id=2921372&use=l&cat=p&typeid=i","cat":316007},{"id":23132,"n":"Pâte feuilletée Tablier Blanc Epaisse - 280g","p":1.55,"u":"5,54 €/KG","img":"https://fd9-photos.leclercdrive.fr/image.ashx?id=2635910&use=l&cat=p&typeid=i","cat":333681},{"id":23133,"n":"Pâte brisée Tablier Blanc Epaisse - 280g","p":1.65,"u":"5,89 €/KG","img":"https://fd9-photos.leclercdrive.fr/image.ashx?id=2635913&use=l&cat=p&typeid=i","cat":333681},{"id":23147,"n":"AOP Crémant de Loire  Ackerman Vin blanc brut - 75cl","p":4.99,"u":"6,65 €/L","img":"https://fd9-photos.leclercdrive.fr/image.ashx?id=2928426&use=l&cat=p&typeid=i","cat":284545},{"id":23149,"n":"Bière Grimbergen Brassin De Noël 6.5%vol. - 12x25cl","p":9.49,"pp":7.12,"u":"2,37 €/L","img":"https://fd9-photos.leclercdrive.fr/image.ashx?id=2877715&use=l&cat=p&typeid=i","cat":334852},{"id":23154,"n":"AOP Crémant Wolfberger Demi-sec d'Alsace - 75cl","p":5.93,"u":"7,91 €/L","img":"https://fd9-photos.leclercdrive.fr/image.ashx?id=2764197&use=l&cat=p&typeid=i","cat":284545},{"id":23157,"n":"AOP Champagne Brut Nicolas Feuillatte - 75cl","p":26.97,"u":"35,96 €/L","img":"https://fd9-photos.leclercdrive.fr/image.ashx?id=2962791&use=l&cat=p&typeid=i","cat":284542},{"id":23158,"n":"AOC Crémant de Bourgogne  Veuve Ambal Brut - 75cl","p":7.99,"pp":5.99,"u":"7,99 €/L","img":"https://fd9-photos.leclercdrive.fr/image.ashx?id=1737205&use=l&cat=p&typeid=i","cat":284545},{"id":23164,"n":"Champagne Chanoine tradition Brut - 75cl","p":23.52,"u":"31,36 €/L","img":"https://fd9-photos.leclercdrive.fr/image.ashx?id=1559059&use=l&cat=p&typeid=i","cat":284542},{"id":23169,"n":"Papier toilette Mimosa Blanc - Ultra Moelleux - x6","p":3.29,"u":"0,55 €/P","img":"https://fd9-photos.leclercdrive.fr/image.ashx?id=2777857&use=l&cat=p&typeid=i","cat":284634},{"id":23177,"n":"Pur jus Bio Village Bio Carotte - 1L","p":2.87,"u":"2,87 €/L","img":"https://fd9-photos.leclercdrive.fr/image.ashx?id=2901533&use=l&cat=p&typeid=i","cat":284523},{"id":23179,"n":"Pur jus 7 fruits Bio Village Bio - 1L","p":2.78,"u":"2,78 €/L","img":"https://fd9-photos.leclercdrive.fr/image.ashx?id=2901530&use=l&cat=p&typeid=i","cat":284917},{"id":23180,"n":"Rasoirs jetables Carré Homme 3 lames - x4","p":2.65,"img":"https://fd9-photos.leclercdrive.fr/image.ashx?id=2953236&use=l&cat=p&typeid=i","cat":284616},{"id":23182,"n":"Rasoirs jetables Siliss 3 lames - x4","p":1.99,"u":"0,50 €/P","img":"https://fd9-photos.leclercdrive.fr/image.ashx?id=2699438&use=l&cat=p&typeid=i","cat":325352},{"id":23188,"n":"Tomato Ketchup Heinz - 250g","p":1.18,"u":"4,72 €/KG","img":"https://fd9-photos.leclercdrive.fr/image.ashx?id=2943801&use=l&cat=p&typeid=i","cat":284455},{"id":23190,"n":"Mayonnaise AMORA Recette Fouettée - 398g","p":2.46,"u":"6,18 €/KG","img":"https://fd9-photos.leclercdrive.fr/image.ashx?id=2598684&use=l&cat=p&typeid=i","cat":298295},{"id":23212,"n":"Compote Douceur du Verger Coupelle pomme framboise-4x100g","p":1.63,"u":"4,08 €/KG","img":"https://fd9-photos.leclercdrive.fr/image.ashx?id=2663494&use=l&cat=p&typeid=i","cat":284508},{"id":23216,"n":"Sauce Hollandaise Rustica 32g","p":0.64,"u":"20,00 €/KG","img":"https://fd9-photos.leclercdrive.fr/image.ashx?id=2188832&use=l&cat=p&typeid=i","cat":288381},{"id":23219,"n":"Sauce Pesto Turini Basilic - 185g","p":1.3,"u":"7,03 €/KG","img":"https://fd9-photos.leclercdrive.fr/image.ashx?id=2546248&use=l&cat=p&typeid=i","cat":287599},{"id":23220,"n":"Chips Pom'Lisse Légumes - 100g","p":1.99,"u":"19,90 €/KG","img":"https://fd9-photos.leclercdrive.fr/image.ashx?id=2919610&use=l&cat=p&typeid=i","cat":284447},{"id":23221,"n":"Sauce Tomates Turini Basilic - 420g","p":1.15,"u":"2,74 €/KG","img":"https://fd9-photos.leclercdrive.fr/image.ashx?id=2487458&use=l&cat=p&typeid=i","cat":287599},{"id":23226,"n":"Madeleines bio Bio Village Coquilles - 250g","p":1.88,"u":"7,52 €/KG","img":"https://fd9-photos.leclercdrive.fr/image.ashx?id=2711619&use=l&cat=p&typeid=i","cat":284492},{"id":23227,"n":"Chips Bio Village Bio - Nature - 125g","p":1.99,"u":"15,92 €/KG","img":"https://fd9-photos.leclercdrive.fr/image.ashx?id=2743834&use=l&cat=p&typeid=i","cat":284447},{"id":23244,"n":"Désodorisant frigo Bien Air Sans parfum 40g","p":1.83,"u":"45,75 €/KG","img":"https://fd9-photos.leclercdrive.fr/image.ashx?id=2287737&use=l&cat=p&typeid=i","cat":311628},{"id":23251,"n":"Bâtonnets allume-feu Silex Sans odeur x24","p":2.05,"u":"0,09 €/P","img":"https://fd9-photos.leclercdrive.fr/image.ashx?id=606577&use=l&cat=p&typeid=i","cat":300578},{"id":23252,"n":"Cubes allume-feu Silex Sans odeur 100% naturel x40","p":1.57,"u":"0,04 €/P","img":"https://fd9-photos.leclercdrive.fr/image.ashx?id=2669735&use=l&cat=p&typeid=i","cat":300578},{"id":23253,"n":"Nettoyant spray Clair Surpuissant - 750ml","p":1.86,"u":"2,48 €/L","img":"https://fd9-photos.leclercdrive.fr/image.ashx?id=2520831&use=l&cat=p&typeid=i","cat":325357},{"id":23254,"n":"Baume après-rasage Carré Homme Apaisant px sensibles 100ml","p":2.69,"u":"26,90 €/L","img":"https://fd9-photos.leclercdrive.fr/image.ashx?id=2854237&use=l&cat=p&typeid=i","cat":288147},{"id":23255,"n":"Déodorant Carré Homme Vétiver longue durée 200ml","p":1.35,"u":"6,75 €/L","img":"https://fd9-photos.leclercdrive.fr/image.ashx?id=2375992&use=l&cat=p&typeid=i","cat":284618},{"id":23256,"n":"Ramequins aluminium Elembal x12","p":2.05,"u":"0,17 €/P","img":"https://fd9-photos.leclercdrive.fr/image.ashx?id=2582522&use=l&cat=p&typeid=i","cat":334134},{"id":23271,"n":"Vin mousseux de France blanc Muscador doux 11.5% Vol 75cl","p":2.65,"u":"3,53 €/L","img":"https://fd9-photos.leclercdrive.fr/image.ashx?id=2157052&use=l&cat=p&typeid=i","cat":284544},{"id":23304,"n":"Feuilletés paniers Côté Table Saumon - 4x100g","p":4.45,"u":"11,13 €/KG","img":"https://fd9-photos.leclercdrive.fr/image.ashx?id=2549400&use=l&cat=p&typeid=i","cat":319776},{"id":23320,"n":"AOC Champagne brut Canard Duchêne millésime - 75cl","p":29.12,"u":"38,83 €/L","img":"https://fd9-photos.leclercdrive.fr/image.ashx?id=3000653&use=l&cat=p&typeid=i","cat":284542},{"id":23363,"n":"Lait bébé poudre Nidal Nestlé 1er âge - 0-6 mois - 800g","p":12.25,"u":"15,31 €/KG","img":"https://fd9-photos.leclercdrive.fr/image.ashx?id=2811638&use=l&cat=p&typeid=i","cat":284726},{"id":23365,"n":"Lait bébé 2A NIDAL GEST  6-12 mois - 800g","p":12.25,"u":"15,31 €/KG","img":"https://fd9-photos.leclercdrive.fr/image.ashx?id=2890799&use=l&cat=p&typeid=i","cat":284727},{"id":23371,"n":"Mozzarella Maxi Les Croisés - 250g","p":1.86,"u":"7,44 €/KG","img":"https://fd9-photos.leclercdrive.fr/image.ashx?id=2133617&use=l&cat=p&typeid=i","cat":314026},{"id":23372,"n":"Ricotta Les Croisés - 250g","p":1.29,"u":"5,16 €/KG","img":"https://fd9-photos.leclercdrive.fr/image.ashx?id=2133294&use=l&cat=p&typeid=i","cat":314026},{"id":23381,"n":"Absorbeur humidité Foxter + 1 recharge neutre - 1kg","p":7.99,"u":"7,99 €/KG","img":"https://fd9-photos.leclercdrive.fr/image.ashx?id=2162330&use=l&cat=p&typeid=i","cat":300576},{"id":23387,"n":"Gâteaux St Michel Savaroises Chocolat 8 sachets 220g","p":1.92,"u":"8,73 €/KG","img":"https://fd9-photos.leclercdrive.fr/image.ashx?id=2935693&use=l&cat=p&typeid=i","cat":284495},{"id":23412,"n":"Vermicelles Tables du Monde Haricot mungo - 100g","p":1.23,"u":"12,30 €/KG","img":"https://fd9-photos.leclercdrive.fr/image.ashx?id=2679723&use=l&cat=p&typeid=i","cat":288992},{"id":23429,"n":"Croquettes chat Tous mes amis Chatons - 2kg","p":4.07,"u":"2,04 €/KG","img":"https://fd9-photos.leclercdrive.fr/image.ashx?id=2710485&use=l&cat=p&typeid=i","cat":284680},{"id":23430,"n":"Croquettes chat Tous mes amis Lapin/volailles - 2kg","p":3.99,"u":"2,00 €/KG","img":"https://fd9-photos.leclercdrive.fr/image.ashx?id=2301605&use=l&cat=p&typeid=i","cat":284680},{"id":23432,"n":"Croquettes Lydog Petits chiens - Vollaile - 2kg","p":4.12,"u":"2,06 €/KG","img":"https://fd9-photos.leclercdrive.fr/image.ashx?id=2191126&use=l&cat=p&typeid=i","cat":294526},{"id":23438,"n":"Soufflés RingsTokapi Oignon - 60g","p":0.77,"u":"12,83 €/KG","img":"https://fd9-photos.leclercdrive.fr/image.ashx?id=2898838&use=l&cat=p&typeid=i","cat":284449},{"id":23439,"n":"Crème dessert Délisse Choco Billes bicompartiment 4x117g","p":1.99,"u":"4,25 €/KG","img":"https://fd9-photos.leclercdrive.fr/image.ashx?id=2965482&use=l&cat=p&typeid=i","cat":285041},{"id":23444,"n":"Quenelles Côté Table volaille Au naturel 255g","p":1.37,"u":"5,37 €/KG","img":"https://fd9-photos.leclercdrive.fr/image.ashx?id=2977870&use=l&cat=p&typeid=i","cat":284441},{"id":23449,"n":"Dessert fruitier pomme mangue Douceur du Verger s/sucre4x100g","p":1.23,"u":"3,08 €/KG","img":"https://fd9-photos.leclercdrive.fr/image.ashx?id=2683532&use=l&cat=p&typeid=i","cat":284416},{"id":23450,"n":"Yaourts aux fruits Délisse Fruits rouges - 8x125g","p":2.29,"u":"2,29 €/KG","img":"https://fd9-photos.leclercdrive.fr/image.ashx?id=2616736&use=l&cat=p&typeid=i","cat":284410},{"id":23452,"n":"Terrines chats Tous mes amis Viandes variées - 4x400g","p":3.74,"u":"2,34 €/KG","img":"https://fd9-photos.leclercdrive.fr/image.ashx?id=2865191&use=l&cat=p&typeid=i","cat":285601},{"id":23499,"n":"Huile Bio Village mélange 4 huiles biologiques - 75 cl","p":3.99,"u":"5,32 €/L","img":"https://fd9-photos.leclercdrive.fr/image.ashx?id=2882349&use=l&cat=p&typeid=i","cat":284453},{"id":23500,"n":"Bouillon de légumes Bio Village Bio - 8x10g","p":1.69,"u":"21,13 €/KG","img":"https://fd9-photos.leclercdrive.fr/image.ashx?id=1943409&use=l&cat=p&typeid=i","cat":288379},{"id":23522,"n":"Bûche de chèvre Les Croisés Format famililal 25%mg 300g","p":2.95,"u":"9,83 €/KG","img":"https://fd9-photos.leclercdrive.fr/image.ashx?id=2949415&use=l&cat=p&typeid=i","cat":314031},{"id":23543,"n":"Bière blonde Leffe 6,6% - 12x33cl","p":12.34,"u":"3,12 €/L","img":"https://fd9-photos.leclercdrive.fr/image.ashx?id=2811578&use=l&cat=p&typeid=i","cat":334852},{"id":23545,"n":"Rösti McCain 800g","p":2.18,"u":"2,73 €/KG","img":"https://fd9-photos.leclercdrive.fr/image.ashx?id=2988728&use=l&cat=p&typeid=i","cat":319792},{"id":23552,"n":"Lait bébé poudre Nidal Nestlé 2e âge -6-12 mois - 800g","p":10.28,"u":"12,85 €/KG","img":"https://fd9-photos.leclercdrive.fr/image.ashx?id=2805597&use=l&cat=p&typeid=i","cat":284727},{"id":23553,"n":"Lait bébé 1A NIDAL GEST  0-6 mois - 800g","p":14.16,"u":"17,70 €/KG","img":"https://fd9-photos.leclercdrive.fr/image.ashx?id=2890796&use=l&cat=p&typeid=i","cat":284726},{"id":23554,"n":"Vin de l'Union Européenne rosé La Villageoise 12%vol. 1,5L","p":3.63,"u":"2,42 €/L","img":"https://fd9-photos.leclercdrive.fr/image.ashx?id=2104768&use=l&cat=p&typeid=i","cat":289558},{"id":23595,"n":"Fromage raclette Les Croisés 3 poivres 26%mg 250g","p":2.99,"u":"11,96 €/KG","img":"https://fd9-photos.leclercdrive.fr/image.ashx?id=2791782&use=l&cat=p&typeid=i","cat":314037},{"id":23598,"n":"Fromage raclette Les Croisés Sans croûte - 28%mg - 400g","p":3.95,"u":"9,88 €/KG","img":"https://fd9-photos.leclercdrive.fr/image.ashx?id=2969752&use=l&cat=p&typeid=i","cat":314037},{"id":23618,"n":"Couscous Weight Watchers Oriental 300g","p":2.98,"u":"9,93 €/KG","img":"https://fd9-photos.leclercdrive.fr/image.ashx?id=2610915&use=l&cat=p&typeid=i","cat":333665},{"id":23628,"n":"Fond de volaille Rustica 110g","p":2.21,"u":"20,09 €/KG","img":"https://fd9-photos.leclercdrive.fr/image.ashx?id=2140914&use=l&cat=p&typeid=i","cat":288379},{"id":23630,"n":"Mouliné de carottes Régal Soupe Poireaux pommes de terre 1L","p":2.16,"u":"2,16 €/L","img":"https://fd9-photos.leclercdrive.fr/image.ashx?id=2607506&use=l&cat=p&typeid=i","cat":284462},{"id":23631,"n":"Chocolat noir Equador Mini carrés 72% cacao 200g","p":4.35,"u":"21,75 €/KG","img":"https://fd9-photos.leclercdrive.fr/image.ashx?id=2856483&use=l&cat=p&typeid=i","cat":284956},{"id":23633,"n":"Crème dessert Délisse Vanille sur lit caramel 4x125g","p":1.47,"u":"2,94 €/KG","img":"https://fd9-photos.leclercdrive.fr/image.ashx?id=2441276&use=l&cat=p&typeid=i","cat":285041},{"id":23636,"n":"Bouillon de volaille Rustica Dégraissé - Tablettes 12x10g","p":0.79,"u":"6,58 €/KG","img":"https://fd9-photos.leclercdrive.fr/image.ashx?id=1880033&use=l&cat=p&typeid=i","cat":288379},{"id":23642,"n":"Huile spéciale fondue Rustica Aux aromates - 1L","p":3.45,"u":"3,45 €/L","img":"https://fd9-photos.leclercdrive.fr/image.ashx?id=2546245&use=l&cat=p&typeid=i","cat":284453},{"id":23712,"n":"Saumon fumé Eco+ Atlantique - 200g","p":4.67,"u":"23,35 €/KG","img":"https://fd9-photos.leclercdrive.fr/image.ashx?id=2981798&use=l&cat=p&typeid=i","cat":285188},{"id":23715,"n":"Samoussa Tables du Monde Au boeuf - x4 - 220g","p":3.29,"u":"14,95 €/KG","img":"https://fd9-photos.leclercdrive.fr/image.ashx?id=2807190&use=l&cat=p&typeid=i","cat":333673},{"id":23717,"n":"Nem au poulet Traditions d'Asie Sauce nuoc mam - x4 - 280g","p":2.87,"u":"10,25 €/KG","img":"https://fd9-photos.leclercdrive.fr/image.ashx?id=2985222&use=l&cat=p&typeid=i","cat":333673},{"id":23725,"n":"Liquide vaisselle Eco+ Pomme - 1L","p":0.74,"u":"0,74 €/L","img":"https://fd9-photos.leclercdrive.fr/image.ashx?id=2949161&use=l&cat=p&typeid=i","cat":284655},{"id":23726,"n":"Aluminium Eco+ 30m","p":1.89,"u":"0,06 €/MT","img":"https://fd9-photos.leclercdrive.fr/image.ashx?id=2880216&use=l&cat=p&typeid=i","cat":334134},{"id":23727,"n":"Sacs poubelle 100L Eco+ x10","p":0.76,"u":"0,08 €/P","img":"https://fd9-photos.leclercdrive.fr/image.ashx?id=1904753&use=l&cat=p&typeid=i","cat":285168},{"id":23728,"n":"Huile de tournesol Eco+ 1L","p":1.63,"u":"1,63 €/L","img":"https://fd9-photos.leclercdrive.fr/image.ashx?id=2913636&use=l&cat=p&typeid=i","cat":284453},{"id":23729,"n":"Tomato Ketchup Eco+ 560g","p":0.88,"u":"1,57 €/KG","img":"https://fd9-photos.leclercdrive.fr/image.ashx?id=2954328&use=l&cat=p&typeid=i","cat":284455},{"id":23753,"n":"Alcool modifié Primoplast 70° 250ml","p":2.2,"u":"8,80 €/L","img":"https://fd9-photos.leclercdrive.fr/image.ashx?id=2856498&use=l&cat=p&typeid=i","cat":284630},{"id":23754,"n":"Eau oxygénée Primoplast 250ml","p":1.86,"u":"7,44 €/L","img":"https://fd9-photos.leclercdrive.fr/image.ashx?id=2832936&use=l&cat=p&typeid=i","cat":284630},{"id":23759,"n":"Vin de l'Union Européenne La Villageoise  11% Vol. - 1.5L","p":3.64,"u":"2,43 €/L","img":"https://fd9-photos.leclercdrive.fr/image.ashx?id=2153492&use=l&cat=p&typeid=i","cat":289556},{"id":23791,"n":"Tartines craquantes Epi d'Or Au blé complet - 250g","p":1.29,"u":"5,16 €/KG","img":"https://fd9-photos.leclercdrive.fr/image.ashx?id=2843788&use=l&cat=p&typeid=i","cat":284479},{"id":23794,"n":"Pain grillé Epi d'Or Blé complet x24 - 500g","p":1.72,"u":"3,44 €/KG","img":"https://fd9-photos.leclercdrive.fr/image.ashx?id=2680545&use=l&cat=p&typeid=i","cat":284479},{"id":23797,"n":"Lentilles vertes Bio Village Bio 500g","p":2.15,"u":"4,30 €/KG","img":"https://fd9-photos.leclercdrive.fr/image.ashx?id=2120317&use=l&cat=p&typeid=i","cat":284430},{"id":23798,"n":"Riz Risotto Comptoir du Grain 500g","p":1.42,"u":"2,84 €/KG","img":"https://fd9-photos.leclercdrive.fr/image.ashx?id=2363283&use=l&cat=p&typeid=i","cat":284428},{"id":23799,"n":"Riz rond Comptoir du Grain Dessert - 1kg","p":1.94,"u":"1,94 €/KG","img":"https://fd9-photos.leclercdrive.fr/image.ashx?id=1957084&use=l&cat=p&typeid=i","cat":284428},{"id":23827,"n":"Cordon Bleu poulet Père Dodu  Les Bons plans x10 - 1kg","p":7.05,"u":"7,05 €/KG","img":"https://fd9-photos.leclercdrive.fr/image.ashx?id=2971095&use=l&cat=p&typeid=i","cat":333683},{"id":23936,"n":"Fromage blanc jockey Stracciatella - 4x120g","p":2.18,"u":"4,54 €/KG","img":"https://fd9-photos.leclercdrive.fr/image.ashx?id=2280011&use=l&cat=p&typeid=i","cat":314999},{"id":23937,"n":"Boisson aux fruits Oasis Pomme framboise cassis 4x2L","p":10.47,"u":"1,31 €/L","img":"https://fd9-photos.leclercdrive.fr/image.ashx?id=2118734&use=l&cat=p&typeid=i","cat":295018},{"id":23958,"n":"Dentifrice Sanogyl Blancheur et soin 3x75ml","p":7.06,"u":"31,38 €/L","img":"https://fd9-photos.leclercdrive.fr/image.ashx?id=2177995&use=l&cat=p&typeid=i","cat":284612},{"id":23963,"n":"Beurre Tendre Les Croisés Demi-sel Allegé - 40% MG - 250g","p":2.25,"u":"9,00 €/KG","img":"https://fd9-photos.leclercdrive.fr/image.ashx?id=2839912&use=l&cat=p&typeid=i","cat":284379},{"id":23967,"n":"Lait demi-écrémé Grandlait Candia Bouteille - 6x50cl","p":5.57,"u":"1,86 €/L","img":"https://fd9-photos.leclercdrive.fr/image.ashx?id=2916195&use=l&cat=p&typeid=i","cat":284377},{"id":23968,"n":"Roquefort AOP Les Croisés Tranché 150g","p":2.29,"u":"15,27 €/KG","img":"https://fd9-photos.leclercdrive.fr/image.ashx?id=2676537&use=l&cat=p&typeid=i","cat":314032},{"id":24035,"n":"Echalotes semoule Rustica 36g","p":1.29,"u":"35,83 €/KG","img":"https://fd9-photos.leclercdrive.fr/image.ashx?id=2772951&use=l&cat=p&typeid=i","cat":298297},{"id":24043,"n":"Thé vert Britley Menthe x25 sachets - 40g","p":0.79,"u":"19,75 €/KG","img":"https://fd9-photos.leclercdrive.fr/image.ashx?id=2672930&use=l&cat=p&typeid=i","cat":293233},{"id":24047,"n":"Yaourts aromatisés Délisse Vanille - 4x125g","p":1.29,"u":"2,58 €/KG","img":"https://fd9-photos.leclercdrive.fr/image.ashx?id=2804184&use=l&cat=p&typeid=i","cat":286006},{"id":24049,"n":"Pâtée chats Tous mes amis Thon en sauce - 80g","p":0.99,"u":"12,38 €/KG","img":"https://fd9-photos.leclercdrive.fr/image.ashx?id=2450306&use=l&cat=p&typeid=i","cat":285601},{"id":24050,"n":"Pâtée chats Tous mes amis Poulet en sauce - 80g","p":0.99,"u":"12,38 €/KG","img":"https://fd9-photos.leclercdrive.fr/image.ashx?id=2450309&use=l&cat=p&typeid=i","cat":285601},{"id":24051,"n":"Pâtée pour chats Tous mes amis Thon aux crevettes - 80g","p":0.99,"u":"12,38 €/KG","img":"https://fd9-photos.leclercdrive.fr/image.ashx?id=1971897&use=l&cat=p&typeid=i","cat":285601},{"id":24081,"n":"Mayonnaise Fins Gourmets MAILLE Bocal - 320g","p":2.39,"u":"7,47 €/KG","img":"https://fd9-photos.leclercdrive.fr/image.ashx?id=2812750&use=l&cat=p&typeid=i","cat":298295},{"id":24083,"n":"Nuggets de Poulet  Père Dodu  x50 - 1kg - Les Bons plans","p":7.16,"u":"7,16 €/KG","img":"https://fd9-photos.leclercdrive.fr/image.ashx?id=2957086&use=l&cat=p&typeid=i","cat":333684},{"id":24161,"n":"Boudin blanc Tradilège Truffé 1% x3 375g","p":3.99,"u":"10,64 €/KG","img":"https://fd9-photos.leclercdrive.fr/image.ashx?id=3002836&use=l&cat=p&typeid=i","cat":316012},{"id":24162,"n":"Vinaigre balsamique Bio Village Bio 50cl","p":3.49,"u":"6,98 €/L","img":"https://fd9-photos.leclercdrive.fr/image.ashx?id=2865206&use=l&cat=p&typeid=i","cat":298543},{"id":24163,"n":"Infusion Tiséa Tilleul Citron 25 sachets 34g","p":1.69,"u":"48,29 €/KG","img":"https://fd9-photos.leclercdrive.fr/image.ashx?id=2854240&use=l&cat=p&typeid=i","cat":293234},{"id":24164,"n":"Thé vert Briley 32.5g","p":0.79,"u":"24,69 €/KG","img":"https://fd9-photos.leclercdrive.fr/image.ashx?id=2645939&use=l&cat=p&typeid=i","cat":293233},{"id":24186,"n":"Bandes à découper Mercurochrome 5 bandes - 10x6cm","p":3.15,"img":"https://fd9-photos.leclercdrive.fr/image.ashx?id=2862152&use=l&cat=p&typeid=i","cat":284630},{"id":24187,"n":"AOP Champagne Nicolas Feuillatte Brut Rosé - 75cl","p":23.5,"pp":21.15,"u":"28,20 €/L","img":"https://fd9-photos.leclercdrive.fr/image.ashx?id=2486338&use=l&cat=p&typeid=i","cat":284542},{"id":24214,"n":"Oeufs surprises au chocolat Princesses - x3 - 60g","p":2.62,"u":"43,67 €/KG","img":"https://fd9-photos.leclercdrive.fr/image.ashx?id=2864876&use=l&cat=p&typeid=i","cat":327789},{"id":24258,"n":"Philadelphia Nature - 300g","p":3.1,"u":"10,33 €/KG","img":"https://fd9-photos.leclercdrive.fr/image.ashx?id=2787863&use=l&cat=p&typeid=i","cat":314029},{"id":24293,"n":"Céréales Extra Kellogg's Chocolat Noir Noisettes - 500g","p":3.14,"u":"6,28 €/KG","img":"https://fd9-photos.leclercdrive.fr/image.ashx?id=2692284&use=l&cat=p&typeid=i","cat":309512},{"id":24296,"n":"Sauce apéritif Old El Paso Salsa doux - 312g","p":2.57,"u":"8,24 €/KG","img":"https://fd9-photos.leclercdrive.fr/image.ashx?id=2859944&use=l&cat=p&typeid=i","cat":288993},{"id":24363,"n":"Boisson lactée Délisse Chocolat - 6x20cl","p":2.17,"u":"1,81 €/L","img":"https://fd9-photos.leclercdrive.fr/image.ashx?id=3015245&use=l&cat=p&typeid=i","cat":295246},{"id":24390,"n":"Pétales de blé Eco+ Chocolat - 750g","p":2.04,"u":"2,72 €/KG","img":"https://fd9-photos.leclercdrive.fr/image.ashx?id=2927836&use=l&cat=p&typeid=i","cat":309513},{"id":24403,"n":"Vodka Novotna Pure grain 37.5%vol - 1L","p":14.99,"u":"14,99 €/L","img":"https://fd9-photos.leclercdrive.fr/image.ashx?id=784848&use=l&cat=p&typeid=i","cat":284550},{"id":24410,"n":"Bonbons Copains Copines Tendres fruits - 360 g","p":2.05,"u":"5,69 €/KG","img":"https://fd9-photos.leclercdrive.fr/image.ashx?id=2934694&use=l&cat=p&typeid=i","cat":304250},{"id":24418,"n":"Sauces gourmandes Rustica Pour viande 4 saveurs - 4x90g","p":2.41,"u":"6,69 €/KG","img":"https://fd9-photos.leclercdrive.fr/image.ashx?id=2275513&use=l&cat=p&typeid=i","cat":318430},{"id":24420,"n":"Galettes Bretonnes NRT 100g","p":1.68,"u":"16,80 €/KG","img":"https://fd9-photos.leclercdrive.fr/image.ashx?id=2909419&use=l&cat=p&typeid=i","cat":284487},{"id":24474,"n":"Petites crevettes roses Pêche Océan - 125g","p":2.49,"u":"19,92 €/KG","img":"https://fd9-photos.leclercdrive.fr/image.ashx?id=2953635&use=l&cat=p&typeid=i","cat":284343},{"id":24500,"n":"Pain de mie nature Epi d'Or Sans croute - 500g","p":1.39,"u":"2,78 €/KG","img":"https://fd9-photos.leclercdrive.fr/image.ashx?id=2984658&use=l&cat=p&typeid=i","cat":284477},{"id":24574,"n":"Bandes de cire froide L.Dumont Visage x20 bandes","p":4.02,"u":"0,20 €/P","img":"https://fd9-photos.leclercdrive.fr/image.ashx?id=2606355&use=l&cat=p&typeid=i","cat":325351},{"id":24642,"n":"Déodorant Rexona Confidence Stick anti-transpirant - 45ml","p":4.54,"u":"100,89 €/L","img":"https://fd9-photos.leclercdrive.fr/image.ashx?id=2738194&use=l&cat=p&typeid=i","cat":284595},{"id":24652,"n":"Déodorant Stick Rexona Anti- Transpirant CleanScent 96H 45ml","p":4.03,"u":"89,56 €/L","img":"https://fd9-photos.leclercdrive.fr/image.ashx?id=2895101&use=l&cat=p&typeid=i","cat":284595},{"id":24659,"n":"Secret de mousse la Laitière Chocolat au lait - 8x59g","p":2.98,"u":"6,31 €/KG","img":"https://fd9-photos.leclercdrive.fr/image.ashx?id=3007984&use=l&cat=p&typeid=i","cat":284417},{"id":24666,"n":"Roquefort AOP Société Fromage de brebis - 100g","p":2.87,"u":"28,70 €/KG","img":"https://fd9-photos.leclercdrive.fr/image.ashx?id=2729683&use=l&cat=p&typeid=i","cat":314032},{"id":24694,"n":"Brosses à dent souple Dentamyl x4","p":0.99,"u":"0,25 €/P","img":"https://fd9-photos.leclercdrive.fr/image.ashx?id=2790946&use=l&cat=p&typeid=i","cat":284614},{"id":24738,"n":"Sacs poubelle Alfapac 10L Salle de bain végétal x25","p":1.42,"u":"0,06 €/P","img":"https://fd9-photos.leclercdrive.fr/image.ashx?id=2526860&use=l&cat=p&typeid=i","cat":284707},{"id":24759,"n":"Mini nems Tables du Monde porc x5/poulet x5 +sauce - 220g","p":2.99,"u":"13,59 €/KG","img":"https://fd9-photos.leclercdrive.fr/image.ashx?id=2613276&use=l&cat=p&typeid=i","cat":333673},{"id":24789,"n":"Oeufs De Nos Villages Moyen - Plein Air - x12","p":4.41,"u":"0,37 €/P","img":"https://fd9-photos.leclercdrive.fr/image.ashx?id=2228933&use=l&cat=p&typeid=i","cat":284378},{"id":24790,"n":"Oeufs De Nos Villages Plein air - Gros - x6","p":1.84,"u":"0,31 €/P","img":"https://fd9-photos.leclercdrive.fr/image.ashx?id=2228927&use=l&cat=p&typeid=i","cat":284378},{"id":24847,"n":"Gâche tranchée ovale NRT Beurre - 450g","p":2.48,"u":"5,51 €/KG","img":"https://fd9-photos.leclercdrive.fr/image.ashx?id=2670443&use=l&cat=p&typeid=i","cat":284478},{"id":24879,"n":"Boisson apéritif Voltano Base de vin Rosato 14.4%vol 1L","p":4.99,"u":"4,99 €/L","img":"https://fd9-photos.leclercdrive.fr/image.ashx?id=3007040&use=l&cat=p&typeid=i","cat":284913},{"id":24961,"n":"Soin de jour L'Oréal Paris Age Perfect anti-âge - 50ml","p":11.97,"pp":7.9,"u":"158,00 €/L","img":"https://fd9-photos.leclercdrive.fr/image.ashx?id=2868047&use=l&cat=p&typeid=i","cat":325345},{"id":24968,"n":"Fromage de chèvre Petit Billy 45%mg - 200g","p":2.85,"u":"14,25 €/KG","img":"https://fd9-photos.leclercdrive.fr/image.ashx?id=2543136&use=l&cat=p&typeid=i","cat":314031},{"id":24970,"n":"Crottin de chèvre Rians 23%mg - 2x60g","p":2.87,"u":"23,92 €/KG","img":"https://fd9-photos.leclercdrive.fr/image.ashx?id=2762094&use=l&cat=p&typeid=i","cat":314031},{"id":24972,"n":"Chèvre à dorer Les Croisés x4 - 100g","p":1.77,"u":"17,70 €/KG","img":"https://fd9-photos.leclercdrive.fr/image.ashx?id=2978528&use=l&cat=p&typeid=i","cat":314027},{"id":24977,"n":"Pain hot dog Jacquet x4 -  240g","p":1.77,"u":"7,38 €/KG","img":"https://fd9-photos.leclercdrive.fr/image.ashx?id=2799293&use=l&cat=p&typeid=i","cat":284985},{"id":24982,"n":"Fromage à tartiner Philadelphia Light nature - 150g","p":2.26,"u":"15,07 €/KG","img":"https://fd9-photos.leclercdrive.fr/image.ashx?id=1626572&use=l&cat=p&typeid=i","cat":314029},{"id":25005,"n":"Préparation Papillotes Maggi Rôti thym et fines herbes - 30g","p":0.74,"u":"24,67 €/KG","img":"https://fd9-photos.leclercdrive.fr/image.ashx?id=2963964&use=l&cat=p&typeid=i","cat":288380},{"id":25006,"n":"Sauce béchamel Maggi Saveur à l'ancienne sachet -60g","p":0.62,"u":"10,33 €/KG","img":"https://fd9-photos.leclercdrive.fr/image.ashx?id=2697297&use=l&cat=p&typeid=i","cat":288381},{"id":25010,"n":"Barres Chocolatées KINDER Maxi Chocolat au Lait x10 - 210g","p":3.1,"u":"14,76 €/KG","img":"https://fd9-photos.leclercdrive.fr/image.ashx?id=2679609&use=l&cat=p&typeid=i","cat":284498},{"id":25024,"n":"Lait céréales Blédidej 9 mois Pain chocolat - 4x250ml","p":3.8,"u":"15,20 €/L","img":"https://fd9-photos.leclercdrive.fr/image.ashx?id=2921055&use=l&cat=p&typeid=i","cat":312226},{"id":25027,"n":"Pots soir bébé bio Babybio Légumes riz - 6 mois - 2x200g","p":2.44,"u":"6,10 €/KG","img":"https://fd9-photos.leclercdrive.fr/image.ashx?id=2833474&use=l&cat=p&typeid=i","cat":312239},{"id":25028,"n":"Assiette Babybio Bio 12 mois Panais carotte polenta - 230g","p":1.63,"u":"7,09 €/KG","img":"https://fd9-photos.leclercdrive.fr/image.ashx?id=2875390&use=l&cat=p&typeid=i","cat":312239},{"id":25029,"n":"Assiette bébé bio Babybio Légumes agneau - 12 mois - 230g","p":2.0,"u":"8,70 €/KG","img":"https://fd9-photos.leclercdrive.fr/image.ashx?id=2855909&use=l&cat=p&typeid=i","cat":312237},{"id":25030,"n":"Petits pots Babynat Petits pois Cabillaud - 8mois 2x200g","p":2.75,"u":"6,88 €/KG","img":"https://fd9-photos.leclercdrive.fr/image.ashx?id=2825742&use=l&cat=p&typeid=i","cat":312236},{"id":25035,"n":"Salade Menu Fraîcheur Concombre au fromage blanc 300g","p":1.64,"u":"5,47 €/KG","img":"https://fd9-photos.leclercdrive.fr/image.ashx?id=2901443&use=l&cat=p&typeid=i","cat":333657},{"id":25044,"n":"Nettoyant spray Clair Salle de bain - Mousse - 600ml","p":1.99,"u":"3,32 €/L","img":"https://fd9-photos.leclercdrive.fr/image.ashx?id=2856678&use=l&cat=p&typeid=i","cat":325357},{"id":25049,"n":"Lames de rasoir Carré Homme 3 lames - x4","p":3.45,"u":"0,86 €/P","img":"https://fd9-photos.leclercdrive.fr/image.ashx?id=2704624&use=l&cat=p&typeid=i","cat":284616},{"id":25061,"n":"Cornichons Rustica Vinaigre - 360g","p":1.65,"u":"4,58 €/KG","img":"https://fd9-photos.leclercdrive.fr/image.ashx?id=2799763&use=l&cat=p&typeid=i","cat":284458},{"id":25064,"n":"Film étirable Alfapac Extensible auto-adhérent 50m","p":2.14,"img":"https://fd9-photos.leclercdrive.fr/image.ashx?id=2918271&use=l&cat=p&typeid=i","cat":334134},{"id":25067,"n":"Oeufs frais De Nos Régions Plein Air - Label Rouge - x12","p":3.58,"u":"0,30 €/P","img":"https://fd9-photos.leclercdrive.fr/image.ashx?id=2969740&use=l&cat=p&typeid=i","cat":284378},{"id":25068,"n":"Oeufs frais De Nos Régions Plein Air - Label rouge - x6","p":1.79,"u":"0,30 €/P","img":"https://fd9-photos.leclercdrive.fr/image.ashx?id=2969725&use=l&cat=p&typeid=i","cat":284378},{"id":25069,"n":"Fromage à Tartiner St Môret  Nature Léger - 9 portions 180g","p":2.58,"u":"14,33 €/KG","img":"https://fd9-photos.leclercdrive.fr/image.ashx?id=2755453&use=l&cat=p&typeid=i","cat":314029},{"id":25072,"n":"Mascarpone Casa Azzurra 500g","p":5.2,"u":"10,40 €/KG","img":"https://fd9-photos.leclercdrive.fr/image.ashx?id=2290269&use=l&cat=p&typeid=i","cat":314026},{"id":25079,"n":"Mozzarella bufala Casa Azzurra Boule - 125g","p":2.28,"u":"18,24 €/KG","img":"https://fd9-photos.leclercdrive.fr/image.ashx?id=2899533&use=l&cat=p&typeid=i","cat":314026},{"id":25080,"n":"Parmigiano Reggiano AOP Les Croisés - 200G","p":4.99,"u":"24,95 €/KG","img":"https://fd9-photos.leclercdrive.fr/image.ashx?id=2909389&use=l&cat=p&typeid=i","cat":314034},{"id":25093,"n":"Yaourts brassés Délisse Fruits jaunes - 8x125 g","p":2.28,"u":"2,28 €/KG","img":"https://fd9-photos.leclercdrive.fr/image.ashx?id=2495536&use=l&cat=p&typeid=i","cat":284410},{"id":25095,"n":"Yaourts brassés Délisse Fruits rouges - 8X125g","p":2.27,"u":"2,27 €/KG","img":"https://fd9-photos.leclercdrive.fr/image.ashx?id=2494217&use=l&cat=p&typeid=i","cat":284410},{"id":25124,"n":"Pur jus Multifruits Bio Village Bio - 6x20cl","p":3.11,"u":"2,59 €/L","img":"https://fd9-photos.leclercdrive.fr/image.ashx?id=2843626&use=l&cat=p&typeid=i","cat":284524},{"id":25125,"n":"Pur jus d'orange Bio Village Bio - 6x20cl","p":2.99,"u":"2,49 €/L","img":"https://fd9-photos.leclercdrive.fr/image.ashx?id=2671016&use=l&cat=p&typeid=i","cat":284521},{"id":25164,"n":"Crème dessert Délisse Chocolat noir 4x125g","p":1.05,"u":"2,10 €/KG","img":"https://fd9-photos.leclercdrive.fr/image.ashx?id=2694283&use=l&cat=p&typeid=i","cat":285041},{"id":25171,"n":"Lardons fumés Tradilège Moins 25% de sel 2x75g","p":1.65,"u":"11,00 €/KG","img":"https://fd9-photos.leclercdrive.fr/image.ashx?id=2955267&use=l&cat=p&typeid=i","cat":316011},{"id":25172,"n":"Sacs poubelle 30L Alfapac Ultra résistant Coulissac - x20","p":3.25,"u":"0,16 €/P","img":"https://fd9-photos.leclercdrive.fr/image.ashx?id=2732359&use=l&cat=p&typeid=i","cat":285168},{"id":25186,"n":"Confiture pêches Bonne Maman Bocal - 370g","p":2.0,"u":"5,41 €/KG","img":"https://fd9-photos.leclercdrive.fr/image.ashx?id=2482969&use=l&cat=p&typeid=i","cat":284480},{"id":25207,"n":"Cornichons Rustica Extra fins - 185g","p":1.28,"u":"6,92 €/KG","img":"https://fd9-photos.leclercdrive.fr/image.ashx?id=2799760&use=l&cat=p&typeid=i","cat":284458},{"id":25283,"n":"Barres céréales Grany Pommes - 125g","p":1.83,"u":"14,64 €/KG","img":"https://fd9-photos.leclercdrive.fr/image.ashx?id=3002093&use=l&cat=p&typeid=i","cat":285869},{"id":25313,"n":"Chipolatas supérieures Bigard 330g","p":3.66,"u":"11,09 €/KG","img":"https://fd9-photos.leclercdrive.fr/image.ashx?id=2208318&use=l&cat=p&typeid=i","cat":284334},{"id":25315,"n":"Saucisses de Toulouse Bigard 400g","p":4.12,"u":"10,30 €/KG","img":"https://fd9-photos.leclercdrive.fr/image.ashx?id=2102692&use=l&cat=p&typeid=i","cat":284334},{"id":25343,"n":"Céréales Trésor de Kellogg's Chocolat Noisettes - 1kg","p":6.19,"u":"6,19 €/KG","img":"https://fd9-photos.leclercdrive.fr/image.ashx?id=2598316&use=l&cat=p&typeid=i","cat":309513},{"id":25359,"n":"Tablette chocolat blanc Lindt Vanille - 100g","p":2.51,"u":"25,10 €/KG","img":"https://fd9-photos.leclercdrive.fr/image.ashx?id=2755318&use=l&cat=p&typeid=i","cat":284957},{"id":25361,"n":"Chocolat Pâtissier Nestlé Dessert : Caramel - 170g","p":3.04,"u":"17,88 €/KG","img":"https://fd9-photos.leclercdrive.fr/image.ashx?id=2902346&use=l&cat=p&typeid=i","cat":285562},{"id":25366,"n":"Tablette de chocolat noir Lindt 90% cacao - 100g","p":2.24,"u":"22,40 €/KG","img":"https://fd9-photos.leclercdrive.fr/image.ashx?id=2689502&use=l&cat=p&typeid=i","cat":284956},{"id":25370,"n":"Tablette chocolat Côte d'Or Chocolat lait/Noisettes - 200g","p":4.23,"u":"21,15 €/KG","img":"https://fd9-photos.leclercdrive.fr/image.ashx?id=2961218&use=l&cat=p&typeid=i","cat":284497},{"id":25372,"n":"Tablette chocolat Milka Au lait du pays Alpin - 200g","p":2.62,"u":"13,10 €/KG","img":"https://fd9-photos.leclercdrive.fr/image.ashx?id=2994455&use=l&cat=p&typeid=i","cat":284497},{"id":25407,"n":"Bonbons LUTTI Luttimint Menthe - 250g","p":1.98,"u":"7,92 €/KG","img":"https://fd9-photos.leclercdrive.fr/image.ashx?id=2815019&use=l&cat=p&typeid=i","cat":304252},{"id":25408,"n":"Dragolo Haribo Sachet bonbons - 300g","p":1.46,"u":"4,87 €/KG","img":"https://fd9-photos.leclercdrive.fr/image.ashx?id=2803574&use=l&cat=p&typeid=i","cat":304250},{"id":25424,"n":"Pâtes Farfalle Panzani 1kg","p":2.1,"u":"2,10 €/KG","img":"https://fd9-photos.leclercdrive.fr/image.ashx?id=2876047&use=l&cat=p&typeid=i","cat":284427},{"id":25425,"n":"Biscuits apéritif Lay's 3D's Goût Cacahuetes - 85g","p":0.79,"u":"9,29 €/KG","img":"https://fd9-photos.leclercdrive.fr/image.ashx?id=2916824&use=l&cat=p&typeid=i","cat":284449},{"id":25432,"n":"Herbes de provence Ducros Boîte ménagère 40g","p":1.66,"u":"41,50 €/KG","img":"https://fd9-photos.leclercdrive.fr/image.ashx?id=2486548&use=l&cat=p&typeid=i","cat":298297},{"id":25445,"n":"Lait poudre Croissance Modilac  De 12 mois à 36 mois - 800g","p":12.88,"u":"16,10 €/KG","img":"https://fd9-photos.leclercdrive.fr/image.ashx?id=2873390&use=l&cat=p&typeid=i","cat":290219},{"id":25446,"n":"Lait croissance Nidal Nestlé Dès 12 mois - 800g","p":8.96,"u":"11,20 €/KG","img":"https://fd9-photos.leclercdrive.fr/image.ashx?id=2806405&use=l&cat=p&typeid=i","cat":290219},{"id":25452,"n":"Sucettes au lait Chupa Chups Sachet - 192g","p":2.56,"u":"13,33 €/KG","img":"https://fd9-photos.leclercdrive.fr/image.ashx?id=2647648&use=l&cat=p&typeid=i","cat":304252},{"id":25482,"n":"Soupe liquide Liebig  Cèpes et Bolets - 1L","p":2.83,"u":"2,83 €/L","img":"https://fd9-photos.leclercdrive.fr/image.ashx?id=2766728&use=l&cat=p&typeid=i","cat":284462},{"id":25485,"n":"Miel de fleurs Lune de Miel Spécialités 500g","p":4.32,"u":"8,64 €/KG","img":"https://fd9-photos.leclercdrive.fr/image.ashx?id=2972409&use=l&cat=p&typeid=i","cat":287643},{"id":25492,"n":"Confiture Bonne Maman Fraise & fraises des bois 370g","p":2.43,"u":"6,57 €/KG","img":"https://fd9-photos.leclercdrive.fr/image.ashx?id=2999841&use=l&cat=p&typeid=i","cat":284480},{"id":25493,"n":"Bouillon Cube Maggi Pot au feu - 180g","p":1.54,"u":"8,56 €/KG","img":"https://fd9-photos.leclercdrive.fr/image.ashx?id=2212315&use=l&cat=p&typeid=i","cat":288379},{"id":25516,"n":"Eau de source Cristaline 12x50cl","p":1.92,"u":"0,32 €/L","img":"https://fd9-photos.leclercdrive.fr/image.ashx?id=2872874&use=l&cat=p&typeid=i","cat":284535},{"id":25525,"n":"Boisson aux fruits Oasis Tropical - 4x50cl","p":4.09,"u":"2,05 €/L","img":"https://fd9-photos.leclercdrive.fr/image.ashx?id=3014446&use=l&cat=p&typeid=i","cat":295018},{"id":25540,"n":"Soda à l'orange Orangina 4x50cl","p":4.61,"u":"2,31 €/L","img":"https://fd9-photos.leclercdrive.fr/image.ashx?id=2574952&use=l&cat=p&typeid=i","cat":284532},{"id":25541,"n":"Soda à l'orange Orangina 6x25cl","p":4.29,"u":"2,86 €/L","img":"https://fd9-photos.leclercdrive.fr/image.ashx?id=2495653&use=l&cat=p&typeid=i","cat":284532},{"id":25550,"n":"Soda Schweppes Indian Tonic Zero - 1,5L","p":1.74,"u":"1,16 €/L","img":"https://fd9-photos.leclercdrive.fr/image.ashx?id=2852393&use=l&cat=p&typeid=i","cat":284531},{"id":25552,"n":"Soda Schweppes Indian Tonic - 4x50cl","p":4.13,"u":"2,07 €/L","img":"https://fd9-photos.leclercdrive.fr/image.ashx?id=2852405&use=l&cat=p&typeid=i","cat":284531},{"id":25553,"n":"Soda Schweppes Saveur Agrumes - 4x50cl","p":3.69,"u":"1,85 €/L","img":"https://fd9-photos.leclercdrive.fr/image.ashx?id=2852402&use=l&cat=p&typeid=i","cat":284532},{"id":25554,"n":"Soda Schweppes Saveur Citron Zero - 1,5L","p":1.81,"u":"1,21 €/L","img":"https://fd9-photos.leclercdrive.fr/image.ashx?id=2852396&use=l&cat=p&typeid=i","cat":284532},{"id":25561,"n":"Jus de fruits Tropicana Multivitaminés Essentiels - 1L","p":2.59,"u":"2,59 €/L","img":"https://fd9-photos.leclercdrive.fr/image.ashx?id=2605641&use=l&cat=p&typeid=i","cat":284917},{"id":25567,"n":"Jus d'orange Jafaden A base de concentré  - 2L","p":3.51,"u":"1,76 €/L","img":"https://fd9-photos.leclercdrive.fr/image.ashx?id=2751892&use=l&cat=p&typeid=i","cat":284521},{"id":25575,"n":"Limonade artisanale Lorina Bouteille - 1L","p":3.1,"u":"3,10 €/L","img":"https://fd9-photos.leclercdrive.fr/image.ashx?id=2735137&use=l&cat=p&typeid=i","cat":284531},{"id":25576,"n":"Limonade Cristal Lorina 1,25L","p":2.33,"u":"1,86 €/L","img":"https://fd9-photos.leclercdrive.fr/image.ashx?id=2575555&use=l&cat=p&typeid=i","cat":284531},{"id":25580,"n":"Thé glacé Lipton Ice Tea Pêche Le lot de 12x15cl canettes","p":4.13,"u":"27,53 €/L","img":"https://fd9-photos.leclercdrive.fr/image.ashx?id=2505459&use=l&cat=p&typeid=i","cat":295019},{"id":25587,"n":"Vin mousseux de France Kriter Blanc Brut - 75cl","p":4.93,"u":"6,57 €/L","img":"https://fd9-photos.leclercdrive.fr/image.ashx?id=2840868&use=l&cat=p&typeid=i","cat":284544},{"id":25593,"n":"Boisson aux fruits Capri Sun Multivitaminé - 10x20cl","p":3.42,"u":"1,71 €/L","img":"https://fd9-photos.leclercdrive.fr/image.ashx?id=2447067&use=l&cat=p&typeid=i","cat":295018},{"id":25596,"n":"Nectar Bio Pressade Multifruits - 6x20cl","p":2.56,"u":"2,13 €/L","img":"https://fd9-photos.leclercdrive.fr/image.ashx?id=2732518&use=l&cat=p&typeid=i","cat":284524},{"id":25607,"n":"Eau minérale gazeuse Perrier  Naturelle  - 6x50cl","p":3.65,"u":"1,22 €/L","img":"https://fd9-photos.leclercdrive.fr/image.ashx?id=2493916&use=l&cat=p&typeid=i","cat":284536},{"id":25609,"n":"Saucisses aux lentilles  William Saurin- 840g","p":3.45,"u":"4,11 €/KG","img":"https://fd9-photos.leclercdrive.fr/image.ashx?id=2890070&use=l&cat=p&typeid=i","cat":284441},{"id":25613,"n":"Boisson énergétique Powerade Cerise - 50cl","p":1.09,"u":"2,18 €/L","img":"https://fd9-photos.leclercdrive.fr/image.ashx?id=2774220&use=l&cat=p&typeid=i","cat":284533},{"id":25614,"n":"Boisson Citronnade Pulco Citron - 1,5L","p":2.17,"u":"1,45 €/L","img":"https://fd9-photos.leclercdrive.fr/image.ashx?id=2941526&use=l&cat=p&typeid=i","cat":295018},{"id":25615,"n":"Concentré à diluer Pulco Agrumes - 70cl","p":2.86,"u":"4,09 €/L","img":"https://fd9-photos.leclercdrive.fr/image.ashx?id=2687851&use=l&cat=p&typeid=i","cat":295020},{"id":25618,"n":"Pastis Ricard Anisé 45% vol - 50cl","p":12.58,"u":"25,16 €/L","img":"https://fd9-photos.leclercdrive.fr/image.ashx?id=2340858&use=l&cat=p&typeid=i","cat":284548},{"id":25619,"n":"Pastis Ricard Anisé 45% vol - 1,5L","p":30.11,"u":"20,07 €/L","img":"https://fd9-photos.leclercdrive.fr/image.ashx?id=2839115&use=l&cat=p&typeid=i","cat":284548},{"id":25620,"n":"Sirop Moulin de Valdonne Citron vert - 70cl","p":3.23,"u":"4,61 €/L","img":"https://fd9-photos.leclercdrive.fr/image.ashx?id=2842675&use=l&cat=p&typeid=i","cat":295020},{"id":25624,"n":"Sirop Moulin de Valdonne Orgeat - 70cl","p":3.06,"u":"4,37 €/L","img":"https://fd9-photos.leclercdrive.fr/image.ashx?id=2170553&use=l&cat=p&typeid=i","cat":295020},{"id":25627,"n":"Sirop Moulin de Valdonne Violette - 70cl","p":2.99,"u":"4,27 €/L","img":"https://fd9-photos.leclercdrive.fr/image.ashx?id=2756918&use=l&cat=p&typeid=i","cat":295020},{"id":25630,"n":"Taboulé Menu Fraîcheur Poulet - 500g","p":2.11,"u":"4,22 €/KG","img":"https://fd9-photos.leclercdrive.fr/image.ashx?id=2901449&use=l&cat=p&typeid=i","cat":333657},{"id":25632,"n":"Vodka Absolut 40% vol - 70cl","p":17.74,"u":"25,34 €/L","img":"https://fd9-photos.leclercdrive.fr/image.ashx?id=2887239&use=l&cat=p&typeid=i","cat":284550},{"id":25656,"n":"Crème Pieds Anti-Callosités Et Cornes - 75ml","p":4.84,"u":"64,53 €/L","img":"https://fd9-photos.leclercdrive.fr/image.ashx?id=2981310&use=l&cat=p&typeid=i","cat":325354},{"id":25661,"n":"Rasoir Siliss 3 lames - +1 recharge","p":4.25,"img":"https://fd9-photos.leclercdrive.fr/image.ashx?id=2699411&use=l&cat=p&typeid=i","cat":325352},{"id":25663,"n":"Chips à l'ancienne Pom'Lisse Nature - 270g","p":1.85,"u":"6,85 €/KG","img":"https://fd9-photos.leclercdrive.fr/image.ashx?id=2724835&use=l&cat=p&typeid=i","cat":284447},{"id":25669,"n":"Pâtes de fruits rouges NRT   De Provence - 180g","p":3.55,"u":"19,72 €/KG","img":"https://fd9-photos.leclercdrive.fr/image.ashx?id=2771049&use=l&cat=p&typeid=i","cat":284499},{"id":25685,"n":"Bouillon Cube Maggi Boeuf - 180g","p":1.54,"u":"8,56 €/KG","img":"https://fd9-photos.leclercdrive.fr/image.ashx?id=2882896&use=l&cat=p&typeid=i","cat":288379},{"id":25686,"n":"Bouillon Cube Maggi Volaille - 180g","p":1.52,"u":"8,44 €/KG","img":"https://fd9-photos.leclercdrive.fr/image.ashx?id=2737003&use=l&cat=p&typeid=i","cat":288379},{"id":25689,"n":"AOC Coteaux Varois rosé Terres de Saint-Louis - 75cl","p":6.22,"u":"8,29 €/L","img":"https://fd9-photos.leclercdrive.fr/image.ashx?id=2105905&use=l&cat=p&typeid=i","cat":289558},{"id":25703,"n":"Rousquilles fondantes NRT 200g","p":2.15,"u":"10,75 €/KG","img":"https://fd9-photos.leclercdrive.fr/image.ashx?id=2663812&use=l&cat=p&typeid=i","cat":284487},{"id":25729,"n":"Vinaigrette balsamique Puget Tomate séchée - 33cl","p":2.57,"u":"7,79 €/L","img":"https://fd9-photos.leclercdrive.fr/image.ashx?id=2912143&use=l&cat=p&typeid=i","cat":284456},{"id":25738,"n":"Blanc de poulet Fleury Michon -25% de sel x4 - 160g","p":2.33,"u":"14,56 €/KG","img":"https://fd9-photos.leclercdrive.fr/image.ashx?id=2885974&use=l&cat=p&typeid=i","cat":316010},{"id":25739,"n":"Bûche de chèvre Les Croisés Fondante 22%mg - 180g","p":1.84,"u":"10,22 €/KG","img":"https://fd9-photos.leclercdrive.fr/image.ashx?id=2894725&use=l&cat=p&typeid=i","cat":314031},{"id":25741,"n":"Grana Padano AOP Les Croisés - 200g","p":3.35,"u":"16,75 €/KG","img":"https://fd9-photos.leclercdrive.fr/image.ashx?id=2954091&use=l&cat=p&typeid=i","cat":314034},{"id":25743,"n":"Mascarpone Les Croisés - 500g","p":3.08,"u":"6,16 €/KG","img":"https://fd9-photos.leclercdrive.fr/image.ashx?id=2992537&use=l&cat=p&typeid=i","cat":314026},{"id":25746,"n":"Saucisse de volaille Tradilège  x10 350g","p":1.47,"u":"4,20 €/KG","img":"https://fd9-photos.leclercdrive.fr/image.ashx?id=2625110&use=l&cat=p&typeid=i","cat":316012},{"id":25748,"n":"Hachés au colin d'Alaska Pêche Océan - 200g","p":2.24,"u":"11,20 €/KG","img":"https://fd9-photos.leclercdrive.fr/image.ashx?id=2953623&use=l&cat=p&typeid=i","cat":284344},{"id":25749,"n":"Hachés au saumon Pêche Océan à la ciboulette - 200g","p":2.25,"u":"11,25 €/KG","img":"https://fd9-photos.leclercdrive.fr/image.ashx?id=2953632&use=l&cat=p&typeid=i","cat":284344},{"id":25753,"n":"Génoises fourrées Eco+ Framboise - 300g","p":1.9,"u":"6,33 €/KG","img":"https://fd9-photos.leclercdrive.fr/image.ashx?id=2808197&use=l&cat=p&typeid=i","cat":284489},{"id":25759,"n":"Barquettes chats Gourmet Gold Double délice luxe mix - 12x85g","p":5.47,"u":"5,36 €/KG","img":"https://fd9-photos.leclercdrive.fr/image.ashx?id=2857096&use=l&cat=p&typeid=i","cat":285286},{"id":25762,"n":"Bâtonnets Dentastix Pedigree Grand chien x28 - 1080g","p":8.13,"u":"7,53 €/KG","img":"https://fd9-photos.leclercdrive.fr/image.ashx?id=2924776&use=l&cat=p&typeid=i","cat":294527},{"id":25764,"n":"Olives noires Tramier Dénoyautées - 150g","p":1.61,"u":"10,73 €/KG","img":"https://fd9-photos.leclercdrive.fr/image.ashx?id=2840814&use=l&cat=p&typeid=i","cat":284458},{"id":25765,"n":"Céréales Nestlé Mix Chocapic, Lion, Nesquik x6","p":2.29,"u":"12,05 €/KG","img":"https://fd9-photos.leclercdrive.fr/image.ashx?id=2981364&use=l&cat=p&typeid=i","cat":309513},{"id":25779,"n":"Yaourts Lait de chèvre Soignon Nature - 4x125g","p":2.34,"u":"4,68 €/KG","img":"https://fd9-photos.leclercdrive.fr/image.ashx?id=2518250&use=l&cat=p&typeid=i","cat":314998},{"id":25790,"n":"Sucre pure canne Bio Village En morceaux bio - 500g","p":2.09,"u":"4,18 €/KG","img":"https://fd9-photos.leclercdrive.fr/image.ashx?id=3010440&use=l&cat=p&typeid=i","cat":284502},{"id":25808,"n":"Protection incontinence Chorys Homme - Important - x20","p":5.38,"u":"0,27 €/P","img":"https://fd9-photos.leclercdrive.fr/image.ashx?id=2672933&use=l&cat=p&typeid=i","cat":291514},{"id":25811,"n":"Salade Coleslaw Menu Fraîcheur  500g","p":1.83,"u":"3,66 €/KG","img":"https://fd9-photos.leclercdrive.fr/image.ashx?id=2645930&use=l&cat=p&typeid=i","cat":333657},{"id":25817,"n":"Emincés de saumon fumé ASC Ronde des mers - 100g","p":4.49,"u":"44,90 €/KG","img":"https://fd9-photos.leclercdrive.fr/image.ashx?id=2953620&use=l&cat=p&typeid=i","cat":285188},{"id":25819,"n":"Feuilletés Jambon Emmental Coté Table - 2x140g","p":2.99,"u":"10,68 €/KG","img":"https://fd9-photos.leclercdrive.fr/image.ashx?id=2846517&use=l&cat=p&typeid=i","cat":333671},{"id":25820,"n":"Flammekueche Coté Table 350g","p":1.88,"u":"5,37 €/KG","img":"https://fd9-photos.leclercdrive.fr/image.ashx?id=2064819&use=l&cat=p&typeid=i","cat":333680},{"id":25828,"n":"Tagliatelles Fleury Michon saumon, crème ciboulette - 280g","p":3.32,"u":"11,86 €/KG","img":"https://fd9-photos.leclercdrive.fr/image.ashx?id=3003290&use=l&cat=p&typeid=i","cat":333665},{"id":25836,"n":"Choucroute garnie  William Saurin - 800g","p":4.08,"u":"5,10 €/KG","img":"https://fd9-photos.leclercdrive.fr/image.ashx?id=2890058&use=l&cat=p&typeid=i","cat":284441},{"id":25839,"n":"Couscous parfumé Tipiak Prêt en 5 min  - 500g","p":2.23,"u":"4,46 €/KG","img":"https://fd9-photos.leclercdrive.fr/image.ashx?id=2946937&use=l&cat=p&typeid=i","cat":284429},{"id":25854,"n":"Mignonnettes Côte d'Or Chocolat noir /orange - 24x10g","p":5.36,"u":"22,33 €/KG","img":"https://fd9-photos.leclercdrive.fr/image.ashx?id=3009152&use=l&cat=p&typeid=i","cat":284499},{"id":25855,"n":"Noix d'epaule Tulip Boîte - 340g","p":3.49,"u":"10,26 €/KG","img":"https://fd9-photos.leclercdrive.fr/image.ashx?id=2465598&use=l&cat=p&typeid=i","cat":305149},{"id":25856,"n":"Olives vertes La Ciota Farcies anchois - 120g","p":1.89,"u":"15,75 €/KG","img":"https://fd9-photos.leclercdrive.fr/image.ashx?id=2296575&use=l&cat=p&typeid=i","cat":284458},{"id":25860,"n":"Pain au chocolat La Boulangère Pur beurre - x8 - 400g","p":2.73,"u":"6,83 €/KG","img":"https://fd9-photos.leclercdrive.fr/image.ashx?id=2912182&use=l&cat=p&typeid=i","cat":296366},{"id":25865,"n":"Préparation taboulé Tipiak Menthe citron olive - 350g","p":1.84,"u":"5,26 €/KG","img":"https://fd9-photos.leclercdrive.fr/image.ashx?id=2973862&use=l&cat=p&typeid=i","cat":284429},{"id":25868,"n":"Flocons d'avoine Quaker Oats Classic - 800g","p":2.47,"u":"3,09 €/KG","img":"https://fd9-photos.leclercdrive.fr/image.ashx?id=2344498&use=l&cat=p&typeid=i","cat":309512},{"id":25879,"n":"Bâtonnets Dentastix Pedigree Petit chien x28 - 440g","p":5.46,"u":"12,41 €/KG","img":"https://fd9-photos.leclercdrive.fr/image.ashx?id=2877106&use=l&cat=p&typeid=i","cat":294527},{"id":25884,"n":"Carrés chocolat Côte d'Or Chocolat lait Noisettes -10x20g","p":4.87,"u":"24,35 €/KG","img":"https://fd9-photos.leclercdrive.fr/image.ashx?id=2826651&use=l&cat=p&typeid=i","cat":284497},{"id":25886,"n":"Carrés chocolat Côte d'Or Chocolat noir Noisettes -10x20g","p":5.2,"u":"26,00 €/KG","img":"https://fd9-photos.leclercdrive.fr/image.ashx?id=2826654&use=l&cat=p&typeid=i","cat":284956},{"id":25887,"n":"Tablette chocolat Côte d'Or Noir Extra 2x200g","p":5.13,"u":"12,83 €/KG","img":"https://fd9-photos.leclercdrive.fr/image.ashx?id=2882065&use=l&cat=p&typeid=i","cat":284956},{"id":25889,"n":"Mignonnettes Côte d'Or Chocolat au lait - 24x10g","p":5.58,"u":"23,25 €/KG","img":"https://fd9-photos.leclercdrive.fr/image.ashx?id=3002210&use=l&cat=p&typeid=i","cat":284499},{"id":25893,"n":"Tablette chocolat Côte d'Or Chocolat noir - 200g","p":2.78,"u":"13,90 €/KG","img":"https://fd9-photos.leclercdrive.fr/image.ashx?id=2993119&use=l&cat=p&typeid=i","cat":284956},{"id":25894,"n":"Mignonnettes Côte d'Or Chocolat noir - 24x10g","p":5.1,"u":"21,25 €/KG","img":"https://fd9-photos.leclercdrive.fr/image.ashx?id=3009116&use=l&cat=p&typeid=i","cat":284499},{"id":25913,"n":"Chocolat noir Côte d'Or Nougat 130g","p":3.18,"u":"24,46 €/KG","img":"https://fd9-photos.leclercdrive.fr/image.ashx?id=2985588&use=l&cat=p&typeid=i","cat":284956},{"id":25914,"n":"Tablette chocolat Côte d'Or Chocolat noir praliné - 200g","p":3.54,"u":"17,70 €/KG","img":"https://fd9-photos.leclercdrive.fr/image.ashx?id=2941943&use=l&cat=p&typeid=i","cat":284956},{"id":26014,"n":"Colin d'Alaska Marie Petites St Jacques Hisseo 900g","p":5.82,"u":"6,47 €/KG","img":"https://fd9-photos.leclercdrive.fr/image.ashx?id=2996758&use=l&cat=p&typeid=i","cat":319786},{"id":26035,"n":"Bain de bouche Dentamyl Fraîcheur menthe - 500ml","p":1.89,"u":"3,78 €/L","img":"https://fd9-photos.leclercdrive.fr/image.ashx?id=2526604&use=l&cat=p&typeid=i","cat":284613},{"id":26038,"n":"Recharge savon mains Manava Crème Lait et miel - 250ml","p":0.57,"u":"2,28 €/L","img":"https://fd9-photos.leclercdrive.fr/image.ashx?id=2935489&use=l&cat=p&typeid=i","cat":284597},{"id":26040,"n":"Recharge savon mains Manava Gel spécial cuisine - 250ml","p":0.66,"u":"2,64 €/L","img":"https://fd9-photos.leclercdrive.fr/image.ashx?id=2935492&use=l&cat=p&typeid=i","cat":284597},{"id":26087,"n":"Fromage blanc sous mousse  gervita nature - 8x100g","p":3.66,"u":"4,58 €/KG","img":"https://fd9-photos.leclercdrive.fr/image.ashx?id=2265768&use=l&cat=p&typeid=i","cat":284409},{"id":26090,"n":"Lait entier Bio Village Bio Bouteille UHT - 1L","p":1.49,"u":"1,49 €/L","img":"https://fd9-photos.leclercdrive.fr/image.ashx?id=2981924&use=l&cat=p&typeid=i","cat":285610},{"id":26151,"n":"Sucre Eco+  En poudre - 1kg","p":0.95,"u":"0,95 €/KG","img":"https://fd9-photos.leclercdrive.fr/image.ashx?id=2702277&use=l&cat=p&typeid=i","cat":284502},{"id":26152,"n":"Salade Mexicaine Eco+ Au thon - 280g","p":1.12,"u":"4,00 €/KG","img":"https://fd9-photos.leclercdrive.fr/image.ashx?id=2884201&use=l&cat=p&typeid=i","cat":284437},{"id":26153,"n":"Salade Americaine Eco+ Au thon - 280g","p":1.12,"u":"4,00 €/KG","img":"https://fd9-photos.leclercdrive.fr/image.ashx?id=2873649&use=l&cat=p&typeid=i","cat":284437},{"id":26154,"n":"Salade Niçoise Eco+ Au thon - 280g","p":1.12,"u":"4,00 €/KG","img":"https://fd9-photos.leclercdrive.fr/image.ashx?id=2896012&use=l&cat=p&typeid=i","cat":284437},{"id":26183,"n":"Adoucissant Hyperdou Rêve de fraîcheur - 3x250ml","p":1.23,"u":"1,64 €/L","img":"https://fd9-photos.leclercdrive.fr/image.ashx?id=2643318&use=l&cat=p&typeid=i","cat":284650},{"id":26185,"n":"Lingettes désinfectante Sanytol Multi-usage Eucalyptus - x72","p":1.58,"u":"0,03 €/P","img":"https://fd9-photos.leclercdrive.fr/image.ashx?id=2899353&use=l&cat=p&typeid=i","cat":325358},{"id":26193,"n":"Edulcorant Canderel sticks x120 - 120g","p":2.58,"u":"21,50 €/KG","img":"https://fd9-photos.leclercdrive.fr/image.ashx?id=2811011&use=l&cat=p&typeid=i","cat":324846},{"id":26220,"n":"Sucre Eco+ Cristal  - 5kg","p":5.02,"u":"1,00 €/KG","img":"https://fd9-photos.leclercdrive.fr/image.ashx?id=3010413&use=l&cat=p&typeid=i","cat":284502},{"id":26271,"n":"Rôti de porc Tradilège 6 tranches VPF 180g","p":2.38,"u":"13,22 €/KG","img":"https://fd9-photos.leclercdrive.fr/image.ashx?id=2675786&use=l&cat=p&typeid=i","cat":316009},{"id":26278,"n":"Mélange chili mexicain Ducros Sachet malin - 20g","p":1.46,"u":"73,00 €/KG","img":"https://fd9-photos.leclercdrive.fr/image.ashx?id=2326661&use=l&cat=p&typeid=i","cat":298297},{"id":26279,"n":"Mélange couscous royal Ducros Sachet malin - 20g","p":1.56,"u":"78,00 €/KG","img":"https://fd9-photos.leclercdrive.fr/image.ashx?id=2490491&use=l&cat=p&typeid=i","cat":298297},{"id":26281,"n":"Mélange malin Ducros Pour plats Mexicains - 40g","p":1.97,"u":"49,25 €/KG","img":"https://fd9-photos.leclercdrive.fr/image.ashx?id=2559445&use=l&cat=p&typeid=i","cat":298297},{"id":26289,"n":"Sauce froide Suzi Wan Aigre douce 330g","p":1.91,"u":"5,79 €/KG","img":"https://fd9-photos.leclercdrive.fr/image.ashx?id=2990886&use=l&cat=p&typeid=i","cat":288992},{"id":26308,"n":"Boisson énergisante Red Bull 355ml","p":1.72,"u":"4,85 €/L","img":"https://fd9-photos.leclercdrive.fr/image.ashx?id=3011980&use=l&cat=p&typeid=i","cat":284533},{"id":26309,"n":"Boîte chat Whiskas  Gelée mer & campagne - 8x400g","p":9.6,"u":"3,08 €/KG","img":"https://fd9-photos.leclercdrive.fr/image.ashx?id=2759628&use=l&cat=p&typeid=i","cat":285601},{"id":26310,"n":"Cornichons Kühne Aigre doux - 360g","p":2.12,"u":"5,89 €/KG","img":"https://fd9-photos.leclercdrive.fr/image.ashx?id=2550925&use=l&cat=p&typeid=i","cat":284458},{"id":26316,"n":"Mini-crêpes fourrées Tokapi Bacon - 65g","p":1.9,"u":"29,23 €/KG","img":"https://fd9-photos.leclercdrive.fr/image.ashx?id=2853886&use=l&cat=p&typeid=i","cat":297000},{"id":26319,"n":"Noix de cajou Tokapi Sans sel ajouté - 125g","p":1.79,"u":"14,32 €/KG","img":"https://fd9-photos.leclercdrive.fr/image.ashx?id=2794000&use=l&cat=p&typeid=i","cat":284448},{"id":26320,"n":"Oignons frits snack Kühne Boîte -  100g","p":1.36,"u":"13,60 €/KG","img":"https://fd9-photos.leclercdrive.fr/image.ashx?id=2447079&use=l&cat=p&typeid=i","cat":298297},{"id":26361,"n":"Levure super active Vahiné Spécial pain sachet 6x27.6g","p":1.08,"u":"6,43 €/KG","img":"https://fd9-photos.leclercdrive.fr/image.ashx?id=2606259&use=l&cat=p&typeid=i","cat":294686},{"id":26372,"n":"Noix de coco Sainte Lucie Des Tropiques râpée sachet 125g","p":2.15,"u":"17,20 €/KG","img":"https://fd9-photos.leclercdrive.fr/image.ashx?id=2776115&use=l&cat=p&typeid=i","cat":284504},{"id":26376,"n":"Pepites de chocolat au lait Vahiné - 100g","p":2.49,"u":"24,90 €/KG","img":"https://fd9-photos.leclercdrive.fr/image.ashx?id=2983243&use=l&cat=p&typeid=i","cat":284504},{"id":26377,"n":"Pépites Vahiné Chocolat chunks - 100g","p":2.79,"u":"27,90 €/KG","img":"https://fd9-photos.leclercdrive.fr/image.ashx?id=2606262&use=l&cat=p&typeid=i","cat":284504},{"id":26384,"n":"Pépites Vahiné Chocolat noir 200g","p":3.92,"u":"19,60 €/KG","img":"https://fd9-photos.leclercdrive.fr/image.ashx?id=2606265&use=l&cat=p&typeid=i","cat":284504},{"id":26398,"n":"Sucre vanilliné Vahiné 10 sachets 75g","p":0.96,"u":"12,80 €/KG","img":"https://fd9-photos.leclercdrive.fr/image.ashx?id=2490539&use=l&cat=p&typeid=i","cat":294686},{"id":26458,"n":"Armagnac Duc de Borzac VSOP - 40%vol. - 70cl","p":27.12,"u":"38,74 €/L","img":"https://fd9-photos.leclercdrive.fr/image.ashx?id=1648332&use=l&cat=p&typeid=i","cat":286032},{"id":26461,"n":"Lait sans lactose Délisse UHT Bouteille -  1L","p":1.25,"u":"1,25 €/L","img":"https://fd9-photos.leclercdrive.fr/image.ashx?id=2610217&use=l&cat=p&typeid=i","cat":317169},{"id":26484,"n":"Croquette chat stérilisé Ultima  Poulet - 3kg","p":12.02,"u":"4,01 €/KG","img":"https://fd9-photos.leclercdrive.fr/image.ashx?id=2918886&use=l&cat=p&typeid=i","cat":284680},{"id":26494,"n":"Pizza Merveillosa Turini Thon - 355g","p":2.26,"u":"6,37 €/KG","img":"https://fd9-photos.leclercdrive.fr/image.ashx?id=2815238&use=l&cat=p&typeid=i","cat":284256},{"id":26562,"n":"Lait sans lactose Délisse UHT Bouteille -  6x1L","p":7.5,"u":"1,25 €/L","img":"https://fd9-photos.leclercdrive.fr/image.ashx?id=2366292&use=l&cat=p&typeid=i","cat":317169},{"id":26565,"n":"Lait Croissance Bio Village bio 10 à 36 mois - 6x1L","p":10.02,"u":"1,67 €/L","img":"https://fd9-photos.leclercdrive.fr/image.ashx?id=2802032&use=l&cat=p&typeid=i","cat":284728},{"id":26570,"n":"Filet de poulet jaune Le Gaulois 720g","p":10.5,"u":"14,58 €/KG","img":"https://fd9-photos.leclercdrive.fr/image.ashx?id=3003209&use=l&cat=p&typeid=i","cat":284336},{"id":26586,"n":"Fromage blanc Déli'light Vanille 0%MG - 8x100g","p":2.66,"u":"3,33 €/KG","img":"https://fd9-photos.leclercdrive.fr/image.ashx?id=2967591&use=l&cat=p&typeid=i","cat":315000},{"id":26608,"n":"Sardines Label Rouge Les Dieux Huile d'olive vierge extra 115g","p":2.32,"u":"20,17 €/KG","img":"https://fd9-photos.leclercdrive.fr/image.ashx?id=3008224&use=l&cat=p&typeid=i","cat":305146},{"id":26646,"n":"AOP Champagne Brut Nicolas Feuillatte Grande Réserve 75cl","p":22.35,"pp":20.11,"u":"26,81 €/L","img":"https://fd9-photos.leclercdrive.fr/image.ashx?id=2733184&use=l&cat=p&typeid=i","cat":284542},{"id":26647,"n":"Chair à saucisses porc Férial 400g","p":3.49,"u":"8,73 €/KG","img":"https://fd9-photos.leclercdrive.fr/image.ashx?id=2953308&use=l&cat=p&typeid=i","cat":284332},{"id":26659,"n":"Fonds d'artichauts Notre Jardin 210g","p":2.75,"u":"13,10 €/KG","img":"https://fd9-photos.leclercdrive.fr/image.ashx?id=2607921&use=l&cat=p&typeid=i","cat":312611},{"id":26663,"n":"Farine de sarrasin Treblec 1kg","p":2.95,"u":"2,95 €/KG","img":"https://fd9-photos.leclercdrive.fr/image.ashx?id=2734843&use=l&cat=p&typeid=i","cat":284503},{"id":26708,"n":"Cacahuètes Benenuts-Twinuts Bacon Grillé - 150g","p":1.14,"u":"7,60 €/KG","img":"https://fd9-photos.leclercdrive.fr/image.ashx?id=2967738&use=l&cat=p&typeid=i","cat":284448},{"id":26713,"n":"Brownie Brossard Chocolat pépites 285g","p":2.5,"u":"8,77 €/KG","img":"https://fd9-photos.leclercdrive.fr/image.ashx?id=2977492&use=l&cat=p&typeid=i","cat":294776},{"id":26720,"n":"Lentilles Préparées Cassegrain Tendres et Fondantes 130g","p":1.15,"u":"8,85 €/KG","img":"https://fd9-photos.leclercdrive.fr/image.ashx?id=2912992&use=l&cat=p&typeid=i","cat":312609},{"id":26722,"n":"Ratatouille Cuisinée Cassegrain à la Provençale 660g","p":3.72,"u":"5,64 €/KG","img":"https://fd9-photos.leclercdrive.fr/image.ashx?id=2902660&use=l&cat=p&typeid=i","cat":312612},{"id":26725,"n":"Infusion camomille Tiséa 25 sachets - 37,5g","p":0.92,"u":"0,25 €/KG","img":"https://fd9-photos.leclercdrive.fr/image.ashx?id=2441288&use=l&cat=p&typeid=i","cat":293234},{"id":26733,"n":"Dessert végétal au soja Sojasun Nature - 12x100g","p":3.28,"u":"2,73 €/KG","img":"https://fd9-photos.leclercdrive.fr/image.ashx?id=2355665&use=l&cat=p&typeid=i","cat":316071},{"id":26737,"n":"Terreau pour sol Eco  40L","p":2.55,"u":"0,06 €/L","img":"https://fd9-photos.leclercdrive.fr/image.ashx?id=2162132&use=l&cat=p&typeid=i","cat":335919},{"id":26765,"n":"Mayonnaise Rustica A la moutarde de Dijon - 470g","p":1.6,"u":"3,40 €/KG","img":"https://fd9-photos.leclercdrive.fr/image.ashx?id=2954361&use=l&cat=p&typeid=i","cat":298295},{"id":26797,"n":"Compote Douceur du Verger Coupelle pomme fraise - 4x100g","p":1.15,"u":"2,88 €/KG","img":"https://fd9-photos.leclercdrive.fr/image.ashx?id=2663503&use=l&cat=p&typeid=i","cat":284508},{"id":26801,"n":"Langue de boeuf Hénaff Sauce Madère 410g","p":5.26,"u":"12,83 €/KG","img":"https://fd9-photos.leclercdrive.fr/image.ashx?id=2334359&use=l&cat=p&typeid=i","cat":284441},{"id":26818,"n":"Boisson base vin rosée Very Pamp Pamplemousse - 75cl","p":3.25,"u":"4,33 €/L","img":"https://fd9-photos.leclercdrive.fr/image.ashx?id=2446629&use=l&cat=p&typeid=i","cat":304569},{"id":26819,"n":"Boisson aromatisée Vin rosé Pamplemousse 7.5%,vol BIB 3L","p":9.68,"u":"3,23 €/L","img":"https://fd9-photos.leclercdrive.fr/image.ashx?id=2470024&use=l&cat=p&typeid=i","cat":304569},{"id":26820,"n":"IGP Pays d'Oc rouge Roche Mazet Merlot - BIB 3L","p":10.78,"u":"3,59 €/L","img":"https://fd9-photos.leclercdrive.fr/image.ashx?id=2597387&use=l&cat=p&typeid=i","cat":289560},{"id":26840,"n":"Spray Détachant Vanish  Avant-lavage - 750ml","p":4.73,"u":"6,31 €/L","img":"https://fd9-photos.leclercdrive.fr/image.ashx?id=2963913&use=l&cat=p&typeid=i","cat":284651},{"id":26877,"n":"Crackers Mini pizza Tokapi 85g","p":0.69,"u":"8,12 €/KG","img":"https://fd9-photos.leclercdrive.fr/image.ashx?id=2351232&use=l&cat=p&typeid=i","cat":297000},{"id":26926,"n":"Couches bébé Mots d'Enfants -T3 Ultra confort - 4/9kg - x162","p":21.3,"u":"0,13 €/P","img":"https://fd9-photos.leclercdrive.fr/image.ashx?id=2573987&use=l&cat=p&typeid=i","cat":284737},{"id":26978,"n":"Chewing-gum menthol Airwaves Eucalyptus s/sucre 5x10","p":2.31,"img":"https://fd9-photos.leclercdrive.fr/image.ashx?id=2355902&use=l&cat=p&typeid=i","cat":304251},{"id":26979,"n":"Chewing-gum Airwaves Cool cassis s/sucre 5x10","p":2.3,"img":"https://fd9-photos.leclercdrive.fr/image.ashx?id=2355905&use=l&cat=p&typeid=i","cat":304251},{"id":26998,"n":"Sachet repas chats Gourmet Les filettines en sauce -12x85g","p":5.82,"u":"5,71 €/KG","img":"https://fd9-photos.leclercdrive.fr/image.ashx?id=2902277&use=l&cat=p&typeid=i","cat":285286},{"id":27026,"n":"Huggies® Little Swimmers® Maxipack Taille 3-4 x20","p":10.64,"u":"0,53 €/P","img":"https://fd9-photos.leclercdrive.fr/image.ashx?id=2844703&use=l&cat=p&typeid=i","cat":290634},{"id":27069,"n":"Sorbet Oasis Multifruits x10 - 400g","p":2.64,"u":"6,60 €/KG","img":"https://fd9-photos.leclercdrive.fr/image.ashx?id=2831924&use=l&cat=p&typeid=i","cat":285250},{"id":27070,"n":"Bâtonnets Oasis Tropical x10 - 400g","p":2.56,"u":"6,40 €/KG","img":"https://fd9-photos.leclercdrive.fr/image.ashx?id=2877829&use=l&cat=p&typeid=i","cat":285250},{"id":27087,"n":"Crème entière fluide UHT Bio Bio Village 30% MG - 3x20cl","p":3.96,"u":"6,60 €/L","img":"https://fd9-photos.leclercdrive.fr/image.ashx?id=2496899&use=l&cat=p&typeid=i","cat":284381},{"id":27088,"n":"Glace à l'eau Stick Smicy 5 parfums x20 - 845g","p":2.74,"u":"3,24 €/KG","img":"https://fd9-photos.leclercdrive.fr/image.ashx?id=2073057&use=l&cat=p&typeid=i","cat":285250},{"id":27091,"n":"Mayonnaise Rustica A la moutarde de Dijon - 235g","p":1.14,"u":"4,85 €/KG","img":"https://fd9-photos.leclercdrive.fr/image.ashx?id=2954358&use=l&cat=p&typeid=i","cat":298295},{"id":27093,"n":"Compote Douceur du Verger Coupelle pomme abricot - 4x100g","p":1.19,"u":"2,98 €/KG","img":"https://fd9-photos.leclercdrive.fr/image.ashx?id=2663500&use=l&cat=p&typeid=i","cat":284508},{"id":27096,"n":"Mayonnaise allégée Rustica 450g","p":1.13,"u":"2,51 €/KG","img":"https://fd9-photos.leclercdrive.fr/image.ashx?id=1026709&use=l&cat=p&typeid=i","cat":298295},{"id":27098,"n":"Café moulu Plantation Brésil - 250g","p":3.71,"u":"14,84 €/KG","img":"https://fd9-photos.leclercdrive.fr/image.ashx?id=2607512&use=l&cat=p&typeid=i","cat":284750},{"id":27105,"n":"Corned Beef Hereford 7 Oz  - 200g","p":2.2,"u":"11,00 €/KG","img":"https://fd9-photos.leclercdrive.fr/image.ashx?id=2896943&use=l&cat=p&typeid=i","cat":305149},{"id":27106,"n":"Couches bébé Mots d'Enfants Mini - T2 : 3/6kg - x35 changes","p":5.18,"u":"0,15 €/P","img":"https://fd9-photos.leclercdrive.fr/image.ashx?id=2904568&use=l&cat=p&typeid=i","cat":284737},{"id":27108,"n":"Steak haché 5%mg Férial façon bouchère - 250g","p":5.2,"u":"20,80 €/KG","img":"https://fd9-photos.leclercdrive.fr/image.ashx?id=2903989&use=l&cat=p&typeid=i","cat":284332},{"id":27114,"n":"Lait céréales Blédidej 12 mois Chocolat - 4x250ml","p":3.63,"u":"3,63 €/L","img":"https://fd9-photos.leclercdrive.fr/image.ashx?id=2921058&use=l&cat=p&typeid=i","cat":312226},{"id":27137,"n":"Friandises Picnic Fido Festival 3 variétés  x15  -126g","p":1.51,"u":"11,98 €/KG","img":"https://fd9-photos.leclercdrive.fr/image.ashx?id=2382595&use=l&cat=p&typeid=i","cat":294527},{"id":27149,"n":"Bonbons Croibleu Sève de pin - 250g","p":2.18,"u":"8,72 €/KG","img":"https://fd9-photos.leclercdrive.fr/image.ashx?id=1640045&use=l&cat=p&typeid=i","cat":304252},{"id":27158,"n":"Mini Barre Chocolat Lait KitKat x21 barres - 350g","p":4.77,"u":"13,63 €/KG","img":"https://fd9-photos.leclercdrive.fr/image.ashx?id=2762611&use=l&cat=p&typeid=i","cat":284498},{"id":27172,"n":"Boisson lactée allégé Candy'UP Chocolat - 6x20cl","p":2.86,"u":"2,38 €/L","img":"https://fd9-photos.leclercdrive.fr/image.ashx?id=2492148&use=l&cat=p&typeid=i","cat":295246},{"id":27174,"n":"Bière blonde Tripel Karmeliet 8,4% - 75cl","p":4.6,"u":"6,13 €/L","img":"https://fd9-photos.leclercdrive.fr/image.ashx?id=2861180&use=l&cat=p&typeid=i","cat":334872},{"id":27178,"n":"Friandises Fun Tastix Fido Jambon fromage - 150g","p":1.56,"u":"10,40 €/KG","img":"https://fd9-photos.leclercdrive.fr/image.ashx?id=2681212&use=l&cat=p&typeid=i","cat":294527},{"id":27229,"n":"Couches bébé Mots d'Enfants Ecologique - T4 : 7/18kg - x32","p":8.99,"u":"0,28 €/P","img":"https://fd9-photos.leclercdrive.fr/image.ashx?id=2904562&use=l&cat=p&typeid=i","cat":284737},{"id":27230,"n":"Couches bébé Mots d'Enfants Ecologique - T5 : 11/25kg - x28","p":9.29,"u":"0,33 €/P","img":"https://fd9-photos.leclercdrive.fr/image.ashx?id=2904565&use=l&cat=p&typeid=i","cat":284737},{"id":27279,"n":"Banane 1p","p":0.35,"img":"https://fd9-photos.leclercdrive.fr/image.ashx?id=1628593&use=l&cat=p&typeid=i","cat":284356},{"id":27359,"n":"Macaroni et croquettes 4Pat Boeuf - 4kg","p":9.07,"u":"2,27 €/KG","img":"https://fd9-photos.leclercdrive.fr/image.ashx?id=2877838&use=l&cat=p&typeid=i","cat":284672},{"id":27367,"n":"Vin d'Union Européenne blanc François D'Aubigné - 75 cl","p":1.49,"u":"1,99 €/L","img":"https://fd9-photos.leclercdrive.fr/image.ashx?id=2939043&use=l&cat=p&typeid=i","cat":289557},{"id":27377,"n":"Cordons bleus Isla Délice Halal - x4 400g","p":3.73,"u":"9,33 €/KG","img":"https://fd9-photos.leclercdrive.fr/image.ashx?id=2249689&use=l&cat=p&typeid=i","cat":319780},{"id":27379,"n":"Steak haché Isla Délice 80% pur boeuf Halal - 800g","p":10.61,"u":"13,26 €/KG","img":"https://fd9-photos.leclercdrive.fr/image.ashx?id=1583297&use=l&cat=p&typeid=i","cat":319778},{"id":27382,"n":"Nuggets Isla Délice Halal - 400g","p":3.31,"u":"8,28 €/KG","img":"https://fd9-photos.leclercdrive.fr/image.ashx?id=2256104&use=l&cat=p&typeid=i","cat":319780},{"id":27398,"n":"Saucisse Isla Délice Halal - Goût volaille - 500g","p":2.4,"u":"4,80 €/KG","img":"https://fd9-photos.leclercdrive.fr/image.ashx?id=1989117&use=l&cat=p&typeid=i","cat":316013},{"id":27399,"n":"Blanc de poulet Fleury Michon Halal x4 -160g","p":2.97,"u":"18,56 €/KG","img":"https://fd9-photos.leclercdrive.fr/image.ashx?id=2886711&use=l&cat=p&typeid=i","cat":316013},{"id":27403,"n":"Saucisses Déliss' Isla Délice Halal - Dinde x10 - 350g","p":2.57,"u":"7,34 €/KG","img":"https://fd9-photos.leclercdrive.fr/image.ashx?id=2406124&use=l&cat=p&typeid=i","cat":316013},{"id":27432,"n":"Sac de tournesol Pictou 3kg","p":4.7,"u":"1,57 €/KG","img":"https://fd9-photos.leclercdrive.fr/image.ashx?id=2231792&use=l&cat=p&typeid=i","cat":284678},{"id":27434,"n":"Coupelles Pêches DDV Sirop léger - 4x70 g","p":2.49,"u":"8,89 €/KG","img":"https://fd9-photos.leclercdrive.fr/image.ashx?id=2100784&use=l&cat=p&typeid=i","cat":284507},{"id":27454,"n":"Maïs Notre Jardin Croquant - 3x140g","p":1.83,"u":"4,36 €/KG","img":"https://fd9-photos.leclercdrive.fr/image.ashx?id=2052802&use=l&cat=p&typeid=i","cat":312611},{"id":27487,"n":"Dés Salakis basilic Fromage brebis - 300g","p":3.15,"pp":2.83,"u":"9,43 €/KG","img":"https://fd9-photos.leclercdrive.fr/image.ashx?id=2729695&use=l&cat=p&typeid=i","cat":314026},{"id":27501,"n":"Steak haché charolais Bigard Pur boeuf 15%mg - 250g","p":4.39,"u":"17,56 €/KG","img":"https://fd9-photos.leclercdrive.fr/image.ashx?id=2207256&use=l&cat=p&typeid=i","cat":284332},{"id":27523,"n":"Colin d'Alaska Pêche Océan À la parisienne - MSC - 400g","p":2.79,"u":"6,98 €/KG","img":"https://fd9-photos.leclercdrive.fr/image.ashx?id=2930120&use=l&cat=p&typeid=i","cat":319786},{"id":27524,"n":"Colin d'Alaska Côté Table A la provençale - MSC - 400g","p":2.79,"u":"6,98 €/KG","img":"https://fd9-photos.leclercdrive.fr/image.ashx?id=2930123&use=l&cat=p&typeid=i","cat":319786},{"id":27531,"n":"Assortiment exotique Tables du Monde 470g","p":4.79,"u":"10,19 €/KG","img":"https://fd9-photos.leclercdrive.fr/image.ashx?id=2967664&use=l&cat=p&typeid=i","cat":333673},{"id":27564,"n":"Blé précuit Comptoir du Grain Sachet cuisson - x4 - 500g","p":1.7,"u":"3,40 €/KG","img":"https://fd9-photos.leclercdrive.fr/image.ashx?id=3012836&use=l&cat=p&typeid=i","cat":284429},{"id":27566,"n":"Ruban adhésif d'emballage Siléa Largeur 50mm x 66 mètres","p":2.84,"img":"https://fd9-photos.leclercdrive.fr/image.ashx?id=2162345&use=l&cat=p&typeid=i","cat":300576},{"id":27576,"n":"Barres céréales Special K Kellogg's Fruits rouges 6x21,5g","p":1.81,"u":"14,03 €/KG","img":"https://fd9-photos.leclercdrive.fr/image.ashx?id=3003176&use=l&cat=p&typeid=i","cat":285869},{"id":27709,"n":"Dentifrice Dentamyl Soin complet sensitive 75ml","p":0.92,"u":"12,27 €/L","img":"https://fd9-photos.leclercdrive.fr/image.ashx?id=2489119&use=l&cat=p&typeid=i","cat":284612},{"id":27721,"n":"Emmental Les Croisés En tranches - 200g","p":1.94,"u":"9,70 €/KG","img":"https://fd9-photos.leclercdrive.fr/image.ashx?id=2436317&use=l&cat=p&typeid=i","cat":314028},{"id":27798,"n":"Bière ambrée corse Pietra 6° - 75cl","p":3.64,"u":"4,85 €/L","img":"https://fd9-photos.leclercdrive.fr/image.ashx?id=2992921&use=l&cat=p&typeid=i","cat":334872},{"id":27834,"n":"Pizza Crousti-moelleuse Marie 4 fromages - 510g","p":3.86,"u":"7,57 €/KG","img":"https://fd9-photos.leclercdrive.fr/image.ashx?id=2996749&use=l&cat=p&typeid=i","cat":284256},{"id":27836,"n":"Pizza Crousti-moelleuse Marie Poulet kebab - 530g","p":4.2,"u":"7,92 €/KG","img":"https://fd9-photos.leclercdrive.fr/image.ashx?id=2996752&use=l&cat=p&typeid=i","cat":284256},{"id":27925,"n":"AOP Réserve du Président rosé Sciaccrellu - 75cl","p":5.58,"u":"7,44 €/L","img":"https://fd9-photos.leclercdrive.fr/image.ashx?id=2093463&use=l&cat=p&typeid=i","cat":289558},{"id":27941,"n":"Cotons Duo Démaquillants Inell Disques x110","p":0.97,"img":"https://fd9-photos.leclercdrive.fr/image.ashx?id=1709588&use=l&cat=p&typeid=i","cat":285593},{"id":27961,"n":"Poulet basquaise Marie Riz à la tomate - 900g","p":4.23,"u":"4,70 €/KG","img":"https://fd9-photos.leclercdrive.fr/image.ashx?id=2996779&use=l&cat=p&typeid=i","cat":284254},{"id":27976,"n":"Eau minérale naturelle Vittel 8x33cl","p":2.74,"u":"1,04 €/L","img":"https://fd9-photos.leclercdrive.fr/image.ashx?id=3000423&use=l&cat=p&typeid=i","cat":284535},{"id":27977,"n":"Eau minérale naturelle Vittel 6x50cl","p":2.36,"u":"0,79 €/L","img":"https://fd9-photos.leclercdrive.fr/image.ashx?id=2999850&use=l&cat=p&typeid=i","cat":284535},{"id":28002,"n":"Lait demi-écrémé Grandlait Candia - 1L","p":1.07,"u":"1,07 €/L","img":"https://fd9-photos.leclercdrive.fr/image.ashx?id=2914609&use=l&cat=p&typeid=i","cat":284377},{"id":28003,"n":"Lait vitaminé Viva Candia  1% MG - 1L","p":1.43,"u":"1,43 €/L","img":"https://fd9-photos.leclercdrive.fr/image.ashx?id=2891499&use=l&cat=p&typeid=i","cat":317169},{"id":28021,"n":"Dentifrice enfant Dentamyl Gel fraise - 75ml","p":1.25,"u":"16,67 €/L","img":"https://fd9-photos.leclercdrive.fr/image.ashx?id=2613831&use=l&cat=p&typeid=i","cat":288898},{"id":28023,"n":"Duo céréales Comptoir du Grain  Quinoa et Boulgour - 400g","p":2.05,"u":"5,13 €/KG","img":"https://fd9-photos.leclercdrive.fr/image.ashx?id=3012830&use=l&cat=p&typeid=i","cat":284429},{"id":28025,"n":"Adhésif réparation Silea Grand format 25mx50mm","p":3.0,"img":"https://fd9-photos.leclercdrive.fr/image.ashx?id=2162348&use=l&cat=p&typeid=i","cat":300576},{"id":28076,"n":"AOP Madiran rouge Terroirs de Tilhet - 75cl","p":5.25,"pp":3.46,"u":"4,61 €/L","img":"https://fd9-photos.leclercdrive.fr/image.ashx?id=2996830&use=l&cat=p&typeid=i","cat":289556},{"id":28078,"n":"Coton bébé Mots d'Enfants Duo maxi carrés - x80","p":1.79,"u":"0,02 €/P","img":"https://fd9-photos.leclercdrive.fr/image.ashx?id=1947722&use=l&cat=p&typeid=i","cat":284739},{"id":28083,"n":"Maïs Notre Jardin Tendre  - 2x300g","p":1.88,"u":"3,13 €/KG","img":"https://fd9-photos.leclercdrive.fr/image.ashx?id=2177310&use=l&cat=p&typeid=i","cat":312611},{"id":28099,"n":"Eau minérale gazeuse St Diery Naturelle - 6x1,25L","p":2.16,"u":"0,29 €/L","img":"https://fd9-photos.leclercdrive.fr/image.ashx?id=2863075&use=l&cat=p&typeid=i","cat":284536},{"id":28100,"n":"Carotte  1.5kg","p":2.49,"u":"1,66 €/KG","img":"https://fd9-photos.leclercdrive.fr/image.ashx?id=1631985&use=l&cat=p&typeid=i","cat":284352},{"id":28104,"n":"IGP Pays d'Oc Merlot vin rosé Vieux Carion 12.5% vol -75 cl","p":2.25,"u":"3,00 €/L","img":"https://fd9-photos.leclercdrive.fr/image.ashx?id=2903962&use=l&cat=p&typeid=i","cat":289558},{"id":28203,"n":"Fromage : Le Carré Les Croisés 23%mg - 230g","p":1.92,"u":"8,35 €/KG","img":"https://fd9-photos.leclercdrive.fr/image.ashx?id=2974801&use=l&cat=p&typeid=i","cat":314033},{"id":28209,"n":"Noix de cajou grillées Tokapi Salées - 125g","p":1.48,"u":"11,84 €/KG","img":"https://fd9-photos.leclercdrive.fr/image.ashx?id=2839821&use=l&cat=p&typeid=i","cat":284448},{"id":28211,"n":"Pistaches Tokapi Grillées et salées - 125g","p":1.85,"u":"14,80 €/KG","img":"https://fd9-photos.leclercdrive.fr/image.ashx?id=2795550&use=l&cat=p&typeid=i","cat":284448},{"id":28216,"n":"Café en grains Bio Village Bio 100% arabica - 250g","p":4.51,"u":"18,04 €/KG","img":"https://fd9-photos.leclercdrive.fr/image.ashx?id=1470434&use=l&cat=p&typeid=i","cat":293237},{"id":28217,"n":"Pain d'épices bio Bio Village Miel - Pré-tranché - 300g","p":1.65,"u":"5,50 €/KG","img":"https://fd9-photos.leclercdrive.fr/image.ashx?id=769642&use=l&cat=p&typeid=i","cat":284493},{"id":28226,"n":"Cotons Duo Démaquillants Inell Duo ovale - Disques x70","p":1.56,"img":"https://fd9-photos.leclercdrive.fr/image.ashx?id=1709940&use=l&cat=p&typeid=i","cat":285593},{"id":28228,"n":"Chocolat Pâtissier Bio Village Bio - Noir  52% cacao - 200g","p":2.75,"u":"13,75 €/KG","img":"https://fd9-photos.leclercdrive.fr/image.ashx?id=2802305&use=l&cat=p&typeid=i","cat":285562},{"id":28260,"n":"Beignets chocolat x10   750g","p":4.96,"u":"6,61 €/KG","img":"https://fd9-photos.leclercdrive.fr/image.ashx?id=2534427&use=l&cat=p&typeid=i","cat":284984},{"id":28269,"n":"Sacs congélation Eco+ Moyen modèle - x75","p":1.71,"u":"0,02 €/P","img":"https://fd9-photos.leclercdrive.fr/image.ashx?id=2558748&use=l&cat=p&typeid=i","cat":334134},{"id":28278,"n":"Oranges à jus Panier du Primeur Filet 2kg","p":3.39,"u":"1,70 €/KG","img":"https://fd9-photos.leclercdrive.fr/image.ashx?id=2414570&use=l&cat=p&typeid=i","cat":284356},{"id":28280,"n":"Flan entremets Tablier Blanc Vanille x4 192g","p":0.99,"u":"5,16 €/KG","img":"https://fd9-photos.leclercdrive.fr/image.ashx?id=2982616&use=l&cat=p&typeid=i","cat":284505},{"id":28308,"n":"Paëlla Royale Côté Table Poulet, moule et chorizo 940g","p":3.69,"u":"3,93 €/KG","img":"https://fd9-photos.leclercdrive.fr/image.ashx?id=2977873&use=l&cat=p&typeid=i","cat":325094},{"id":28311,"n":"Liqueur Grand Marnier Orange & Cognac - 40%vol - 70cl","p":20.29,"u":"28,99 €/L","img":"https://fd9-photos.leclercdrive.fr/image.ashx?id=3007909&use=l&cat=p&typeid=i","cat":286032},{"id":28336,"n":"Huile d'olive Cauvin Vierge extra - 2L","p":17.62,"u":"8,81 €/L","img":"https://fd9-photos.leclercdrive.fr/image.ashx?id=2477739&use=l&cat=p&typeid=i","cat":284453},{"id":28343,"n":"Cardons Olabe 400g","p":1.81,"u":"4,53 €/KG","img":"https://fd9-photos.leclercdrive.fr/image.ashx?id=2609842&use=l&cat=p&typeid=i","cat":312608},{"id":28344,"n":"Olives vertes La Ciota Farcies poivrons - 120g","p":1.82,"u":"15,17 €/KG","img":"https://fd9-photos.leclercdrive.fr/image.ashx?id=2296584&use=l&cat=p&typeid=i","cat":284458},{"id":28345,"n":"Olives vertes La Ciota Farcies au thon - 120g","p":1.86,"u":"15,50 €/KG","img":"https://fd9-photos.leclercdrive.fr/image.ashx?id=2296581&use=l&cat=p&typeid=i","cat":284458},{"id":28346,"n":"Haricots blancs Olabe 400g","p":1.65,"u":"4,13 €/KG","img":"https://fd9-photos.leclercdrive.fr/image.ashx?id=2740073&use=l&cat=p&typeid=i","cat":312606},{"id":28368,"n":"Tablette de chocolat Equador Noir fleur de sel 100g","p":1.42,"u":"14,20 €/KG","img":"https://fd9-photos.leclercdrive.fr/image.ashx?id=2660565&use=l&cat=p&typeid=i","cat":284956},{"id":28386,"n":"Brioche de Lyon saucisson NRT 400g","p":4.99,"u":"12,48 €/KG","img":"https://fd9-photos.leclercdrive.fr/image.ashx?id=2743849&use=l&cat=p&typeid=i","cat":333671},{"id":28415,"n":"Colin d'Alaska Pêche Océan À la moutarde - MSC - 400g","p":2.99,"u":"7,48 €/KG","img":"https://fd9-photos.leclercdrive.fr/image.ashx?id=2930117&use=l&cat=p&typeid=i","cat":319786},{"id":28419,"n":"Lingettes anti-transfert Texil Tous textiles x25","p":2.32,"u":"0,09 €/P","img":"https://fd9-photos.leclercdrive.fr/image.ashx?id=2964571&use=l&cat=p&typeid=i","cat":290450},{"id":28432,"n":"Jus d'ananas Eco + Brique 1L","p":1.57,"u":"1,57 €/L","img":"https://fd9-photos.leclercdrive.fr/image.ashx?id=2802263&use=l&cat=p&typeid=i","cat":284916},{"id":28444,"n":"Fleur de sel de Camargue Le Saunier de Camargue - 125g","p":2.75,"u":"22,00 €/KG","img":"https://fd9-photos.leclercdrive.fr/image.ashx?id=2819343&use=l&cat=p&typeid=i","cat":284457},{"id":28516,"n":"Chocolat Noir Lindt Excellence  pointe de piment rouge - 100g","p":2.53,"u":"25,30 €/KG","img":"https://fd9-photos.leclercdrive.fr/image.ashx?id=2209200&use=l&cat=p&typeid=i","cat":284956},{"id":28568,"n":"Pomme de terre de consommation Vitelotte - 1kg","p":2.49,"u":"2,49 €/KG","img":"https://fd9-photos.leclercdrive.fr/image.ashx?id=1631230&use=l&cat=p&typeid=i","cat":284352},{"id":28594,"n":"Soupe instantanée Royco  Crème d'asperges - 4x200ml","p":1.55,"u":"1,94 €/L","img":"https://fd9-photos.leclercdrive.fr/image.ashx?id=2650982&use=l&cat=p&typeid=i","cat":293527},{"id":28613,"n":"Nectar multifruits  1L","p":0.98,"u":"0,98 €/L","img":"https://fd9-photos.leclercdrive.fr/image.ashx?id=2595531&use=l&cat=p&typeid=i","cat":284917},{"id":28710,"n":"Lingettes Mots d'Enfants Bio Bébé - x72 lingettes","p":2.53,"u":"0,04 €/P","img":"https://fd9-photos.leclercdrive.fr/image.ashx?id=2856504&use=l&cat=p&typeid=i","cat":284738},{"id":28715,"n":"Gel Toilette Intime Fraîcheur Intima Natural Aloe Vera 200ml","p":3.04,"u":"15,20 €/L","img":"https://fd9-photos.leclercdrive.fr/image.ashx?id=2959862&use=l&cat=p&typeid=i","cat":284627},{"id":28724,"n":"Nettoyant écologique Uni Vert Spécial Vitres - 750ml","p":1.79,"u":"2,39 €/L","img":"https://fd9-photos.leclercdrive.fr/image.ashx?id=2370993&use=l&cat=p&typeid=i","cat":325363},{"id":28725,"n":"Nettoyant écologique Uni Vert Spécial Vitres - 750ml","p":1.47,"u":"1,96 €/L","img":"https://fd9-photos.leclercdrive.fr/image.ashx?id=2372341&use=l&cat=p&typeid=i","cat":325363},{"id":28727,"n":"Tablettes anti-calcaire Calgon  4 en 1 - x48","p":10.16,"u":"16,28 €/KG","img":"https://fd9-photos.leclercdrive.fr/image.ashx?id=2954881&use=l&cat=p&typeid=i","cat":284653},{"id":28753,"n":"Café Soluble Nescafé Cappuccino Café Viennois - 306g","p":4.9,"u":"16,01 €/KG","img":"https://fd9-photos.leclercdrive.fr/image.ashx?id=2874087&use=l&cat=p&typeid=i","cat":284843},{"id":28809,"n":"Pain burger géant Epi d'Or Nature x4 - 330g","p":0.87,"u":"2,64 €/KG","img":"https://fd9-photos.leclercdrive.fr/image.ashx?id=1861089&use=l&cat=p&typeid=i","cat":325067},{"id":28827,"n":"Chili con carne Côté Table Au piment de Cayenne - 820g","p":3.24,"u":"3,95 €/KG","img":"https://fd9-photos.leclercdrive.fr/image.ashx?id=2977156&use=l&cat=p&typeid=i","cat":325094},{"id":28828,"n":"Pâtes fraîches Turini Gnocchi 380g","p":1.09,"u":"2,87 €/KG","img":"https://fd9-photos.leclercdrive.fr/image.ashx?id=2254526&use=l&cat=p&typeid=i","cat":333682},{"id":28831,"n":"Cookies Méga pépites P'tit Déli Choco amandes caramelisées 184g","p":1.51,"u":"8,21 €/KG","img":"https://fd9-photos.leclercdrive.fr/image.ashx?id=2116128&use=l&cat=p&typeid=i","cat":325066},{"id":28832,"n":"Cookies Méga pépites P'tit Déli Chocolat 184g","p":1.51,"u":"8,21 €/KG","img":"https://fd9-photos.leclercdrive.fr/image.ashx?id=2722814&use=l&cat=p&typeid=i","cat":325066},{"id":28848,"n":"Pennes au saumon Marie A la crème - 900g","p":6.45,"u":"7,17 €/KG","img":"https://fd9-photos.leclercdrive.fr/image.ashx?id=2996761&use=l&cat=p&typeid=i","cat":284254},{"id":28856,"n":"Pain burger Epi d'Or Géant complet x4 - 330g","p":0.97,"u":"2,94 €/KG","img":"https://fd9-photos.leclercdrive.fr/image.ashx?id=2984661&use=l&cat=p&typeid=i","cat":325067},{"id":28860,"n":"Pain de mie Epi d'or Complet - Spécial mie - 500g","p":1.47,"u":"2,94 €/KG","img":"https://fd9-photos.leclercdrive.fr/image.ashx?id=3012839&use=l&cat=p&typeid=i","cat":284477},{"id":28864,"n":"Cassoulet au confit canard NRT - 300g","p":2.97,"u":"9,90 €/KG","img":"https://fd9-photos.leclercdrive.fr/image.ashx?id=2996143&use=l&cat=p&typeid=i","cat":284953},{"id":28866,"n":"Coq au vin et ses torsades NRT 300g","p":2.61,"u":"8,70 €/KG","img":"https://fd9-photos.leclercdrive.fr/image.ashx?id=2723240&use=l&cat=p&typeid=i","cat":284953},{"id":28867,"n":"Foie gras canard IGP perigord NRT Entier - 125g","p":12.5,"u":"100,00 €/KG","img":"https://fd9-photos.leclercdrive.fr/image.ashx?id=2743879&use=l&cat=p&typeid=i","cat":305148},{"id":28868,"n":"Grillons de canard du Perigord Nos Régions ont du Talent -180g","p":4.53,"u":"25,17 €/KG","img":"https://fd9-photos.leclercdrive.fr/image.ashx?id=2560503&use=l&cat=p&typeid=i","cat":305149},{"id":28869,"n":"Parmentier canard Sud Ouest NRT - 300g","p":2.99,"u":"9,97 €/KG","img":"https://fd9-photos.leclercdrive.fr/image.ashx?id=2925210&use=l&cat=p&typeid=i","cat":284953},{"id":28872,"n":"Saucisses de Toulouse lentilles NRT - 300g","p":2.36,"u":"7,87 €/KG","img":"https://fd9-photos.leclercdrive.fr/image.ashx?id=2723234&use=l&cat=p&typeid=i","cat":284953},{"id":28938,"n":"Velouté bio Bio Village Légumes variés  - 1L","p":2.06,"u":"2,06 €/L","img":"https://fd9-photos.leclercdrive.fr/image.ashx?id=2133954&use=l&cat=p&typeid=i","cat":284462},{"id":28966,"n":"Liqueur Malibu Coco 18% vol - 70cl","p":9.75,"u":"13,93 €/L","img":"https://fd9-photos.leclercdrive.fr/image.ashx?id=2993481&use=l&cat=p&typeid=i","cat":284551},{"id":28970,"n":"Oeufs de lompe Ronde des Mers MSC - 2x100g","p":5.61,"u":"28,05 €/KG","img":"https://fd9-photos.leclercdrive.fr/image.ashx?id=2456144&use=l&cat=p&typeid=i","cat":285191},{"id":28996,"n":"Mayonnaise de Dijon AMORA 235g","p":1.9,"u":"8,09 €/KG","img":"https://fd9-photos.leclercdrive.fr/image.ashx?id=2946649&use=l&cat=p&typeid=i","cat":298295},{"id":28999,"n":"Mayonnaise de Dijon Amora Sans conservateur  - 415g","p":2.27,"u":"5,47 €/KG","img":"https://fd9-photos.leclercdrive.fr/image.ashx?id=2964207&use=l&cat=p&typeid=i","cat":298295},{"id":29009,"n":"Bûche glacée Eskiss Façon dame blanche - 530g","p":4.0,"u":"7,55 €/KG","img":"https://fd9-photos.leclercdrive.fr/image.ashx?id=2791293&use=l&cat=p&typeid=i","cat":284266},{"id":29011,"n":"Foie gras canard IGP Landes Nos Régions ont du Talent 200g","p":16.95,"u":"84,75 €/KG","img":"https://fd9-photos.leclercdrive.fr/image.ashx?id=2743873&use=l&cat=p&typeid=i","cat":316008},{"id":29013,"n":"Foie gras canard IGP Périgord Entier NRT - 125g","p":12.5,"u":"100,00 €/KG","img":"https://fd9-photos.leclercdrive.fr/image.ashx?id=2743876&use=l&cat=p&typeid=i","cat":316008},{"id":29014,"n":"Bloc de foie gras de canard Pierre de Chaumeyrac 300g","p":19.75,"u":"65,83 €/KG","img":"https://fd9-photos.leclercdrive.fr/image.ashx?id=2783014&use=l&cat=p&typeid=i","cat":316008},{"id":29015,"n":"Foie gras de canard entier Bocal - 180g","p":12.9,"u":"71,67 €/KG","img":"https://fd9-photos.leclercdrive.fr/image.ashx?id=2801031&use=l&cat=p&typeid=i","cat":316008},{"id":29017,"n":"Bloc de Foie gras canard 200g","p":9.49,"u":"47,45 €/KG","img":"https://fd9-photos.leclercdrive.fr/image.ashx?id=2814845&use=l&cat=p&typeid=i","cat":316008},{"id":29032,"n":"Chips Bret's Poulet braisé - 125g","p":1.22,"u":"9,76 €/KG","img":"https://fd9-photos.leclercdrive.fr/image.ashx?id=1927788&use=l&cat=p&typeid=i","cat":284447},{"id":29044,"n":"Cerneaux de noix Tablier Blanc 50g","p":1.3,"u":"26,00 €/KG","img":"https://fd9-photos.leclercdrive.fr/image.ashx?id=2460607&use=l&cat=p&typeid=i","cat":323809},{"id":29047,"n":"Pignons de pin Tablier Blanc 50g","p":2.39,"u":"47,80 €/KG","img":"https://fd9-photos.leclercdrive.fr/image.ashx?id=2867907&use=l&cat=p&typeid=i","cat":323809},{"id":29075,"n":"Sauce Tzatziki Tables du Monde 100g","p":0.9,"u":"9,00 €/KG","img":"https://fd9-photos.leclercdrive.fr/image.ashx?id=2872445&use=l&cat=p&typeid=i","cat":315999},{"id":29095,"n":"Yaourts brassés Délisse Vanille - 8x125g","p":2.65,"u":"2,65 €/KG","img":"https://fd9-photos.leclercdrive.fr/image.ashx?id=2372338&use=l&cat=p&typeid=i","cat":284410},{"id":29116,"n":"Bonbons sans sucres Confiséo Goût réglisse - 150g","p":2.64,"u":"17,60 €/KG","img":"https://fd9-photos.leclercdrive.fr/image.ashx?id=2934703&use=l&cat=p&typeid=i","cat":304250},{"id":29117,"n":"Bonbons sans sucres Confiséo Menthe - 150g","p":1.98,"u":"13,20 €/KG","img":"https://fd9-photos.leclercdrive.fr/image.ashx?id=2934697&use=l&cat=p&typeid=i","cat":304252},{"id":29119,"n":"Potage gourmand Régal Soupe 8 légumes à la crème - 1L","p":1.69,"u":"1,69 €/L","img":"https://fd9-photos.leclercdrive.fr/image.ashx?id=732101&use=l&cat=p&typeid=i","cat":284462},{"id":29133,"n":"Sacs poubelle Haute 50L Elembal Poignées coulissantes - x15","p":1.94,"u":"0,13 €/P","img":"https://fd9-photos.leclercdrive.fr/image.ashx?id=2958726&use=l&cat=p&typeid=i","cat":285168},{"id":29134,"n":"Mousse coiffante Vitanove Effet boucles - 200ml","p":1.48,"u":"7,40 €/L","img":"https://fd9-photos.leclercdrive.fr/image.ashx?id=2490040&use=l&cat=p&typeid=i","cat":284609},{"id":29174,"n":"Lait de douche Manava Pêche de vigne - 250ml","p":0.94,"u":"3,76 €/L","img":"https://fd9-photos.leclercdrive.fr/image.ashx?id=2618323&use=l&cat=p&typeid=i","cat":284594},{"id":29207,"n":"Pintade Maître Coq Barquette  sous atmosphère - 1.2kg","p":11.66,"u":"9,72 €/KG","img":"https://fd9-photos.leclercdrive.fr/image.ashx?id=2848788&use=l&cat=p&typeid=i","cat":284337},{"id":29208,"n":"Dürüm spécial kebab Samia x8 - 800g","p":3.31,"u":"4,14 €/KG","img":"https://fd9-photos.leclercdrive.fr/image.ashx?id=2567678&use=l&cat=p&typeid=i","cat":289013},{"id":29285,"n":"Saucisse de Toulouse Bigard Label rouge enroulée - 500g","p":5.79,"u":"11,58 €/KG","img":"https://fd9-photos.leclercdrive.fr/image.ashx?id=2008718&use=l&cat=p&typeid=i","cat":284334},{"id":29323,"n":"Superlevure Gayelord Hauser Paillettes étui 150g","p":2.71,"u":"18,07 €/KG","img":"https://fd9-photos.leclercdrive.fr/image.ashx?id=2786012&use=l&cat=p&typeid=i","cat":294686},{"id":29328,"n":"Pâte de fruits Gayelord Hauser 4 parfums - 125g","p":2.5,"u":"20,00 €/KG","img":"https://fd9-photos.leclercdrive.fr/image.ashx?id=1761918&use=l&cat=p&typeid=i","cat":318652},{"id":29334,"n":"Biscuits miel sésame GERBLE  crousti'son - 4x5 200g","p":1.83,"u":"9,15 €/KG","img":"https://fd9-photos.leclercdrive.fr/image.ashx?id=2662280&use=l&cat=p&typeid=i","cat":318651},{"id":29335,"n":"Barre pomme abricot Isostar  Céréal Max -165g","p":2.68,"u":"16,24 €/KG","img":"https://fd9-photos.leclercdrive.fr/image.ashx?id=2097938&use=l&cat=p&typeid=i","cat":318652},{"id":29336,"n":"Barre noisette chocolat Isostar  Céréal Max - 165g","p":2.87,"u":"17,39 €/KG","img":"https://fd9-photos.leclercdrive.fr/image.ashx?id=2676666&use=l&cat=p&typeid=i","cat":318652},{"id":29353,"n":"Barre multifruits ISOSTAR  Multifruits - x3 barres - 60g","p":1.85,"u":"30,83 €/KG","img":"https://fd9-photos.leclercdrive.fr/image.ashx?id=2306510&use=l&cat=p&typeid=i","cat":318652},{"id":29358,"n":"Pur jus pamplemousse Jafaden Rose - 1L","p":1.67,"u":"1,67 €/L","img":"https://fd9-photos.leclercdrive.fr/image.ashx?id=2869269&use=l&cat=p&typeid=i","cat":284914},{"id":29360,"n":"AOP Cabernet d'Anjou vin rosé Les Caractères - BIB 5L","p":21.49,"u":"4,30 €/L","img":"https://fd9-photos.leclercdrive.fr/image.ashx?id=2913672&use=l&cat=p&typeid=i","cat":289560},{"id":29361,"n":"Sacs poubelle haute 30L Elembal Poignées coulissantes - x25","p":3.23,"u":"0,13 €/P","img":"https://fd9-photos.leclercdrive.fr/image.ashx?id=2958723&use=l&cat=p&typeid=i","cat":285168},{"id":29370,"n":"AOP Crémant de Loire brut Les Caractères - 75cl","p":4.99,"u":"6,65 €/L","img":"https://fd9-photos.leclercdrive.fr/image.ashx?id=2898844&use=l&cat=p&typeid=i","cat":284545},{"id":29396,"n":"Mousse coiffante Vitanove Effet volume - 200ml","p":1.48,"u":"7,40 €/L","img":"https://fd9-photos.leclercdrive.fr/image.ashx?id=2490037&use=l&cat=p&typeid=i","cat":284609},{"id":29404,"n":"Pâtes Torti Panzani Cuisson rapide -2x500g+1offert","p":1.85,"u":"1,23 €/KG","img":"https://fd9-photos.leclercdrive.fr/image.ashx?id=2135776&use=l&cat=p&typeid=i","cat":284427},{"id":29419,"n":"Tortillas chips Tokapi Nature - 150g","p":0.55,"u":"3,67 €/KG","img":"https://fd9-photos.leclercdrive.fr/image.ashx?id=2647955&use=l&cat=p&typeid=i","cat":287899},{"id":29447,"n":"Truite fumée Ronde des mers France 6 tranches - 150g","p":4.95,"u":"33,00 €/KG","img":"https://fd9-photos.leclercdrive.fr/image.ashx?id=2832939&use=l&cat=p&typeid=i","cat":285188},{"id":29493,"n":"Tomato Ketchup Bio Heinz - 580g","p":2.67,"u":"4,60 €/KG","img":"https://fd9-photos.leclercdrive.fr/image.ashx?id=2927726&use=l&cat=p&typeid=i","cat":284455},{"id":29535,"n":"Croûtons Epi d'Or Ail - 2x90g","p":1.19,"u":"6,61 €/KG","img":"https://fd9-photos.leclercdrive.fr/image.ashx?id=2606049&use=l&cat=p&typeid=i","cat":284464},{"id":29570,"n":"Saucisson Petit Justin Bridou  Bâton de Berger Nature - 160g","p":3.5,"u":"21,88 €/KG","img":"https://fd9-photos.leclercdrive.fr/image.ashx?id=2894893&use=l&cat=p&typeid=i","cat":316006},{"id":29701,"n":"Bonbons Confiséo Menthe fraîcheur - 360g","p":1.87,"u":"5,19 €/KG","img":"https://fd9-photos.leclercdrive.fr/image.ashx?id=2934682&use=l&cat=p&typeid=i","cat":304252},{"id":29718,"n":"La Belle Escalope de Dinde  Le Gaulois x2 - 240g","p":4.72,"u":"19,67 €/KG","img":"https://fd9-photos.leclercdrive.fr/image.ashx?id=2259646&use=l&cat=p&typeid=i","cat":284337},{"id":29729,"n":"Escalope de dinde Le Gaulois Extra tendre x2 - 250g","p":4.24,"u":"16,96 €/KG","img":"https://fd9-photos.leclercdrive.fr/image.ashx?id=2259649&use=l&cat=p&typeid=i","cat":284337},{"id":29745,"n":"Steak haché Burger Tendre&Plus 15%MG x4 - 320g","p":5.44,"u":"17,00 €/KG","img":"https://fd9-photos.leclercdrive.fr/image.ashx?id=2786381&use=l&cat=p&typeid=i","cat":284332},{"id":29753,"n":"Eau gazeuse La Pétillante Citron vert sans sucre - 1L","p":0.4,"u":"0,40 €/L","img":"https://fd9-photos.leclercdrive.fr/image.ashx?id=2669738&use=l&cat=p&typeid=i","cat":284536},{"id":29754,"n":"Eau gazeuse La Pétillante Citron sans sucre - 1L","p":0.4,"u":"0,40 €/L","img":"https://fd9-photos.leclercdrive.fr/image.ashx?id=2590442&use=l&cat=p&typeid=i","cat":284536},{"id":29758,"n":"Tequila San José 35%vol - 70cl","p":15.73,"u":"22,47 €/L","img":"https://fd9-photos.leclercdrive.fr/image.ashx?id=2243143&use=l&cat=p&typeid=i","cat":284550},{"id":29759,"n":"Bière Hoegaarden rosée 3% - 6x25cl","p":5.01,"u":"3,34 €/L","img":"https://fd9-photos.leclercdrive.fr/image.ashx?id=1562515&use=l&cat=p&typeid=i","cat":334878},{"id":29761,"n":"Taboulé Pierre Martinet Au poulet 500g","p":2.51,"u":"5,02 €/KG","img":"https://fd9-photos.leclercdrive.fr/image.ashx?id=2990526&use=l&cat=p&typeid=i","cat":333657},{"id":29765,"n":"Eau gazeuse aromatisée Badoit citron sans sucres - 1l","p":0.82,"u":"0,82 €/L","img":"https://fd9-photos.leclercdrive.fr/image.ashx?id=2730634&use=l&cat=p&typeid=i","cat":284537},{"id":29767,"n":"Eau gazeuse aromatisée Badoit citron vert sans sucres- 1L","p":0.91,"u":"0,91 €/L","img":"https://fd9-photos.leclercdrive.fr/image.ashx?id=3011044&use=l&cat=p&typeid=i","cat":284537},{"id":29768,"n":"Bière blonde 1664 5,5° - 50cl canette","p":1.26,"u":"2,52 €/L","img":"https://fd9-photos.leclercdrive.fr/image.ashx?id=2887563&use=l&cat=p&typeid=i","cat":334853},{"id":29770,"n":"Bière Desperados Red 65cl","p":3.09,"u":"4,75 €/L","img":"https://fd9-photos.leclercdrive.fr/image.ashx?id=2651053&use=l&cat=p&typeid=i","cat":334878},{"id":29773,"n":"Eau minérale naturelle Mag Source de magnésium - 6x1L","p":2.28,"u":"0,38 €/L","img":"https://fd9-photos.leclercdrive.fr/image.ashx?id=2423520&use=l&cat=p&typeid=i","cat":284535},{"id":29775,"n":"Bière blonde Kronenbourg 7,2° - 4x50cl canettes","p":4.76,"u":"2,38 €/L","img":"https://fd9-photos.leclercdrive.fr/image.ashx?id=2034992&use=l&cat=p&typeid=i","cat":334853},{"id":29793,"n":"Fromage de brebis Les Croisés Rond 25%mg - 100g","p":1.83,"u":"18,30 €/KG","img":"https://fd9-photos.leclercdrive.fr/image.ashx?id=1942404&use=l&cat=p&typeid=i","cat":314031},{"id":29794,"n":"Triangolo Fromage enfants vache Les Croisés 24 portions - 400g","p":2.67,"u":"6,68 €/KG","img":"https://fd9-photos.leclercdrive.fr/image.ashx?id=2791779&use=l&cat=p&typeid=i","cat":314030},{"id":29795,"n":"Fromage à tartiner Les Croisés Ail et fines herbes 24%mg 250g","p":2.09,"u":"8,36 €/KG","img":"https://fd9-photos.leclercdrive.fr/image.ashx?id=2476143&use=l&cat=p&typeid=i","cat":314029},{"id":29802,"n":"Kit Pâte à pizza Tablier Blanc 600g","p":2.59,"u":"4,32 €/KG","img":"https://fd9-photos.leclercdrive.fr/image.ashx?id=1731167&use=l&cat=p&typeid=i","cat":333681},{"id":29811,"n":"Museau de boeuf Menu Fraîcheur A la lyonnaise - 300g","p":1.99,"u":"6,63 €/KG","img":"https://fd9-photos.leclercdrive.fr/image.ashx?id=2816570&use=l&cat=p&typeid=i","cat":333657},{"id":29816,"n":"Bicarbonate alimentaire La Baleine - 800g","p":2.45,"u":"3,06 €/KG","img":"https://fd9-photos.leclercdrive.fr/image.ashx?id=2468335&use=l&cat=p&typeid=i","cat":284457},{"id":29824,"n":"Liqueur Lagoa Goût coco 17%vol - 70cl","p":8.8,"u":"12,57 €/L","img":"https://fd9-photos.leclercdrive.fr/image.ashx?id=2958332&use=l&cat=p&typeid=i","cat":284551},{"id":29838,"n":"Bouillon cubes Knorr Bœuf - x15 cubes - 150g","p":1.32,"u":"8,80 €/KG","img":"https://fd9-photos.leclercdrive.fr/image.ashx?id=2848542&use=l&cat=p&typeid=i","cat":288379},{"id":29841,"n":"Bouillon de Poule KNORR 15 Tablettes - 150g","p":1.18,"u":"7,87 €/KG","img":"https://fd9-photos.leclercdrive.fr/image.ashx?id=2906043&use=l&cat=p&typeid=i","cat":288379},{"id":29845,"n":"Moulin saveur Ducros Assaisonnement steak - 35g","p":2.83,"u":"80,86 €/KG","img":"https://fd9-photos.leclercdrive.fr/image.ashx?id=2559448&use=l&cat=p&typeid=i","cat":298297},{"id":29854,"n":"Beurre de Bretagne Les Croisés Doux - 82% MG - 250g","p":2.61,"u":"10,44 €/KG","img":"https://fd9-photos.leclercdrive.fr/image.ashx?id=2943641&use=l&cat=p&typeid=i","cat":284379},{"id":29856,"n":"Beurre Extra fin Les Croisés Doux - 82 % MG - 125g","p":1.49,"u":"11,92 €/KG","img":"https://fd9-photos.leclercdrive.fr/image.ashx?id=2791269&use=l&cat=p&typeid=i","cat":284379},{"id":29864,"n":"Crème fraîche entière Délisse Fleurette - 30% MG - 40cl","p":1.72,"u":"4,30 €/L","img":"https://fd9-photos.leclercdrive.fr/image.ashx?id=3002575&use=l&cat=p&typeid=i","cat":284381},{"id":29865,"n":"Crème fraîche légère Délisse Fleurette - 12% MG - 40cl","p":1.62,"u":"4,05 €/L","img":"https://fd9-photos.leclercdrive.fr/image.ashx?id=3002578&use=l&cat=p&typeid=i","cat":284381},{"id":29872,"n":"Crème semi-épaisse légère UHT Délisse 18%mg - 2x25cl","p":2.34,"u":"4,68 €/L","img":"https://fd9-photos.leclercdrive.fr/image.ashx?id=3002593&use=l&cat=p&typeid=i","cat":284381},{"id":29874,"n":"Emincés poireaux Notre Jardin A la crème 750g","p":2.55,"u":"3,40 €/KG","img":"https://fd9-photos.leclercdrive.fr/image.ashx?id=2873144&use=l&cat=p&typeid=i","cat":319805},{"id":29875,"n":"Crevettes Nord Pêche Océan Entières cuites - MSC - 500g","p":5.25,"u":"10,50 €/KG","img":"https://fd9-photos.leclercdrive.fr/image.ashx?id=2478769&use=l&cat=p&typeid=i","cat":319787},{"id":29927,"n":"Bière belge Rince Cochon Blonde - 8.5%vol. - 75cl","p":3.58,"u":"4,77 €/L","img":"https://fd9-photos.leclercdrive.fr/image.ashx?id=1741463&use=l&cat=p&typeid=i","cat":334872},{"id":29978,"n":"La Fermière Yaourt brassé crème de Marrons - 2x160g","p":2.37,"u":"7,41 €/KG","img":"https://fd9-photos.leclercdrive.fr/image.ashx?id=3004927&use=l&cat=p&typeid=i","cat":314999},{"id":29982,"n":"Oeufs frais Matines  x20","p":4.72,"u":"0,24 €/P","img":"https://fd9-photos.leclercdrive.fr/image.ashx?id=2796234&use=l&cat=p&typeid=i","cat":284378},{"id":30029,"n":"Poêlée champignons Notre Jardin Forestière - 400g","p":4.66,"u":"11,65 €/KG","img":"https://fd9-photos.leclercdrive.fr/image.ashx?id=2771372&use=l&cat=p&typeid=i","cat":319823},{"id":30039,"n":"Lait de montagne Délisse UHT Bouteille -  1L","p":1.11,"u":"1,11 €/L","img":"https://fd9-photos.leclercdrive.fr/image.ashx?id=2929934&use=l&cat=p&typeid=i","cat":284377},{"id":30042,"n":"Lait frais demi-écrémé Délisse Bouteille - 1L","p":1.12,"u":"1,12 €/L","img":"https://fd9-photos.leclercdrive.fr/image.ashx?id=2970581&use=l&cat=p&typeid=i","cat":285609},{"id":30043,"n":"Lait frais Délisse Entier Bouteille - 1L","p":1.33,"u":"1,33 €/L","img":"https://fd9-photos.leclercdrive.fr/image.ashx?id=2970584&use=l&cat=p&typeid=i","cat":285609},{"id":30046,"n":"Lait bio Bio Village Bouteille  Demi-écrémé UHT -  50cl","p":0.87,"u":"1,74 €/L","img":"https://fd9-photos.leclercdrive.fr/image.ashx?id=2981906&use=l&cat=p&typeid=i","cat":284377},{"id":30051,"n":"Mini gratins Côté Table Choux fleurs - x4 480g","p":3.19,"u":"6,65 €/KG","img":"https://fd9-photos.leclercdrive.fr/image.ashx?id=2029370&use=l&cat=p&typeid=i","cat":319802},{"id":30053,"n":"Nuggets de poulet Pic'Express x18 400g","p":4.15,"u":"10,38 €/KG","img":"https://fd9-photos.leclercdrive.fr/image.ashx?id=2823747&use=l&cat=p&typeid=i","cat":319780},{"id":30055,"n":"Légumes pour potage Bio Bio Village - 600g","p":1.99,"u":"3,32 €/KG","img":"https://fd9-photos.leclercdrive.fr/image.ashx?id=2891818&use=l&cat=p&typeid=i","cat":319805},{"id":30056,"n":"Ratatouille Bio Bio Village Cuisinée - 600g","p":3.49,"u":"5,82 €/KG","img":"https://fd9-photos.leclercdrive.fr/image.ashx?id=2891821&use=l&cat=p&typeid=i","cat":319823},{"id":30059,"n":"Trio de fleurette Notre Jardin 1kg","p":2.48,"u":"2,48 €/KG","img":"https://fd9-photos.leclercdrive.fr/image.ashx?id=2873135&use=l&cat=p&typeid=i","cat":319805},{"id":30067,"n":"Assaisonnement En Poudre KNORR Secret d’Arômes Tube - 60g","p":1.31,"u":"21,83 €/KG","img":"https://fd9-photos.leclercdrive.fr/image.ashx?id=3014401&use=l&cat=p&typeid=i","cat":298297},{"id":30069,"n":"Roux minute Maïzena Béchamel - 250g","p":1.92,"u":"7,68 €/KG","img":"https://fd9-photos.leclercdrive.fr/image.ashx?id=2769603&use=l&cat=p&typeid=i","cat":288382},{"id":30089,"n":"Blanc de poulet Tradilège 6 tranches - 180g","p":1.51,"u":"8,39 €/KG","img":"https://fd9-photos.leclercdrive.fr/image.ashx?id=2943677&use=l&cat=p&typeid=i","cat":316010},{"id":30091,"n":"Blanc de dinde Tradilège 6 tranches 180g","p":1.96,"u":"10,89 €/KG","img":"https://fd9-photos.leclercdrive.fr/image.ashx?id=2925744&use=l&cat=p&typeid=i","cat":316010},{"id":30099,"n":"Duo pâté / mousse Tradilège Canard 2x50g","p":1.15,"u":"11,50 €/KG","img":"https://fd9-photos.leclercdrive.fr/image.ashx?id=2683583&use=l&cat=p&typeid=i","cat":316008},{"id":30108,"n":"Poitrine Nature Tradilège Tranches fines - 2x7T - 200g","p":2.55,"u":"12,75 €/KG","img":"https://fd9-photos.leclercdrive.fr/image.ashx?id=2852270&use=l&cat=p&typeid=i","cat":316011},{"id":30110,"n":"Pommes de terre NRT à la Sarladaise - 600g","p":2.99,"u":"4,98 €/KG","img":"https://fd9-photos.leclercdrive.fr/image.ashx?id=2699816&use=l&cat=p&typeid=i","cat":319823},{"id":30114,"n":"Pansements Mercurochrome Hydrocolloïdes - x6","p":5.45,"u":"0,91 €/P","img":"https://fd9-photos.leclercdrive.fr/image.ashx?id=2663962&use=l&cat=p&typeid=i","cat":284630},{"id":30120,"n":"Tampon-gratte Spontex A récurer - x3","p":1.28,"u":"0,43 €/P","img":"https://fd9-photos.leclercdrive.fr/image.ashx?id=2393221&use=l&cat=p&typeid=i","cat":284667},{"id":30124,"n":"Soupe Régal Soupe Tomate et vermicelles - 1L","p":1.8,"u":"1,80 €/L","img":"https://fd9-photos.leclercdrive.fr/image.ashx?id=2607518&use=l&cat=p&typeid=i","cat":284462},{"id":30128,"n":"Céréales Chocapic Nestlé Chocolat - 1kg","p":5.31,"u":"5,31 €/KG","img":"https://fd9-photos.leclercdrive.fr/image.ashx?id=2977729&use=l&cat=p&typeid=i","cat":309513},{"id":30144,"n":"Croquettes chiens adulte Ultima Medium/maxi - poulet 7.5kg","p":22.38,"u":"2,98 €/KG","img":"https://fd9-photos.leclercdrive.fr/image.ashx?id=2872033&use=l&cat=p&typeid=i","cat":284672},{"id":30150,"n":"Eau aromatisée Volvic Juicy Agrumes -1,5L","p":1.42,"u":"0,95 €/L","img":"https://fd9-photos.leclercdrive.fr/image.ashx?id=2961987&use=l&cat=p&typeid=i","cat":284537},{"id":30156,"n":"Eau aromatisée Volvic Juicy Mangue ananas - 6x50cl","p":3.59,"u":"1,20 €/L","img":"https://fd9-photos.leclercdrive.fr/image.ashx?id=2943885&use=l&cat=p&typeid=i","cat":284537},{"id":30184,"n":"Anis blanc Cristal Liminana 45%vol - 1L","p":21.69,"u":"21,69 €/L","img":"https://fd9-photos.leclercdrive.fr/image.ashx?id=2164225&use=l&cat=p&typeid=i","cat":284548},{"id":30185,"n":"Haché moelleux oignon Férial x10 - 1kg","p":7.49,"u":"7,49 €/KG","img":"https://fd9-photos.leclercdrive.fr/image.ashx?id=2704517&use=l&cat=p&typeid=i","cat":319778},{"id":30186,"n":"Haché moelleux Férial x10 - 1kg","p":9.73,"u":"9,73 €/KG","img":"https://fd9-photos.leclercdrive.fr/image.ashx?id=2966514&use=l&cat=p&typeid=i","cat":319778},{"id":30188,"n":"Steak haché bio - Bio Village  15%mg x4 - 400g","p":8.25,"u":"20,63 €/KG","img":"https://fd9-photos.leclercdrive.fr/image.ashx?id=1659330&use=l&cat=p&typeid=i","cat":319778},{"id":30189,"n":"Tortillas chips Tokapi Chili - 150g","p":0.99,"u":"6,60 €/KG","img":"https://fd9-photos.leclercdrive.fr/image.ashx?id=2647958&use=l&cat=p&typeid=i","cat":287899},{"id":30200,"n":"Tielles sétoises Coudène 440g","p":5.98,"u":"13,59 €/KG","img":"https://fd9-photos.leclercdrive.fr/image.ashx?id=2406581&use=l&cat=p&typeid=i","cat":285340},{"id":30204,"n":"Croûtons Coudène Ail - 100g","p":1.51,"u":"15,10 €/KG","img":"https://fd9-photos.leclercdrive.fr/image.ashx?id=2393137&use=l&cat=p&typeid=i","cat":284464},{"id":30212,"n":"Soufflés l'Original Curly Cacahuète - 100g","p":0.93,"u":"9,30 €/KG","img":"https://fd9-photos.leclercdrive.fr/image.ashx?id=2693635&use=l&cat=p&typeid=i","cat":284449},{"id":30213,"n":"Soufflés l'Original Curly Cacahuète - 2x100g","p":1.76,"u":"8,80 €/KG","img":"https://fd9-photos.leclercdrive.fr/image.ashx?id=2962887&use=l&cat=p&typeid=i","cat":284449},{"id":30235,"n":"Bonbons Tic Tac  Menthe x100 - 49g","p":1.57,"u":"32,04 €/KG","img":"https://fd9-photos.leclercdrive.fr/image.ashx?id=2729470&use=l&cat=p&typeid=i","cat":304256},{"id":30256,"n":"Pâte à tartiner Nutella 825g","p":5.91,"u":"7,16 €/KG","img":"https://fd9-photos.leclercdrive.fr/image.ashx?id=2961813&use=l&cat=p&typeid=i","cat":284481},{"id":30257,"n":"Cassoulet La Belle Chaurienne Au canard 420g","p":2.76,"u":"6,57 €/KG","img":"https://fd9-photos.leclercdrive.fr/image.ashx?id=2831912&use=l&cat=p&typeid=i","cat":284440},{"id":30349,"n":"Nettoyant écologique Uni Vert Salle de bain - 750ml","p":2.06,"u":"2,75 €/L","img":"https://fd9-photos.leclercdrive.fr/image.ashx?id=2059089&use=l&cat=p&typeid=i","cat":325357},{"id":30350,"n":"Nettoyant écologique Uni Vert Cuisine - 750ml","p":2.02,"u":"2,69 €/L","img":"https://fd9-photos.leclercdrive.fr/image.ashx?id=2192676&use=l&cat=p&typeid=i","cat":325357},{"id":30360,"n":"Bonbons Tic Tac 100 pastilles citron vert et orange - 49g","p":1.57,"u":"32,04 €/KG","img":"https://fd9-photos.leclercdrive.fr/image.ashx?id=2736280&use=l&cat=p&typeid=i","cat":304256},{"id":30362,"n":"Fleur de maïs Maïzena 400g","p":1.56,"u":"3,90 €/KG","img":"https://fd9-photos.leclercdrive.fr/image.ashx?id=2312770&use=l&cat=p&typeid=i","cat":288382},{"id":30364,"n":"Bonbons Werther's Original Caramel sachet 175g","p":2.04,"pp":1.43,"u":"8,17 €/KG","img":"https://fd9-photos.leclercdrive.fr/image.ashx?id=1916700&use=l&cat=p&typeid=i","cat":304252},{"id":30372,"n":"Fleur de Maïs Maïzena Sans Gluten Format Famille 700g","p":2.56,"u":"3,66 €/KG","img":"https://fd9-photos.leclercdrive.fr/image.ashx?id=2773907&use=l&cat=p&typeid=i","cat":288382},{"id":30386,"n":"Crème dessert Mont Blanc Boîte Praliné - 570g","p":2.55,"u":"4,47 €/KG","img":"https://fd9-photos.leclercdrive.fr/image.ashx?id=3011596&use=l&cat=p&typeid=i","cat":284506},{"id":30393,"n":"Mélange Ducros Cuisine à l'italienne - 30g","p":1.85,"u":"61,67 €/KG","img":"https://fd9-photos.leclercdrive.fr/image.ashx?id=2559454&use=l&cat=p&typeid=i","cat":298297},{"id":30394,"n":"Mélange malin Ducros Pour pâtes - 30g","p":2.18,"u":"72,67 €/KG","img":"https://fd9-photos.leclercdrive.fr/image.ashx?id=2559457&use=l&cat=p&typeid=i","cat":298297},{"id":30395,"n":"Piment d'Espelette AOP Ducros - 40g","p":9.62,"u":"240,50 €/KG","img":"https://fd9-photos.leclercdrive.fr/image.ashx?id=2559463&use=l&cat=p&typeid=i","cat":298297},{"id":30407,"n":"Dés de fromage salade Boursin Ail & fines herbes -120g","p":2.37,"u":"19,75 €/KG","img":"https://fd9-photos.leclercdrive.fr/image.ashx?id=2864366&use=l&cat=p&typeid=i","cat":314027},{"id":30413,"n":"Pommeau de Normandie NRT  17%vol. - 70cl","p":8.6,"u":"12,29 €/L","img":"https://fd9-photos.leclercdrive.fr/image.ashx?id=1647898&use=l&cat=p&typeid=i","cat":284913},{"id":30477,"n":"Chocolat Pâtissier Nestlé Dessert : Praliné - 170g","p":3.13,"u":"18,41 €/KG","img":"https://fd9-photos.leclercdrive.fr/image.ashx?id=2895637&use=l&cat=p&typeid=i","cat":285562},{"id":30534,"n":"Gésiers de canard du Sud-Ouest tranchés - NRT - 120g","p":4.45,"u":"37,08 €/KG","img":"https://fd9-photos.leclercdrive.fr/image.ashx?id=2819962&use=l&cat=p&typeid=i","cat":284715},{"id":30570,"n":"Sauce Tube Ail Oignons Panzani Panzani - 180G","p":1.2,"u":"6,67 €/KG","img":"https://fd9-photos.leclercdrive.fr/image.ashx?id=3004804&use=l&cat=p&typeid=i","cat":288384},{"id":30573,"n":"Edulcorant sucralose Canderel Briquet x300","p":2.96,"u":"95,48 €/KG","img":"https://fd9-photos.leclercdrive.fr/image.ashx?id=2811014&use=l&cat=p&typeid=i","cat":324846},{"id":30575,"n":"Happy' Box Haribo Boîte bonbons - 600g","p":4.69,"u":"7,82 €/KG","img":"https://fd9-photos.leclercdrive.fr/image.ashx?id=2802353&use=l&cat=p&typeid=i","cat":304250},{"id":30576,"n":"Zanzigliss Haribo Sachet bonbons réglisse - 300g","p":1.66,"u":"5,53 €/KG","img":"https://fd9-photos.leclercdrive.fr/image.ashx?id=2802347&use=l&cat=p&typeid=i","cat":304250},{"id":30577,"n":"Les Schtroumpfs Pik Haribo Sachet bonbons acidulés - 275g","p":1.53,"u":"5,56 €/KG","img":"https://fd9-photos.leclercdrive.fr/image.ashx?id=2984898&use=l&cat=p&typeid=i","cat":304250},{"id":30578,"n":"Bonbons LUTTI Scoubidou Doux Fruits - 200g","p":1.32,"u":"6,60 €/KG","img":"https://fd9-photos.leclercdrive.fr/image.ashx?id=2817434&use=l&cat=p&typeid=i","cat":304250},{"id":30592,"n":"Fromage blanc Délisse Sucré 3% MG - 8x100g","p":2.29,"u":"2,86 €/KG","img":"https://fd9-photos.leclercdrive.fr/image.ashx?id=3012833&use=l&cat=p&typeid=i","cat":284409},{"id":30600,"n":"Billes Chocolat au Lait KitKat Sachet  - 250g","p":3.73,"u":"14,92 €/KG","img":"https://fd9-photos.leclercdrive.fr/image.ashx?id=2806063&use=l&cat=p&typeid=i","cat":304238},{"id":30607,"n":"Soupe liquide Liebig  Potiron et kiri - Brique 1L","p":2.76,"u":"2,76 €/L","img":"https://fd9-photos.leclercdrive.fr/image.ashx?id=2892130&use=l&cat=p&typeid=i","cat":284462},{"id":30619,"n":"Jambon cru Aoste Quart Tranché  sans conservateur -  x18 - 220g","p":5.48,"u":"24,91 €/KG","img":"https://fd9-photos.leclercdrive.fr/image.ashx?id=2948057&use=l&cat=p&typeid=i","cat":316007},{"id":30626,"n":"Lait concentré Régilait Sucre entier - Tube 60g","p":0.58,"u":"9,67 €/KG","img":"https://fd9-photos.leclercdrive.fr/image.ashx?id=2018643&use=l&cat=p&typeid=i","cat":299162},{"id":30627,"n":"Salade Notre Jardin Jeunes pousses d'épinard - 100g","p":1.4,"u":"14,00 €/KG","img":"https://fd9-photos.leclercdrive.fr/image.ashx?id=2655604&use=l&cat=p&typeid=i","cat":284353},{"id":30640,"n":"Lapin chasseur Côté Table 280g","p":2.2,"u":"7,86 €/KG","img":"https://fd9-photos.leclercdrive.fr/image.ashx?id=2393866&use=l&cat=p&typeid=i","cat":284953},{"id":30641,"n":"Son d'avoine bio Bio Village 500g","p":2.69,"u":"5,38 €/KG","img":"https://fd9-photos.leclercdrive.fr/image.ashx?id=2664334&use=l&cat=p&typeid=i","cat":309512},{"id":30645,"n":"Salade Notre Jardin Duo Mâche et Roquette - 125g","p":1.68,"u":"13,44 €/KG","img":"https://fd9-photos.leclercdrive.fr/image.ashx?id=2669714&use=l&cat=p&typeid=i","cat":284353},{"id":30646,"n":"Salade Notre Jardin Feuille de chêne - 125g","p":0.95,"u":"7,60 €/KG","img":"https://fd9-photos.leclercdrive.fr/image.ashx?id=2669717&use=l&cat=p&typeid=i","cat":284353},{"id":30652,"n":"Purée pommes de terre Florette 2x200g","p":2.84,"u":"7,10 €/KG","img":"https://fd9-photos.leclercdrive.fr/image.ashx?id=2767678&use=l&cat=p&typeid=i","cat":333665},{"id":30653,"n":"Purée de carottes Florette 2x200g","p":2.89,"u":"7,23 €/KG","img":"https://fd9-photos.leclercdrive.fr/image.ashx?id=2790003&use=l&cat=p&typeid=i","cat":333665},{"id":30733,"n":"Déboucheur canalisations Syphon 1L","p":1.39,"u":"1,39 €/L","img":"https://fd9-photos.leclercdrive.fr/image.ashx?id=2794193&use=l&cat=p&typeid=i","cat":284908},{"id":30780,"n":"Sacs poubelle 30L Eco+ x20","p":0.58,"u":"0,03 €/P","img":"https://fd9-photos.leclercdrive.fr/image.ashx?id=1979356&use=l&cat=p&typeid=i","cat":285168},{"id":30791,"n":"Mouchoirs blancs 2 plis Eco+ Boîte mouchoirs en papier- x150","p":0.63,"img":"https://fd9-photos.leclercdrive.fr/image.ashx?id=2897751&use=l&cat=p&typeid=i","cat":284638},{"id":30808,"n":"Coton-tiges Eco+ Tige papier x200 bâtonnets","p":0.36,"img":"https://fd9-photos.leclercdrive.fr/image.ashx?id=2940893&use=l&cat=p&typeid=i","cat":284636},{"id":30813,"n":"Crème adhésive Dentamyl Hypoallergénique 50g","p":2.99,"u":"59,80 €/KG","img":"https://fd9-photos.leclercdrive.fr/image.ashx?id=2643378&use=l&cat=p&typeid=i","cat":285158},{"id":30815,"n":"Dissolvant Eco+ 250ml","p":1.33,"u":"5,32 €/L","img":"https://fd9-photos.leclercdrive.fr/image.ashx?id=1873934&use=l&cat=p&typeid=i","cat":325347},{"id":30816,"n":"Film étirable Eco+ 50m","p":0.95,"img":"https://fd9-photos.leclercdrive.fr/image.ashx?id=2048995&use=l&cat=p&typeid=i","cat":334134},{"id":30849,"n":"Vinaigre ménager Mieuxa Surpuissant - 1L","p":1.71,"u":"1,71 €/L","img":"https://fd9-photos.leclercdrive.fr/image.ashx?id=2277008&use=l&cat=p&typeid=i","cat":300576},{"id":30850,"n":"Blanquette veau Côté Table Champignons 285g","p":2.2,"u":"7,72 €/KG","img":"https://fd9-photos.leclercdrive.fr/image.ashx?id=2064822&use=l&cat=p&typeid=i","cat":284953},{"id":30856,"n":"Emincés de poulet Tradilège Rôti - 2x75g","p":2.09,"u":"13,93 €/KG","img":"https://fd9-photos.leclercdrive.fr/image.ashx?id=2994366&use=l&cat=p&typeid=i","cat":316011},{"id":30882,"n":"Bloc de fromage Leerdammer L'Original - 250g","p":3.48,"u":"13,92 €/KG","img":"https://fd9-photos.leclercdrive.fr/image.ashx?id=2146096&use=l&cat=p&typeid=i","cat":314034},{"id":30898,"n":"Gâteaux aux pépites chocolat x6 Chaque Jour Sans Gluten 230g","p":3.21,"u":"13,96 €/KG","img":"https://fd9-photos.leclercdrive.fr/image.ashx?id=2691249&use=l&cat=p&typeid=i","cat":318654},{"id":30900,"n":"Biscuits sablés Sans gluten Chocolat noir - 150g","p":3.46,"u":"23,07 €/KG","img":"https://fd9-photos.leclercdrive.fr/image.ashx?id=2669741&use=l&cat=p&typeid=i","cat":318654},{"id":30901,"n":"Cookies Chaque Jour sans gluten aux pépites de chocolat - 150g","p":2.44,"u":"16,27 €/KG","img":"https://fd9-photos.leclercdrive.fr/image.ashx?id=2669744&use=l&cat=p&typeid=i","cat":318654},{"id":30905,"n":"Coquilles moelleuses x6 Chaque Jour Sans Gluten 180g","p":2.2,"u":"12,22 €/KG","img":"https://fd9-photos.leclercdrive.fr/image.ashx?id=2710792&use=l&cat=p&typeid=i","cat":318654},{"id":30907,"n":"Madeleine aux Oeufs GERBLE  Sans Gluten 200 g","p":3.1,"u":"15,50 €/KG","img":"https://fd9-photos.leclercdrive.fr/image.ashx?id=2662802&use=l&cat=p&typeid=i","cat":318654},{"id":30911,"n":"Pain précuit sans gluten Petites baguettes x2 - 150g","p":2.49,"u":"16,60 €/KG","img":"https://fd9-photos.leclercdrive.fr/image.ashx?id=2622019&use=l&cat=p&typeid=i","cat":325069},{"id":30917,"n":"Pâtes Escalope volaille Marie Crème champignons - 900g","p":4.84,"u":"5,38 €/KG","img":"https://fd9-photos.leclercdrive.fr/image.ashx?id=2996794&use=l&cat=p&typeid=i","cat":284254},{"id":30928,"n":"Fumet de poisson Rustica Déshydraté - 90g","p":2.05,"u":"22,78 €/KG","img":"https://fd9-photos.leclercdrive.fr/image.ashx?id=2849578&use=l&cat=p&typeid=i","cat":288379},{"id":30929,"n":"Tortillas chips Tables du Monde Nature - 200g","p":1.15,"u":"5,75 €/KG","img":"https://fd9-photos.leclercdrive.fr/image.ashx?id=2655695&use=l&cat=p&typeid=i","cat":288993},{"id":30933,"n":"Biscuit chocolat noir Gerblé Sans Sucres Ajoutés - 126g","p":1.96,"u":"15,56 €/KG","img":"https://fd9-photos.leclercdrive.fr/image.ashx?id=2662799&use=l&cat=p&typeid=i","cat":318653},{"id":30947,"n":"Pâtes Collezione Barilla Tagliatelle - 500g","p":1.48,"u":"2,96 €/KG","img":"https://fd9-photos.leclercdrive.fr/image.ashx?id=2654119&use=l&cat=p&typeid=i","cat":284427},{"id":30949,"n":"plat cuisiné quinoa tomates olives bio bjorg- 250g","p":1.9,"u":"7,60 €/KG","img":"https://fd9-photos.leclercdrive.fr/image.ashx?id=2854444&use=l&cat=p&typeid=i","cat":287600},{"id":30951,"n":"Chocolat au lait Tablette d'Or Coeur de lait - 2x100g","p":1.95,"u":"9,75 €/KG","img":"https://fd9-photos.leclercdrive.fr/image.ashx?id=1081917&use=l&cat=p&typeid=i","cat":284497},{"id":30953,"n":"Couscous Grain Moyen Ferrero  - 500g","p":1.25,"u":"2,50 €/KG","img":"https://fd9-photos.leclercdrive.fr/image.ashx?id=2886777&use=l&cat=p&typeid=i","cat":284429},{"id":30969,"n":"Glace Cône Nestlé Extrême Sorbet fruits rouges x6 - 426g","p":3.55,"u":"8,33 €/KG","img":"https://fd9-photos.leclercdrive.fr/image.ashx?id=2729845&use=l&cat=p&typeid=i","cat":284264},{"id":30992,"n":"Poêlée paysanne Marie Saucisse fumé - 900g","p":5.06,"u":"5,62 €/KG","img":"https://fd9-photos.leclercdrive.fr/image.ashx?id=2996797&use=l&cat=p&typeid=i","cat":319823},{"id":31002,"n":"Petit salé aux lentilles  William Saurin - 840g","p":5.8,"u":"6,90 €/KG","img":"https://fd9-photos.leclercdrive.fr/image.ashx?id=2904095&use=l&cat=p&typeid=i","cat":284441},{"id":31004,"n":"Jus de citron jaune Sicile - 20cl","p":0.77,"u":"3,85 €/L","img":"https://fd9-photos.leclercdrive.fr/image.ashx?id=2656988&use=l&cat=p&typeid=i","cat":288383},{"id":31013,"n":"Bloc notes adhésif Esquisse 75x75mm - 4x100","p":2.15,"u":"0,54 €/P","img":"https://fd9-photos.leclercdrive.fr/image.ashx?id=1928836&use=l&cat=p&typeid=i","cat":334133},{"id":31014,"n":"Lait demi-écrémé Lactel Vitamine D Bouteille - 50cl","p":1.01,"u":"2,02 €/L","img":"https://fd9-photos.leclercdrive.fr/image.ashx?id=2889556&use=l&cat=p&typeid=i","cat":284377},{"id":31018,"n":"Feuille de brick Tablier Blanc En rouleau - 90g","p":1.49,"u":"16,56 €/KG","img":"https://fd9-photos.leclercdrive.fr/image.ashx?id=2188688&use=l&cat=p&typeid=i","cat":333681},{"id":31019,"n":"Feuilles de lasagne Turini 350g","p":2.69,"u":"7,69 €/KG","img":"https://fd9-photos.leclercdrive.fr/image.ashx?id=2617371&use=l&cat=p&typeid=i","cat":333682},{"id":31021,"n":"Gnocchi Turini 800g","p":2.29,"u":"2,86 €/KG","img":"https://fd9-photos.leclercdrive.fr/image.ashx?id=2254529&use=l&cat=p&typeid=i","cat":333682},{"id":31022,"n":"Gnocchi à poêler Turini 500g","p":1.42,"u":"2,84 €/KG","img":"https://fd9-photos.leclercdrive.fr/image.ashx?id=3014362&use=l&cat=p&typeid=i","cat":333682},{"id":31023,"n":"Ravioli Ricotta épinards Bio  Bio village - 250g","p":2.99,"u":"11,96 €/KG","img":"https://fd9-photos.leclercdrive.fr/image.ashx?id=2650252&use=l&cat=p&typeid=i","cat":333682},{"id":31027,"n":"Cappuccino soluble Plantation nature - 280g","p":3.21,"u":"11,46 €/KG","img":"https://fd9-photos.leclercdrive.fr/image.ashx?id=2819274&use=l&cat=p&typeid=i","cat":284843},{"id":31029,"n":"Escalope Cordon Bleu Père Dodu  Dinde - Comté x2 - 200g","p":2.6,"u":"13,00 €/KG","img":"https://fd9-photos.leclercdrive.fr/image.ashx?id=2957179&use=l&cat=p&typeid=i","cat":333683},{"id":31044,"n":"Haricots verts Notre Jardin Extra fins - 5 Fagots - 220g","p":2.15,"u":"9,77 €/KG","img":"https://fd9-photos.leclercdrive.fr/image.ashx?id=2119133&use=l&cat=p&typeid=i","cat":312606},{"id":31046,"n":"Assortiment crackers Tokapi Emmental - 100g","p":0.64,"u":"6,40 €/KG","img":"https://fd9-photos.leclercdrive.fr/image.ashx?id=2034386&use=l&cat=p&typeid=i","cat":297000},{"id":31048,"n":"Algues Nori Tanoshi 7 feuilles -18g","p":2.95,"u":"163,89 €/KG","img":"https://fd9-photos.leclercdrive.fr/image.ashx?id=2912041&use=l&cat=p&typeid=i","cat":288992},{"id":31050,"n":"Biscuits pavot citron GERBLE  - 4x4  200g","p":1.43,"u":"7,15 €/KG","img":"https://fd9-photos.leclercdrive.fr/image.ashx?id=2967001&use=l&cat=p&typeid=i","cat":318651},{"id":31054,"n":"Bouillon Cube Maggi Vollaile - x12 cubes - 120g","p":1.54,"u":"12,83 €/KG","img":"https://fd9-photos.leclercdrive.fr/image.ashx?id=2736982&use=l&cat=p&typeid=i","cat":288379},{"id":31058,"n":"Pâtes Barilla Capellini n°1 - 500g","p":1.03,"u":"2,06 €/KG","img":"https://fd9-photos.leclercdrive.fr/image.ashx?id=2392194&use=l&cat=p&typeid=i","cat":284427},{"id":31068,"n":"Chocolat Pâtissier Tablette dOr Lait - 170g","p":1.99,"u":"11,71 €/KG","img":"https://fd9-photos.leclercdrive.fr/image.ashx?id=2635916&use=l&cat=p&typeid=i","cat":285562},{"id":31069,"n":"Chocolat Pâtissier Tablette dOr Chocolat Blanc - 180g","p":2.03,"u":"11,28 €/KG","img":"https://fd9-photos.leclercdrive.fr/image.ashx?id=2562879&use=l&cat=p&typeid=i","cat":285562},{"id":31079,"n":"Biscuits cookies bio bjorg  chocolat noisette - 200g","p":3.33,"u":"16,65 €/KG","img":"https://fd9-photos.leclercdrive.fr/image.ashx?id=2652215&use=l&cat=p&typeid=i","cat":325066},{"id":31084,"n":"Crackers Tokapi Sésame et pavot - 100g","p":0.69,"u":"6,90 €/KG","img":"https://fd9-photos.leclercdrive.fr/image.ashx?id=1921880&use=l&cat=p&typeid=i","cat":297000},{"id":31086,"n":"Capsules Nescafé Dolce Gusto  Lungo Décaféiné - x16","p":4.64,"u":"41,43 €/KG","img":"https://fd9-photos.leclercdrive.fr/image.ashx?id=2836676&use=l&cat=p&typeid=i","cat":293239},{"id":31088,"n":"Coeurs d'artichaut Notre Jardin 245g","p":3.49,"u":"14,24 €/KG","img":"https://fd9-photos.leclercdrive.fr/image.ashx?id=2607918&use=l&cat=p&typeid=i","cat":312611},{"id":31095,"n":"Filets maquereaux Pêche Océan Citron olives - 176g","p":1.78,"u":"10,11 €/KG","img":"https://fd9-photos.leclercdrive.fr/image.ashx?id=2515679&use=l&cat=p&typeid=i","cat":303868},{"id":31097,"n":"Feuilletés Tokapi Emmental - 85g","p":0.98,"u":"11,53 €/KG","img":"https://fd9-photos.leclercdrive.fr/image.ashx?id=1884022&use=l&cat=p&typeid=i","cat":297000},{"id":31098,"n":"Capsules Nescafé Dolce Gusto  Café au Lait - x16","p":4.64,"u":"29,00 €/KG","img":"https://fd9-photos.leclercdrive.fr/image.ashx?id=2946637&use=l&cat=p&typeid=i","cat":293239},{"id":31101,"n":"Filets maquereaux Pêche Océan Sauce escabèche - 169g","p":1.15,"u":"6,80 €/KG","img":"https://fd9-photos.leclercdrive.fr/image.ashx?id=2394666&use=l&cat=p&typeid=i","cat":303868},{"id":31105,"n":"Gaufrettes P'tit Déli Praliné noisette x15 110g","p":0.87,"u":"7,91 €/KG","img":"https://fd9-photos.leclercdrive.fr/image.ashx?id=2418245&use=l&cat=p&typeid=i","cat":284488},{"id":31106,"n":"Gaufrettes P'tit Déli Chocolat x15 110g","p":1.1,"u":"10,00 €/KG","img":"https://fd9-photos.leclercdrive.fr/image.ashx?id=2436020&use=l&cat=p&typeid=i","cat":284488},{"id":31107,"n":"Gâteau P'tit Déli Tout chocolat 300g","p":2.15,"u":"7,17 €/KG","img":"https://fd9-photos.leclercdrive.fr/image.ashx?id=2562707&use=l&cat=p&typeid=i","cat":294776},{"id":31109,"n":"Gaufrettes P'tit Déli Framboise 160g","p":1.47,"u":"9,19 €/KG","img":"https://fd9-photos.leclercdrive.fr/image.ashx?id=2915290&use=l&cat=p&typeid=i","cat":284489},{"id":31113,"n":"Haricots rouges Notre Jardin 500g","p":1.37,"u":"2,74 €/KG","img":"https://fd9-photos.leclercdrive.fr/image.ashx?id=2988054&use=l&cat=p&typeid=i","cat":312606},{"id":31116,"n":"Pâtes bio Jardin Bio' Tire-bouchon semi-complet  500g","p":1.8,"u":"3,60 €/KG","img":"https://fd9-photos.leclercdrive.fr/image.ashx?id=2961116&use=l&cat=p&typeid=i","cat":284427},{"id":31118,"n":"Madeleines P'tit Déli Coquilles 250g","p":0.99,"u":"3,96 €/KG","img":"https://fd9-photos.leclercdrive.fr/image.ashx?id=2999499&use=l&cat=p&typeid=i","cat":284492},{"id":31119,"n":"Tartelettes P'tit Déli Chocolat noisettes - 150g","p":1.29,"u":"8,60 €/KG","img":"https://fd9-photos.leclercdrive.fr/image.ashx?id=2345556&use=l&cat=p&typeid=i","cat":284488},{"id":31132,"n":"Tartine croustillante Epi d'Or Céréales - 250g","p":1.41,"u":"5,64 €/KG","img":"https://fd9-photos.leclercdrive.fr/image.ashx?id=2535256&use=l&cat=p&typeid=i","cat":284479},{"id":31133,"n":"Tartine croustillante Epi d'Or Seigle - 250g","p":1.29,"u":"5,16 €/KG","img":"https://fd9-photos.leclercdrive.fr/image.ashx?id=2533325&use=l&cat=p&typeid=i","cat":284479},{"id":31135,"n":"Terrine de lapin Côté Table A la moutarde - 180g","p":2.49,"u":"13,83 €/KG","img":"https://fd9-photos.leclercdrive.fr/image.ashx?id=2476125&use=l&cat=p&typeid=i","cat":305149},{"id":31136,"n":"Pâtes Torti Panzani 3 Minutes - 1Kg","p":2.39,"u":"2,39 €/KG","img":"https://fd9-photos.leclercdrive.fr/image.ashx?id=2896099&use=l&cat=p&typeid=i","cat":284427},{"id":31139,"n":"Tortillas chips Tables du Monde Chili - 200g","p":1.39,"u":"6,95 €/KG","img":"https://fd9-photos.leclercdrive.fr/image.ashx?id=2661544&use=l&cat=p&typeid=i","cat":288993},{"id":31143,"n":"Lait concentré sucré Délisse 397g","p":1.35,"u":"3,40 €/KG","img":"https://fd9-photos.leclercdrive.fr/image.ashx?id=2576588&use=l&cat=p&typeid=i","cat":299162},{"id":31146,"n":"Madeleines P'tit Déli Longues fourrées 240g","p":2.35,"u":"9,79 €/KG","img":"https://fd9-photos.leclercdrive.fr/image.ashx?id=2754204&use=l&cat=p&typeid=i","cat":284492},{"id":31149,"n":"Les p'tites spirales P'tit Déli Fraise 150g","p":1.55,"u":"10,33 €/KG","img":"https://fd9-photos.leclercdrive.fr/image.ashx?id=2660419&use=l&cat=p&typeid=i","cat":284495},{"id":31156,"n":"Café Soluble Nescafé x25 - 50g","p":2.02,"u":"40,40 €/KG","img":"https://fd9-photos.leclercdrive.fr/image.ashx?id=2485131&use=l&cat=p&typeid=i","cat":284843},{"id":31158,"n":"Wasabi Tanoshi Moutarde verte japonaise - tube de 43g","p":3.18,"u":"73,95 €/KG","img":"https://fd9-photos.leclercdrive.fr/image.ashx?id=2921145&use=l&cat=p&typeid=i","cat":288992},{"id":31166,"n":"Pousses d'haricots  Bio Village Haricots Mungo Bio - 175g","p":1.34,"u":"7,66 €/KG","img":"https://fd9-photos.leclercdrive.fr/image.ashx?id=2573214&use=l&cat=p&typeid=i","cat":312611},{"id":31171,"n":"Pop corn sucrés Tokapi Micro-ondable - 3x90g","p":1.25,"u":"4,63 €/KG","img":"https://fd9-photos.leclercdrive.fr/image.ashx?id=2987154&use=l&cat=p&typeid=i","cat":304249},{"id":31174,"n":"Pâtes penne rigate Panzani 1kg","p":2.03,"u":"2,03 €/KG","img":"https://fd9-photos.leclercdrive.fr/image.ashx?id=2876020&use=l&cat=p&typeid=i","cat":284427},{"id":31178,"n":"Pois apéritif Tanoshi wasabi - sachet 100g","p":1.89,"u":"18,90 €/KG","img":"https://fd9-photos.leclercdrive.fr/image.ashx?id=2928522&use=l&cat=p&typeid=i","cat":288992},{"id":31191,"n":"Riz sushi Tanoshi 450g","p":2.86,"u":"6,36 €/KG","img":"https://fd9-photos.leclercdrive.fr/image.ashx?id=2955788&use=l&cat=p&typeid=i","cat":288992},{"id":31193,"n":"Biscuit apéritif ancel Bretzels Sticks - 200g","p":0.99,"u":"4,95 €/KG","img":"https://fd9-photos.leclercdrive.fr/image.ashx?id=2895178&use=l&cat=p&typeid=i","cat":297000},{"id":31200,"n":"AOP Bordeaux rouge Baron de Lestac - BIB 3L","p":14.88,"u":"4,96 €/L","img":"https://fd9-photos.leclercdrive.fr/image.ashx?id=2420910&use=l&cat=p&typeid=i","cat":289560},{"id":31211,"n":"Grana Padano AOP Casa Azzurra Râpé -  100g","p":2.05,"u":"20,50 €/KG","img":"https://fd9-photos.leclercdrive.fr/image.ashx?id=2284730&use=l&cat=p&typeid=i","cat":314035},{"id":31223,"n":"Bain Dissolvant Inell Bain sans acétone - 75ml","p":3.99,"u":"53,20 €/L","img":"https://fd9-photos.leclercdrive.fr/image.ashx?id=2244820&use=l&cat=p&typeid=i","cat":325347},{"id":31265,"n":"Friandises chats Félix Original  Party mix - 60g","p":1.3,"u":"21,67 €/KG","img":"https://fd9-photos.leclercdrive.fr/image.ashx?id=2683346&use=l&cat=p&typeid=i","cat":285285},{"id":31297,"n":"Fromage crémeux Les Croisés 36%mg - 200g","p":2.43,"u":"12,15 €/KG","img":"https://fd9-photos.leclercdrive.fr/image.ashx?id=2037379&use=l&cat=p&typeid=i","cat":329558},{"id":31301,"n":"Steak haché Férial  15%mg - X10 - 1kg","p":11.9,"u":"11,90 €/KG","img":"https://fd9-photos.leclercdrive.fr/image.ashx?id=3004657&use=l&cat=p&typeid=i","cat":319778},{"id":31389,"n":"Menus gourmands Tous mes amis pour chatons - 12x100g","p":4.29,"u":"3,58 €/KG","img":"https://fd9-photos.leclercdrive.fr/image.ashx?id=2027595&use=l&cat=p&typeid=i","cat":285286},{"id":31414,"n":"Pâtes Alpina Savoie Chanterelles Crozets - 400g","p":2.72,"u":"6,80 €/KG","img":"https://fd9-photos.leclercdrive.fr/image.ashx?id=2795063&use=l&cat=p&typeid=i","cat":284427},{"id":31416,"n":"Chocolat noir Villars 72% -100g","p":2.36,"u":"23,60 €/KG","img":"https://fd9-photos.leclercdrive.fr/image.ashx?id=2464270&use=l&cat=p&typeid=i","cat":284956},{"id":31441,"n":"Plat bébé Blédina 12 mois  Courgette riz veau - 2x200g","p":2.84,"u":"7,10 €/KG","img":"https://fd9-photos.leclercdrive.fr/image.ashx?id=2975074&use=l&cat=p&typeid=i","cat":312237},{"id":31447,"n":"Tablette Chocolat Lait Crunch Céréales Croustillantes 2x100g","p":2.7,"u":"13,50 €/KG","img":"https://fd9-photos.leclercdrive.fr/image.ashx?id=2899740&use=l&cat=p&typeid=i","cat":284497},{"id":31449,"n":"Tortillas chips Eco+ Nature - 300g","p":0.94,"u":"3,13 €/KG","img":"https://fd9-photos.leclercdrive.fr/image.ashx?id=2669729&use=l&cat=p&typeid=i","cat":287899},{"id":31450,"n":"Délice de jambon Tulip 340g","p":3.04,"u":"8,94 €/KG","img":"https://fd9-photos.leclercdrive.fr/image.ashx?id=2465592&use=l&cat=p&typeid=i","cat":305149},{"id":31458,"n":"Moutarde de Dijon Rustica  Fine et forte - 160g","p":0.95,"u":"5,94 €/KG","img":"https://fd9-photos.leclercdrive.fr/image.ashx?id=2954367&use=l&cat=p&typeid=i","cat":288850},{"id":31571,"n":"Lait UHT Lactel Demi-écrémé - 8x1L","p":10.0,"u":"1,25 €/L","img":"https://fd9-photos.leclercdrive.fr/image.ashx?id=2325167&use=l&cat=p&typeid=i","cat":284377},{"id":31641,"n":"Poulet basquaise Côté Table Riz 285g","p":1.81,"u":"6,35 €/KG","img":"https://fd9-photos.leclercdrive.fr/image.ashx?id=2476149&use=l&cat=p&typeid=i","cat":284953},{"id":31659,"n":"Sirop La Maison Guiot Cerise - 70cl","p":3.23,"u":"4,61 €/L","img":"https://fd9-photos.leclercdrive.fr/image.ashx?id=2857201&use=l&cat=p&typeid=i","cat":295020},{"id":31661,"n":"Sirop La Maison Guiot Pêche blanche - 70cl","p":3.25,"u":"4,64 €/L","img":"https://fd9-photos.leclercdrive.fr/image.ashx?id=2857198&use=l&cat=p&typeid=i","cat":295020},{"id":31680,"n":"Lingettes bébé Mots d'Enfants Ultra-douces - x24","p":1.25,"u":"0,05 €/P","img":"https://fd9-photos.leclercdrive.fr/image.ashx?id=2856501&use=l&cat=p&typeid=i","cat":284738},{"id":31682,"n":"Sachet repas chat Tous mes amis Viande en sauces - 4x100g","p":1.49,"u":"3,73 €/KG","img":"https://fd9-photos.leclercdrive.fr/image.ashx?id=2043005&use=l&cat=p&typeid=i","cat":285286},{"id":31709,"n":"Viande boeuf séchée Saint Azay 10 tranches - 80g","p":3.78,"u":"47,25 €/KG","img":"https://fd9-photos.leclercdrive.fr/image.ashx?id=2979568&use=l&cat=p&typeid=i","cat":316007},{"id":31714,"n":"Pur jus de pomme Bio Village Bio - 6x20cl","p":3.25,"u":"2,71 €/L","img":"https://fd9-photos.leclercdrive.fr/image.ashx?id=2077442&use=l&cat=p&typeid=i","cat":284524},{"id":31717,"n":"Parmigiano Reg AOP Casa Azzurra Râpé -  60g","p":1.54,"u":"25,67 €/KG","img":"https://fd9-photos.leclercdrive.fr/image.ashx?id=2261951&use=l&cat=p&typeid=i","cat":314035},{"id":31725,"n":"Boisson énergisante X-tense Canette - 4x50cl","p":3.12,"u":"1,56 €/L","img":"https://fd9-photos.leclercdrive.fr/image.ashx?id=2956068&use=l&cat=p&typeid=i","cat":284533},{"id":31728,"n":"Jus de pomme Jafaden Nectar - 2L","p":2.15,"u":"1,08 €/L","img":"https://fd9-photos.leclercdrive.fr/image.ashx?id=2956077&use=l&cat=p&typeid=i","cat":284522},{"id":31729,"n":"Jus de pomme Jafaden A base de concentré - 1L","p":0.95,"u":"0,95 €/L","img":"https://fd9-photos.leclercdrive.fr/image.ashx?id=2550842&use=l&cat=p&typeid=i","cat":284522},{"id":31730,"n":"Pur jus de pomme Jafaden 1L","p":1.04,"u":"1,04 €/L","img":"https://fd9-photos.leclercdrive.fr/image.ashx?id=1936638&use=l&cat=p&typeid=i","cat":284522},{"id":31731,"n":"Thé glacé Fresh Tea Pêche - 1L","p":1.03,"u":"1,03 €/L","img":"https://fd9-photos.leclercdrive.fr/image.ashx?id=3002791&use=l&cat=p&typeid=i","cat":295019},{"id":31733,"n":"Pur jus multifruits Jafaden 1L","p":1.39,"u":"1,39 €/L","img":"https://fd9-photos.leclercdrive.fr/image.ashx?id=2890006&use=l&cat=p&typeid=i","cat":284917},{"id":31735,"n":"Nectar multifruits Jafaden 1L","p":1.75,"u":"1,75 €/L","img":"https://fd9-photos.leclercdrive.fr/image.ashx?id=2956089&use=l&cat=p&typeid=i","cat":284917},{"id":31736,"n":"Nectar Jafaden Goyave - 1L","p":2.08,"u":"2,08 €/L","img":"https://fd9-photos.leclercdrive.fr/image.ashx?id=2956095&use=l&cat=p&typeid=i","cat":284916},{"id":31737,"n":"Nectar Jafaden Passion - 1L","p":2.71,"u":"2,71 €/L","img":"https://fd9-photos.leclercdrive.fr/image.ashx?id=2959602&use=l&cat=p&typeid=i","cat":284916},{"id":31830,"n":"Sachet repas chat Tous mes amis Viande en sauce - 12x100g","p":3.65,"u":"3,04 €/KG","img":"https://fd9-photos.leclercdrive.fr/image.ashx?id=2677077&use=l&cat=p&typeid=i","cat":285286},{"id":31899,"n":"Huile OPTIMA Tramier  1L","p":5.16,"u":"5,16 €/L","img":"https://fd9-photos.leclercdrive.fr/image.ashx?id=2680407&use=l&cat=p&typeid=i","cat":284453},{"id":31918,"n":"Sucre Tablier Blanc En morceaux - 1kg","p":1.99,"u":"1,99 €/KG","img":"https://fd9-photos.leclercdrive.fr/image.ashx?id=3010425&use=l&cat=p&typeid=i","cat":284502},{"id":31920,"n":"Matière grasse Rustica à tartiner 50%MG Omega 3 - 500g","p":1.98,"u":"3,96 €/KG","img":"https://fd9-photos.leclercdrive.fr/image.ashx?id=2904556&use=l&cat=p&typeid=i","cat":315229},{"id":31924,"n":"Déodorant bille Manava Peaux sensibles 50ml","p":1.15,"u":"23,00 €/L","img":"https://fd9-photos.leclercdrive.fr/image.ashx?id=2481222&use=l&cat=p&typeid=i","cat":284595},{"id":31937,"n":"Laque Vitanove Fixation normale 300ml","p":1.95,"u":"6,50 €/L","img":"https://fd9-photos.leclercdrive.fr/image.ashx?id=2324396&use=l&cat=p&typeid=i","cat":284609},{"id":31941,"n":"IGP Ardèche rouge Pont d'Arc 13.5% vol - BIB 5L","p":11.37,"u":"2,27 €/L","img":"https://fd9-photos.leclercdrive.fr/image.ashx?id=2527913&use=l&cat=p&typeid=i","cat":289560},{"id":31965,"n":"Nettoyant spray Clair Cuisine et salle de bain 750ml","p":1.49,"u":"1,99 €/L","img":"https://fd9-photos.leclercdrive.fr/image.ashx?id=2466151&use=l&cat=p&typeid=i","cat":325357},{"id":31982,"n":"Couches bébé Mots d'Enfants -T5 Ultra confort - 11/25kg - x23","p":5.66,"u":"0,25 €/P","img":"https://fd9-photos.leclercdrive.fr/image.ashx?id=2699462&use=l&cat=p&typeid=i","cat":284737},{"id":31983,"n":"Cidre rosé Les Goelleries 2.5%vol. - 75cl","p":2.29,"u":"3,05 €/L","img":"https://fd9-photos.leclercdrive.fr/image.ashx?id=2842295&use=l&cat=p&typeid=i","cat":334880},{"id":31988,"n":"Sachet repas chat Tous mes amis Poissons en gelée - 4x100g","p":1.33,"u":"3,33 €/KG","img":"https://fd9-photos.leclercdrive.fr/image.ashx?id=2043002&use=l&cat=p&typeid=i","cat":285286},{"id":32054,"n":"Eau minérale gazeuse St Diery  Naturelle - 6x50cl","p":1.5,"u":"0,50 €/L","img":"https://fd9-photos.leclercdrive.fr/image.ashx?id=2423532&use=l&cat=p&typeid=i","cat":284536},{"id":32059,"n":"Sachet repas chat Tous mes amis Viande en geléé - 12x100g","p":3.65,"u":"3,04 €/KG","img":"https://fd9-photos.leclercdrive.fr/image.ashx?id=2027598&use=l&cat=p&typeid=i","cat":285286},{"id":32064,"n":"Mousse à raser Carré Homme Sensible - 250ml","p":1.39,"u":"5,56 €/L","img":"https://fd9-photos.leclercdrive.fr/image.ashx?id=2704681&use=l&cat=p&typeid=i","cat":284617},{"id":32065,"n":"Couches bébé Mots d'Enfants T4 Douceur - 7/18kg - x74 changes","p":11.02,"u":"0,15 €/P","img":"https://fd9-photos.leclercdrive.fr/image.ashx?id=2699468&use=l&cat=p&typeid=i","cat":284737},{"id":32087,"n":"Yaourts vanille Soignon au lait de chèvre - 4x125g","p":2.45,"u":"4,90 €/KG","img":"https://fd9-photos.leclercdrive.fr/image.ashx?id=2518247&use=l&cat=p&typeid=i","cat":314998},{"id":32093,"n":"Poulet rôti Marie Pommes de terres fondantes 900g","p":4.98,"u":"5,53 €/KG","img":"https://fd9-photos.leclercdrive.fr/image.ashx?id=2996788&use=l&cat=p&typeid=i","cat":284254},{"id":32098,"n":"Biscuits Dinosaurus Lotus  Chocolat noir - 225g","p":2.21,"u":"9,82 €/KG","img":"https://fd9-photos.leclercdrive.fr/image.ashx?id=2859812&use=l&cat=p&typeid=i","cat":284488},{"id":32103,"n":"Goûter laitier Récré O'Lé Gourdes Chocolat - 4x85g","p":2.1,"u":"6,18 €/KG","img":"https://fd9-photos.leclercdrive.fr/image.ashx?id=3008824&use=l&cat=p&typeid=i","cat":284506},{"id":32104,"n":"Goûter laitier Récré O'Lé Gourdes Saveur Vanille - 4x85g","p":2.14,"u":"6,29 €/KG","img":"https://fd9-photos.leclercdrive.fr/image.ashx?id=3008827&use=l&cat=p&typeid=i","cat":284506},{"id":32125,"n":"Mélange Fruité Tokapi Fruits et graines - 110g","p":1.65,"u":"15,00 €/KG","img":"https://fd9-photos.leclercdrive.fr/image.ashx?id=2794003&use=l&cat=p&typeid=i","cat":284448},{"id":32144,"n":"Lait demi-écrémé Grandlait Candia Bouteille - 50cl","p":0.98,"u":"1,96 €/L","img":"https://fd9-photos.leclercdrive.fr/image.ashx?id=2915125&use=l&cat=p&typeid=i","cat":284377},{"id":32183,"n":"Couches bébé Mots d'Enfants T4+ Douceur - 9/20kg - x70 changes","p":11.02,"u":"0,16 €/P","img":"https://fd9-photos.leclercdrive.fr/image.ashx?id=2904574&use=l&cat=p&typeid=i","cat":284737},{"id":32186,"n":"Couches bébé Mots d'Enfants T5 Douceur - 11/25kg - x66","p":10.7,"u":"0,16 €/P","img":"https://fd9-photos.leclercdrive.fr/image.ashx?id=2907195&use=l&cat=p&typeid=i","cat":284737},{"id":32202,"n":"Couches bébé Mots d'Enfants T3 Douceur - 4/9kg - x90 changes","p":11.6,"u":"0,13 €/P","img":"https://fd9-photos.leclercdrive.fr/image.ashx?id=2904571&use=l&cat=p&typeid=i","cat":284737},{"id":32213,"n":"Bacon fumé Herta Barquette 100g","p":2.22,"u":"22,20 €/KG","img":"https://fd9-photos.leclercdrive.fr/image.ashx?id=2876236&use=l&cat=p&typeid=i","cat":316011},{"id":32247,"n":"Baguette Tradition 3x250g + 1 baguette offerte","p":2.85,"u":"2,85 €/KG","img":"https://fd9-photos.leclercdrive.fr/image.ashx?id=2442057&use=l&cat=p&typeid=i","cat":284359},{"id":32255,"n":"Déodorant Manava Pierre d'alun/Aloé véra - 200ml","p":1.44,"u":"7,20 €/L","img":"https://fd9-photos.leclercdrive.fr/image.ashx?id=2710494&use=l&cat=p&typeid=i","cat":284595},{"id":32267,"n":"Emmental fromage rapé Les Croisés - 325g","p":2.65,"u":"8,15 €/KG","img":"https://fd9-photos.leclercdrive.fr/image.ashx?id=2805027&use=l&cat=p&typeid=i","cat":314035},{"id":32268,"n":"Bûche de chèvre Les Croisés Non affiné 19%mg - 150g","p":1.89,"u":"12,60 €/KG","img":"https://fd9-photos.leclercdrive.fr/image.ashx?id=2919613&use=l&cat=p&typeid=i","cat":314031},{"id":32286,"n":"Papillons d'Alsace NRT 250g","p":1.39,"u":"5,56 €/KG","img":"https://fd9-photos.leclercdrive.fr/image.ashx?id=2839992&use=l&cat=p&typeid=i","cat":284427},{"id":32291,"n":"Bonbons sans sucres Confiséo Aux plantes - 150g","p":2.49,"u":"16,60 €/KG","img":"https://fd9-photos.leclercdrive.fr/image.ashx?id=2934700&use=l&cat=p&typeid=i","cat":304252},{"id":32293,"n":"Sucre de canne Tablier Blanc Cassonade 750g","p":1.55,"u":"2,07 €/KG","img":"https://fd9-photos.leclercdrive.fr/image.ashx?id=2501676&use=l&cat=p&typeid=i","cat":284502},{"id":32301,"n":"Biscuit Petit beurre P'tit Déli Tablette chocolat blanc - 150g","p":1.49,"u":"9,93 €/KG","img":"https://fd9-photos.leclercdrive.fr/image.ashx?id=2970738&use=l&cat=p&typeid=i","cat":284488},{"id":32316,"n":"Gin Brighton's London Dry 37.5%vol - 1L","p":15.69,"u":"15,69 €/L","img":"https://fd9-photos.leclercdrive.fr/image.ashx?id=2907189&use=l&cat=p&typeid=i","cat":284550},{"id":32339,"n":"Sirop Frucci Pamplemousse Rose - 75cl","p":3.65,"u":"4,87 €/L","img":"https://fd9-photos.leclercdrive.fr/image.ashx?id=2909900&use=l&cat=p&typeid=i","cat":295020},{"id":32352,"n":"Emmental fromage râpé bio Bio village - 200g","p":2.31,"u":"11,55 €/KG","img":"https://fd9-photos.leclercdrive.fr/image.ashx?id=1972558&use=l&cat=p&typeid=i","cat":314035},{"id":32353,"n":"Mozzarella Les Croisés - 3x125g","p":2.75,"u":"7,33 €/KG","img":"https://fd9-photos.leclercdrive.fr/image.ashx?id=2130008&use=l&cat=p&typeid=i","cat":314026},{"id":32357,"n":"Yaourts en gourde Délisse 3 Abricots + 3 Fraises - 6x90g","p":2.89,"u":"5,35 €/KG","img":"https://fd9-photos.leclercdrive.fr/image.ashx?id=2699565&use=l&cat=p&typeid=i","cat":284415},{"id":32371,"n":"Petits pots  Babybio Bio Carotte quinoa - 8mois 2x200g","p":2.34,"u":"5,85 €/KG","img":"https://fd9-photos.leclercdrive.fr/image.ashx?id=2834512&use=l&cat=p&typeid=i","cat":312239},{"id":32372,"n":"Petits pots Babybio Bio Légumes veau - 8 mois 2x200g","p":2.84,"u":"7,10 €/KG","img":"https://fd9-photos.leclercdrive.fr/image.ashx?id=2838308&use=l&cat=p&typeid=i","cat":312236},{"id":32380,"n":"Farine de blé Eco+ 1kg","p":0.59,"u":"0,59 €/KG","img":"https://fd9-photos.leclercdrive.fr/image.ashx?id=2694416&use=l&cat=p&typeid=i","cat":284503},{"id":32386,"n":"Mélange forestier Notre Jardin 225g","p":2.57,"u":"11,42 €/KG","img":"https://fd9-photos.leclercdrive.fr/image.ashx?id=2613705&use=l&cat=p&typeid=i","cat":312612},{"id":32387,"n":"Ratatouille Notre Jardin A la provençale - 375g","p":1.06,"u":"2,83 €/KG","img":"https://fd9-photos.leclercdrive.fr/image.ashx?id=2526294&use=l&cat=p&typeid=i","cat":312612},{"id":32388,"n":"Maïs Notre Jardin Aux 2 poivrons - 270g","p":1.19,"u":"4,41 €/KG","img":"https://fd9-photos.leclercdrive.fr/image.ashx?id=2988057&use=l&cat=p&typeid=i","cat":312611},{"id":32392,"n":"Cuisse de poulet St Charmin Blanc Val de Loire x2 - 480g","p":4.08,"u":"8,50 €/KG","img":"https://fd9-photos.leclercdrive.fr/image.ashx?id=1921500&use=l&cat=p&typeid=i","cat":284336},{"id":32452,"n":"Lait de montagne Délisse UHT Bouteille -  6x1L","p":6.66,"u":"1,11 €/L","img":"https://fd9-photos.leclercdrive.fr/image.ashx?id=2929937&use=l&cat=p&typeid=i","cat":284377},{"id":32475,"n":"Sacs poubelle 15L Poubel'sak Senteur vanille - x25","p":1.54,"u":"0,06 €/P","img":"https://fd9-photos.leclercdrive.fr/image.ashx?id=1886899&use=l&cat=p&typeid=i","cat":285168},{"id":32492,"n":"Crème glacée L'Angelys Vanille - 450g","p":5.38,"u":"11,96 €/KG","img":"https://fd9-photos.leclercdrive.fr/image.ashx?id=2963574&use=l&cat=p&typeid=i","cat":284263},{"id":32493,"n":"Crème glacée L'Angelys Caramel beurre salé - 450g","p":4.64,"u":"10,31 €/KG","img":"https://fd9-photos.leclercdrive.fr/image.ashx?id=2883188&use=l&cat=p&typeid=i","cat":284263},{"id":32497,"n":"Recharge Savon Mains Dettol Parfum Citron 250ml","p":2.37,"u":"9,48 €/L","img":"https://fd9-photos.leclercdrive.fr/image.ashx?id=2962020&use=l&cat=p&typeid=i","cat":284597},{"id":32516,"n":"Saumon fumé Bio Bio Village Atlantique x4T - 120g","p":5.77,"u":"48,08 €/KG","img":"https://fd9-photos.leclercdrive.fr/image.ashx?id=2627209&use=l&cat=p&typeid=i","cat":285188},{"id":32523,"n":"Endive  1 p","p":0.6,"img":"https://fd9-photos.leclercdrive.fr/image.ashx?id=657630&use=l&cat=p&typeid=i","cat":284352},{"id":32546,"n":"Chips à l'ancienne Bret's Sel de Guérande - 6x25g","p":2.53,"u":"16,87 €/KG","img":"https://fd9-photos.leclercdrive.fr/image.ashx?id=1702628&use=l&cat=p&typeid=i","cat":284447},{"id":32552,"n":"Apéritif Lagoa Cocktail Mojito sans alcool 75cl","p":2.95,"u":"3,93 €/L","img":"https://fd9-photos.leclercdrive.fr/image.ashx?id=2519969&use=l&cat=p&typeid=i","cat":284549},{"id":32555,"n":"Fromage Maasdam Les Croisés tranches x14 - 27.1%mg - 350g","p":3.23,"u":"9,23 €/KG","img":"https://fd9-photos.leclercdrive.fr/image.ashx?id=2026322&use=l&cat=p&typeid=i","cat":314028},{"id":32556,"n":"Gouda Les Croisés 30.5%mg portion - 250g","p":3.25,"u":"13,00 €/KG","img":"https://fd9-photos.leclercdrive.fr/image.ashx?id=2900121&use=l&cat=p&typeid=i","cat":314034},{"id":32558,"n":"Mimolette Les Croisés 23.7%mg portion - 250g","p":2.97,"u":"11,88 €/KG","img":"https://fd9-photos.leclercdrive.fr/image.ashx?id=2796049&use=l&cat=p&typeid=i","cat":314034},{"id":32631,"n":"Biscuits palmier Bio Village Bio - 100g","p":1.27,"u":"12,70 €/KG","img":"https://fd9-photos.leclercdrive.fr/image.ashx?id=2610729&use=l&cat=p&typeid=i","cat":284487},{"id":32643,"n":"Pruneaux d'Agen Couleurs Vives Dénoyautés - 500g","p":3.99,"u":"7,98 €/KG","img":"https://fd9-photos.leclercdrive.fr/image.ashx?id=2124107&use=l&cat=p&typeid=i","cat":284357},{"id":32647,"n":"Persil plat  30g","p":1.52,"u":"50,67 €/KG","img":"https://fd9-photos.leclercdrive.fr/image.ashx?id=563967&use=l&cat=p&typeid=i","cat":293607},{"id":32724,"n":"Pain grillé bio Bio Village Céréales et graines - 225g","p":1.59,"u":"7,07 €/KG","img":"https://fd9-photos.leclercdrive.fr/image.ashx?id=2595119&use=l&cat=p&typeid=i","cat":284479},{"id":32728,"n":"Lait demi écrémé Eco+ Brique 1L","p":0.92,"u":"0,92 €/L","img":"https://fd9-photos.leclercdrive.fr/image.ashx?id=2744437&use=l&cat=p&typeid=i","cat":284377},{"id":32817,"n":"Eau minérale Mont Blanc 6x1.5L","p":2.92,"u":"0,32 €/L","img":"https://fd9-photos.leclercdrive.fr/image.ashx?id=2401110&use=l&cat=p&typeid=i","cat":284535},{"id":32818,"n":"AOP Bordeaux rouge Blaissac BIB 3L","p":12.9,"u":"4,30 €/L","img":"https://fd9-photos.leclercdrive.fr/image.ashx?id=2101288&use=l&cat=p&typeid=i","cat":289560},{"id":32878,"n":"Biscuits fins P'tit Déli Assortiment - 400g","p":4.57,"u":"11,43 €/KG","img":"https://fd9-photos.leclercdrive.fr/image.ashx?id=2563154&use=l&cat=p&typeid=i","cat":284490},{"id":32901,"n":"Escalopes de dinde Volandrie x2 - 240g","p":3.49,"u":"14,54 €/KG","img":"https://fd9-photos.leclercdrive.fr/image.ashx?id=2048860&use=l&cat=p&typeid=i","cat":284337},{"id":32915,"n":"Oignons frits Colona 100g","p":1.24,"u":"12,40 €/KG","img":"https://fd9-photos.leclercdrive.fr/image.ashx?id=2687230&use=l&cat=p&typeid=i","cat":298297},{"id":32934,"n":"Bière blanche 1664 Blanc 5° - 12x25cl","p":9.73,"u":"3,24 €/L","img":"https://fd9-photos.leclercdrive.fr/image.ashx?id=2886696&use=l&cat=p&typeid=i","cat":334878},{"id":32949,"n":"Gel Douche Fa Cap tonique mixte flacon- 250ml","p":1.62,"u":"6,48 €/L","img":"https://fd9-photos.leclercdrive.fr/image.ashx?id=2995418&use=l&cat=p&typeid=i","cat":284594},{"id":32954,"n":"Bûche glacée Eskiss Poire Chocolat - 549g","p":4.06,"u":"7,40 €/KG","img":"https://fd9-photos.leclercdrive.fr/image.ashx?id=2209852&use=l&cat=p&typeid=i","cat":284266},{"id":32957,"n":"Poitrine fumée Herta 2x100g","p":3.09,"u":"15,45 €/KG","img":"https://fd9-photos.leclercdrive.fr/image.ashx?id=2787773&use=l&cat=p&typeid=i","cat":316011},{"id":32973,"n":"Eau micellaire Inell 500ml","p":2.36,"u":"4,72 €/L","img":"https://fd9-photos.leclercdrive.fr/image.ashx?id=1938870&use=l&cat=p&typeid=i","cat":284603},{"id":32981,"n":"Biscuits sec thé P'tit Déli 340g","p":1.21,"u":"3,56 €/KG","img":"https://fd9-photos.leclercdrive.fr/image.ashx?id=2679488&use=l&cat=p&typeid=i","cat":284487},{"id":32982,"n":"Pâtes coquillettes Turini Les 3 min - 1kg","p":1.43,"u":"1,43 €/KG","img":"https://fd9-photos.leclercdrive.fr/image.ashx?id=2607530&use=l&cat=p&typeid=i","cat":284427},{"id":32985,"n":"Riz long Comptoir du Grain Cuisson rapide - 2kg","p":3.36,"u":"1,68 €/KG","img":"https://fd9-photos.leclercdrive.fr/image.ashx?id=2226197&use=l&cat=p&typeid=i","cat":284428},{"id":32986,"n":"Pâtes penne Turini Les 3 min - 500g","p":0.99,"u":"1,98 €/KG","img":"https://fd9-photos.leclercdrive.fr/image.ashx?id=2744240&use=l&cat=p&typeid=i","cat":284427},{"id":33017,"n":"Eau gazeuse  Badoit rouge fortement pétillante - 6x1l","p":3.53,"u":"0,59 €/L","img":"https://fd9-photos.leclercdrive.fr/image.ashx?id=2831783&use=l&cat=p&typeid=i","cat":284536},{"id":33027,"n":"Roti de boeuf cuit Tradilège VBF - 120g","p":3.49,"u":"29,08 €/KG","img":"https://fd9-photos.leclercdrive.fr/image.ashx?id=2753584&use=l&cat=p&typeid=i","cat":316009},{"id":33036,"n":"Beurre allégé Les Croisés Doux - 60% MG - 250g","p":1.87,"u":"7,48 €/KG","img":"https://fd9-photos.leclercdrive.fr/image.ashx?id=2893319&use=l&cat=p&typeid=i","cat":284379},{"id":33046,"n":"Tuiles Tokapi Epicé - 170g","p":1.39,"u":"8,18 €/KG","img":"https://fd9-photos.leclercdrive.fr/image.ashx?id=2641277&use=l&cat=p&typeid=i","cat":287899},{"id":33063,"n":"Lait de toilette Mots d'Enfants Extra-doux - 750ml","p":3.69,"u":"4,92 €/L","img":"https://fd9-photos.leclercdrive.fr/image.ashx?id=2266495&use=l&cat=p&typeid=i","cat":284741},{"id":33097,"n":"Steak haché façon bouchère 560g Férial - 15%mg - X4","p":9.45,"u":"16,88 €/KG","img":"https://fd9-photos.leclercdrive.fr/image.ashx?id=3004660&use=l&cat=p&typeid=i","cat":319778},{"id":33098,"n":"Viande hachée Férial 15%mg - 400G","p":5.49,"u":"13,73 €/KG","img":"https://fd9-photos.leclercdrive.fr/image.ashx?id=2966517&use=l&cat=p&typeid=i","cat":319779},{"id":33150,"n":"Blanquette Weight Watchers Poulet 300g","p":2.98,"u":"9,93 €/KG","img":"https://fd9-photos.leclercdrive.fr/image.ashx?id=2880739&use=l&cat=p&typeid=i","cat":333665},{"id":33151,"n":"Préparation culinaire Soja Délisse - 5%mg - 3x20cl","p":1.89,"u":"3,15 €/L","img":"https://fd9-photos.leclercdrive.fr/image.ashx?id=2970741&use=l&cat=p&typeid=i","cat":316069},{"id":33197,"n":"Café moulu Plantation Colombie - 250g","p":3.87,"u":"15,48 €/KG","img":"https://fd9-photos.leclercdrive.fr/image.ashx?id=2824268&use=l&cat=p&typeid=i","cat":284750},{"id":33199,"n":"Sirop Eco+ Fraise - 1L","p":2.43,"u":"2,43 €/L","img":"https://fd9-photos.leclercdrive.fr/image.ashx?id=2959701&use=l&cat=p&typeid=i","cat":295020},{"id":33200,"n":"Sirop menthe Eco+ 1L","p":1.41,"u":"1,41 €/L","img":"https://fd9-photos.leclercdrive.fr/image.ashx?id=2909831&use=l&cat=p&typeid=i","cat":295020},{"id":33207,"n":"Gaufres fourrées vergeoises NRT 280g","p":3.59,"u":"12,82 €/KG","img":"https://fd9-photos.leclercdrive.fr/image.ashx?id=790418&use=l&cat=p&typeid=i","cat":294777},{"id":33236,"n":"Jambon Tranché Fin FleuryMichon à l'italienne x6 - 180g","p":3.52,"u":"19,56 €/KG","img":"https://fd9-photos.leclercdrive.fr/image.ashx?id=2889292&use=l&cat=p&typeid=i","cat":316009},{"id":33239,"n":"Café Soluble Nescafé Spécial Filtre - x25 - 50g","p":2.76,"u":"55,20 €/KG","img":"https://fd9-photos.leclercdrive.fr/image.ashx?id=2485134&use=l&cat=p&typeid=i","cat":284843},{"id":33251,"n":"Déodorant Manava peux sensibles Anti-transpirant spray - 200ml","p":1.29,"u":"6,45 €/L","img":"https://fd9-photos.leclercdrive.fr/image.ashx?id=2886454&use=l&cat=p&typeid=i","cat":284595},{"id":33255,"n":"Pâtes farfalle Turini Les 3 min - 500g","p":1.07,"u":"2,14 €/KG","img":"https://fd9-photos.leclercdrive.fr/image.ashx?id=2669723&use=l&cat=p&typeid=i","cat":284427},{"id":33256,"n":"Sachet cuisson Rustica Poulet herbes de provence - 34g","p":0.6,"u":"17,65 €/KG","img":"https://fd9-photos.leclercdrive.fr/image.ashx?id=1886674&use=l&cat=p&typeid=i","cat":288380},{"id":33258,"n":"Sachet cuisson Rustica Poulet ail et oignon - 36g","p":0.59,"u":"16,39 €/KG","img":"https://fd9-photos.leclercdrive.fr/image.ashx?id=1886680&use=l&cat=p&typeid=i","cat":288380},{"id":33262,"n":"Céréales Corn Flakes Kellogg's 500g","p":2.52,"u":"5,04 €/KG","img":"https://fd9-photos.leclercdrive.fr/image.ashx?id=2522005&use=l&cat=p&typeid=i","cat":309513},{"id":33266,"n":"Céréales Smacks Kellogg's 400g","p":2.57,"u":"6,43 €/KG","img":"https://fd9-photos.leclercdrive.fr/image.ashx?id=2584235&use=l&cat=p&typeid=i","cat":309513},{"id":33268,"n":"Cassolette Côté Table Fruits de mer 2x110g","p":3.99,"u":"18,14 €/KG","img":"https://fd9-photos.leclercdrive.fr/image.ashx?id=2234972&use=l&cat=p&typeid=i","cat":284254},{"id":33274,"n":"Pâtes spaghetti Turini Les 3 min - 1kg","p":1.55,"u":"1,55 €/KG","img":"https://fd9-photos.leclercdrive.fr/image.ashx?id=2607533&use=l&cat=p&typeid=i","cat":284427},{"id":33297,"n":"Mini fondue Les Croisés Aux 3 fromages - 150g","p":2.25,"u":"15,00 €/KG","img":"https://fd9-photos.leclercdrive.fr/image.ashx?id=2791800&use=l&cat=p&typeid=i","cat":314037},{"id":33299,"n":"Sérum physiologique Mots d'Enfants 5ml x40","p":2.19,"u":"10,95 €/L","img":"https://fd9-photos.leclercdrive.fr/image.ashx?id=3014209&use=l&cat=p&typeid=i","cat":284741},{"id":33301,"n":"Soda light  Pulp'Orange Orange Bouteille - 1,5L","p":1.39,"u":"0,93 €/L","img":"https://fd9-photos.leclercdrive.fr/image.ashx?id=2922412&use=l&cat=p&typeid=i","cat":284532},{"id":33302,"n":"Pâtes cannelloni Turini 250g","p":0.99,"u":"3,96 €/KG","img":"https://fd9-photos.leclercdrive.fr/image.ashx?id=2980468&use=l&cat=p&typeid=i","cat":284427},{"id":33304,"n":"Soja cuisine Bio Village Fluide bio - 3x20cl","p":1.61,"u":"2,68 €/L","img":"https://fd9-photos.leclercdrive.fr/image.ashx?id=2493679&use=l&cat=p&typeid=i","cat":316069},{"id":33305,"n":"Mélange Cocktail Tokapi Ananas et raisins - 120g","p":1.53,"u":"12,75 €/KG","img":"https://fd9-photos.leclercdrive.fr/image.ashx?id=2795559&use=l&cat=p&typeid=i","cat":284448},{"id":33306,"n":"Sucre pure canne Bio Village En poudre bio - 500g","p":1.66,"u":"3,32 €/KG","img":"https://fd9-photos.leclercdrive.fr/image.ashx?id=3010443&use=l&cat=p&typeid=i","cat":284502},{"id":33335,"n":"Eau nettoyante Mots d'Enfants Hydratante - 750ml","p":3.15,"u":"4,20 €/L","img":"https://fd9-photos.leclercdrive.fr/image.ashx?id=3015075&use=l&cat=p&typeid=i","cat":284741},{"id":33336,"n":"Gel lavant bébé Mots d'Enfants Corps et cheveux - 750ml","p":3.15,"u":"4,20 €/L","img":"https://fd9-photos.leclercdrive.fr/image.ashx?id=3014224&use=l&cat=p&typeid=i","cat":284740},{"id":33399,"n":"Pâte d'amande 40% Vahiné Tricolore 150g","p":2.29,"u":"15,27 €/KG","img":"https://fd9-photos.leclercdrive.fr/image.ashx?id=2014370&use=l&cat=p&typeid=i","cat":284504},{"id":33442,"n":"Cocktail fruits de mer Escal 900g","p":10.45,"u":"11,61 €/KG","img":"https://fd9-photos.leclercdrive.fr/image.ashx?id=2438609&use=l&cat=p&typeid=i","cat":319787},{"id":33446,"n":"Fromage Munster Ermitage 50%mg - 125g","p":2.02,"u":"16,16 €/KG","img":"https://fd9-photos.leclercdrive.fr/image.ashx?id=1579758&use=l&cat=p&typeid=i","cat":329558},{"id":33498,"n":"Jus de pomme pétillant Champomy Gold Pomme Pêche - 75cl","p":2.94,"u":"3,92 €/L","img":"https://fd9-photos.leclercdrive.fr/image.ashx?id=2688629&use=l&cat=p&typeid=i","cat":289460},{"id":33499,"n":"Jus de pomme pétillant Champomy Pink Pomme Raisin - 75cl","p":3.04,"u":"4,05 €/L","img":"https://fd9-photos.leclercdrive.fr/image.ashx?id=2688638&use=l&cat=p&typeid=i","cat":289460},{"id":33503,"n":"Salade & Cie Sodebo Antibes Thon riz - 320g","p":3.18,"u":"9,94 €/KG","img":"https://fd9-photos.leclercdrive.fr/image.ashx?id=2799431&use=l&cat=p&typeid=i","cat":333657},{"id":33551,"n":"Bloc de foie gras Dégustation Labeyrie 30% morceaux - 300g","p":28.55,"u":"95,17 €/KG","img":"https://fd9-photos.leclercdrive.fr/image.ashx?id=2770359&use=l&cat=p&typeid=i","cat":316008},{"id":33577,"n":"Confit d'oignons Labeyrie 50g","p":1.66,"u":"33,20 €/KG","img":"https://fd9-photos.leclercdrive.fr/image.ashx?id=2923510&use=l&cat=p&typeid=i","cat":316008},{"id":33582,"n":"Fromage à tartiner Boursin Poivre - 150g","p":2.43,"u":"16,20 €/KG","img":"https://fd9-photos.leclercdrive.fr/image.ashx?id=2962284&use=l&cat=p&typeid=i","cat":314029},{"id":33583,"n":"Dés de fromage salade Boursin Figue et 3 noix - 120g","p":2.26,"u":"18,83 €/KG","img":"https://fd9-photos.leclercdrive.fr/image.ashx?id=2865668&use=l&cat=p&typeid=i","cat":314027},{"id":33594,"n":"Cacahuètes  Benenuts Grillées salées - 220g","p":1.37,"u":"6,23 €/KG","img":"https://fd9-photos.leclercdrive.fr/image.ashx?id=2418762&use=l&cat=p&typeid=i","cat":284448},{"id":33595,"n":"Monster Munch Salé - 85g","p":1.04,"u":"12,24 €/KG","img":"https://fd9-photos.leclercdrive.fr/image.ashx?id=2971598&use=l&cat=p&typeid=i","cat":284449},{"id":33596,"n":"Monster Munch Jambon fromage - 85g","p":1.13,"u":"13,29 €/KG","img":"https://fd9-photos.leclercdrive.fr/image.ashx?id=2971604&use=l&cat=p&typeid=i","cat":284449},{"id":33600,"n":"Monster Munch Ketchup - 85g","p":1.07,"u":"12,59 €/KG","img":"https://fd9-photos.leclercdrive.fr/image.ashx?id=2996932&use=l&cat=p&typeid=i","cat":284449},{"id":33667,"n":"Crème de cassis Auguste Mugniot 15%vol. - 70cl","p":4.89,"u":"6,99 €/L","img":"https://fd9-photos.leclercdrive.fr/image.ashx?id=1211501&use=l&cat=p&typeid=i","cat":286032},{"id":33680,"n":"Croquettes grands chiens Lydog Boeuf Volaille - 14.5kg","p":18.7,"u":"1,29 €/KG","img":"https://fd9-photos.leclercdrive.fr/image.ashx?id=2054975&use=l&cat=p&typeid=i","cat":284672},{"id":33698,"n":"Cuisse de poulet Maître Coq Jaune avec partie dos 1.4kg","p":5.99,"u":"4,28 €/KG","img":"https://fd9-photos.leclercdrive.fr/image.ashx?id=2551129&use=l&cat=p&typeid=i","cat":284336},{"id":33745,"n":"IGP Pays d'Oc rosé Cinsault  Syrah Ormes de Cambras - BIB 5L","p":16.33,"u":"3,27 €/L","img":"https://fd9-photos.leclercdrive.fr/image.ashx?id=2445118&use=l&cat=p&typeid=i","cat":289560},{"id":33749,"n":"IGP Terres du Midi Listel Vin rosé 12% vol - BIB 3L","p":12.97,"u":"4,32 €/L","img":"https://fd9-photos.leclercdrive.fr/image.ashx?id=2883468&use=l&cat=p&typeid=i","cat":289560},{"id":33754,"n":"Vin de l'Union Européenne blanc François d'Aubigné - 75cl","p":1.98,"u":"2,64 €/L","img":"https://fd9-photos.leclercdrive.fr/image.ashx?id=2753357&use=l&cat=p&typeid=i","cat":289557},{"id":33755,"n":"AOP Monbazillac vin blanc Bernard Cordelier - 75 cl","p":5.99,"u":"7,99 €/L","img":"https://fd9-photos.leclercdrive.fr/image.ashx?id=2809184&use=l&cat=p&typeid=i","cat":289557},{"id":33773,"n":"Biscuits petit dej P'tit Déli  Multi céréales - 400g","p":1.84,"u":"4,60 €/KG","img":"https://fd9-photos.leclercdrive.fr/image.ashx?id=2999505&use=l&cat=p&typeid=i","cat":284491},{"id":33792,"n":"Crème mains bio Bio NaÏa Hydratante - 100ml","p":1.99,"u":"19,90 €/L","img":"https://fd9-photos.leclercdrive.fr/image.ashx?id=2558811&use=l&cat=p&typeid=i","cat":325354},{"id":33801,"n":"Crème protectrice - change Mots d'Enfants - 100ml","p":1.99,"u":"19,90 €/L","img":"https://fd9-photos.leclercdrive.fr/image.ashx?id=2320468&use=l&cat=p&typeid=i","cat":284741},{"id":33802,"n":"Lait Démaquillant bio Bio Naïa Visage 250ml","p":2.56,"u":"10,24 €/L","img":"https://fd9-photos.leclercdrive.fr/image.ashx?id=2399752&use=l&cat=p&typeid=i","cat":284603},{"id":33804,"n":"Déodorant Manava Douceur satin 200ml","p":1.44,"u":"7,20 €/L","img":"https://fd9-photos.leclercdrive.fr/image.ashx?id=2835202&use=l&cat=p&typeid=i","cat":284595},{"id":33805,"n":"Lingettes désinfectantes Clair Anti-bactériennes x40","p":1.05,"u":"0,03 €/P","img":"https://fd9-photos.leclercdrive.fr/image.ashx?id=2768095&use=l&cat=p&typeid=i","cat":325358},{"id":33811,"n":"Pastis de Marseille 45%vol - 1L","p":16.35,"u":"16,35 €/L","img":"https://fd9-photos.leclercdrive.fr/image.ashx?id=2637817&use=l&cat=p&typeid=i","cat":284548},{"id":33816,"n":"Bâtonnets Dentastix Pedigree Moyen chien x56 - 1440g","p":13.96,"u":"9,97 €/KG","img":"https://fd9-photos.leclercdrive.fr/image.ashx?id=2980185&use=l&cat=p&typeid=i","cat":294527},{"id":33820,"n":"Friandises chat Catisfactions Saumon - 60g","p":1.13,"u":"18,83 €/KG","img":"https://fd9-photos.leclercdrive.fr/image.ashx?id=2912605&use=l&cat=p&typeid=i","cat":285285},{"id":33822,"n":"Pina Colada Jafaden  Cocktail sans alcool 1L","p":2.57,"u":"2,57 €/L","img":"https://fd9-photos.leclercdrive.fr/image.ashx?id=2956104&use=l&cat=p&typeid=i","cat":284549},{"id":33824,"n":"Pur jus multifruits Jafaden  Orange Carotte Banane - 1L","p":2.29,"u":"2,29 €/L","img":"https://fd9-photos.leclercdrive.fr/image.ashx?id=2841157&use=l&cat=p&typeid=i","cat":284917},{"id":33847,"n":"Pur jus multifruits Jafaden Orange Ananas Mangue - 1L","p":2.29,"u":"2,29 €/L","img":"https://fd9-photos.leclercdrive.fr/image.ashx?id=2841160&use=l&cat=p&typeid=i","cat":284917},{"id":33848,"n":"Pur jus multifruits Jafaden  Orange Clémentine Banane - 1L","p":2.35,"u":"2,35 €/L","img":"https://fd9-photos.leclercdrive.fr/image.ashx?id=2841163&use=l&cat=p&typeid=i","cat":284917},{"id":33849,"n":"Shampooing bio Bio naïa 250ml","p":1.8,"u":"7,20 €/L","img":"https://fd9-photos.leclercdrive.fr/image.ashx?id=2822117&use=l&cat=p&typeid=i","cat":284606},{"id":33850,"n":"Eponges multi-usage Mamison Vertes - X6","p":1.75,"u":"0,29 €/P","img":"https://fd9-photos.leclercdrive.fr/image.ashx?id=2175768&use=l&cat=p&typeid=i","cat":284667},{"id":33852,"n":"Cubes allume-feu Silex x72 cubes","p":3.05,"u":"0,04 €/P","img":"https://fd9-photos.leclercdrive.fr/image.ashx?id=1304486&use=l&cat=p&typeid=i","cat":300578},{"id":33882,"n":"Farfalle Bio Village Bio Au blé complet - 500g","p":1.95,"u":"3,90 €/KG","img":"https://fd9-photos.leclercdrive.fr/image.ashx?id=2625373&use=l&cat=p&typeid=i","cat":284427},{"id":33885,"n":"Olives noires  Rustica Dénoyautées - 180g","p":1.23,"u":"6,83 €/KG","img":"https://fd9-photos.leclercdrive.fr/image.ashx?id=1698893&use=l&cat=p&typeid=i","cat":284458},{"id":33887,"n":"Pains grillés complet Epi d'or 400g","p":1.57,"u":"3,93 €/KG","img":"https://fd9-photos.leclercdrive.fr/image.ashx?id=2555943&use=l&cat=p&typeid=i","cat":284479},{"id":33889,"n":"Pain précuit Epi d'or Petits pains x6 - 300g","p":0.99,"u":"3,30 €/KG","img":"https://fd9-photos.leclercdrive.fr/image.ashx?id=3013603&use=l&cat=p&typeid=i","cat":325069},{"id":33891,"n":"Paëlla royale Côté Table 300g","p":3.39,"u":"11,30 €/KG","img":"https://fd9-photos.leclercdrive.fr/image.ashx?id=2393872&use=l&cat=p&typeid=i","cat":284953},{"id":33892,"n":"Poule au riz Côté table 300g","p":2.31,"u":"7,70 €/KG","img":"https://fd9-photos.leclercdrive.fr/image.ashx?id=2393875&use=l&cat=p&typeid=i","cat":284953},{"id":33893,"n":"Penne Bio Village  Bio - 500g","p":0.89,"u":"1,78 €/KG","img":"https://fd9-photos.leclercdrive.fr/image.ashx?id=2625370&use=l&cat=p&typeid=i","cat":284427},{"id":33898,"n":"Confit de canard du Sud-Ouest Nos régions ont du talent -225g","p":4.99,"u":"22,18 €/KG","img":"https://fd9-photos.leclercdrive.fr/image.ashx?id=2753511&use=l&cat=p&typeid=i","cat":284339},{"id":33910,"n":"Biscuit Petit beurre P'tit Déli Chocolat noir pocket - 250g","p":2.39,"u":"9,56 €/KG","img":"https://fd9-photos.leclercdrive.fr/image.ashx?id=750629&use=l&cat=p&typeid=i","cat":284488},{"id":33914,"n":"Tartines craquante  Sans Gluten - 2x125g","p":2.59,"u":"10,36 €/KG","img":"https://fd9-photos.leclercdrive.fr/image.ashx?id=2518550&use=l&cat=p&typeid=i","cat":318654},{"id":33915,"n":"Veau aux légumes Côté table Barquette 280g","p":2.29,"u":"8,18 €/KG","img":"https://fd9-photos.leclercdrive.fr/image.ashx?id=2476152&use=l&cat=p&typeid=i","cat":284953},{"id":33917,"n":"Thon entier Pêche Océan Huile d'olive - 160g","p":2.29,"u":"14,31 €/KG","img":"https://fd9-photos.leclercdrive.fr/image.ashx?id=2942199&use=l&cat=p&typeid=i","cat":303867},{"id":33918,"n":"Pâtes torsettes Turini Blé complet - 500g","p":0.99,"u":"1,98 €/KG","img":"https://fd9-photos.leclercdrive.fr/image.ashx?id=2607527&use=l&cat=p&typeid=i","cat":284427},{"id":33921,"n":"Boisson énergisante X-tense Bouteille - 1L","p":1.8,"u":"1,80 €/L","img":"https://fd9-photos.leclercdrive.fr/image.ashx?id=2919619&use=l&cat=p&typeid=i","cat":284533},{"id":33982,"n":"Soupe de poisson NRT à la Sétoise - 780g","p":3.99,"u":"5,12 €/KG","img":"https://fd9-photos.leclercdrive.fr/image.ashx?id=2834335&use=l&cat=p&typeid=i","cat":285192},{"id":33989,"n":"Coq au vin Côté Table 400g","p":2.54,"u":"6,35 €/KG","img":"https://fd9-photos.leclercdrive.fr/image.ashx?id=1986273&use=l&cat=p&typeid=i","cat":284441},{"id":33992,"n":"Soda Coca-Cola Zéro Cherry  Bouteille - 1,25L","p":1.61,"u":"1,29 €/L","img":"https://fd9-photos.leclercdrive.fr/image.ashx?id=2678158&use=l&cat=p&typeid=i","cat":284530},{"id":34006,"n":"Boisson aux fruits Capri Sun Tropical - 10x20cl","p":3.52,"u":"1,76 €/L","img":"https://fd9-photos.leclercdrive.fr/image.ashx?id=2506399&use=l&cat=p&typeid=i","cat":295018},{"id":34069,"n":"Pois gourmand  250g","p":2.99,"u":"11,96 €/KG","img":"https://fd9-photos.leclercdrive.fr/image.ashx?id=1633235&use=l&cat=p&typeid=i","cat":284352},{"id":34106,"n":"Dosettes café Plantation  Classique - x36 - 250g","p":3.72,"u":"14,88 €/KG","img":"https://fd9-photos.leclercdrive.fr/image.ashx?id=2622109&use=l&cat=p&typeid=i","cat":293238},{"id":34107,"n":"Dosettes café Plantation  Corsé - x36 - 250g","p":3.72,"u":"14,88 €/KG","img":"https://fd9-photos.leclercdrive.fr/image.ashx?id=2622112&use=l&cat=p&typeid=i","cat":293238},{"id":34175,"n":"Bouillon de boeuf Jardin Bio' Bio cube sans huile palme - x8","p":1.71,"u":"21,38 €/KG","img":"https://fd9-photos.leclercdrive.fr/image.ashx?id=2535532&use=l&cat=p&typeid=i","cat":288379},{"id":34176,"n":"Bouillon de légumes Jardin Bio' Bio cube sans huile palme x10","p":1.79,"u":"19,89 €/KG","img":"https://fd9-photos.leclercdrive.fr/image.ashx?id=2990844&use=l&cat=p&typeid=i","cat":288379},{"id":34177,"n":"Effilés aux legumes Purina One Poulet / Boeufs - 4x85g","p":2.12,"u":"6,24 €/KG","img":"https://fd9-photos.leclercdrive.fr/image.ashx?id=2467483&use=l&cat=p&typeid=i","cat":285286},{"id":34178,"n":"Sachet repas chats Purina One Viandes et Poissons - 4x85g","p":2.12,"u":"6,24 €/KG","img":"https://fd9-photos.leclercdrive.fr/image.ashx?id=2467486&use=l&cat=p&typeid=i","cat":285286},{"id":34183,"n":"Tortilla Tables du monde Oignons 500g","p":2.89,"u":"5,78 €/KG","img":"https://fd9-photos.leclercdrive.fr/image.ashx?id=794123&use=l&cat=p&typeid=i","cat":333673},{"id":34185,"n":"Filets poulet jaune Maitre coq 600g","p":7.42,"u":"12,37 €/KG","img":"https://fd9-photos.leclercdrive.fr/image.ashx?id=2551159&use=l&cat=p&typeid=i","cat":284336},{"id":34189,"n":"Poulet Label Rouge Jaune  IGP Volailles du Maine  1,25kg","p":12.15,"u":"9,72 €/KG","img":"https://fd9-photos.leclercdrive.fr/image.ashx?id=2411749&use=l&cat=p&typeid=i","cat":284336},{"id":34196,"n":"Gratin Fleury Michon Choux-fleur jambon 280g","p":3.2,"u":"11,43 €/KG","img":"https://fd9-photos.leclercdrive.fr/image.ashx?id=3003293&use=l&cat=p&typeid=i","cat":333665},{"id":34199,"n":"Filet poulet jaune Douce France x2 - 300g","p":4.29,"u":"14,30 €/KG","img":"https://fd9-photos.leclercdrive.fr/image.ashx?id=2305326&use=l&cat=p&typeid=i","cat":284336},{"id":34204,"n":"Lait corps bio Bio naïa 250ml","p":3.53,"u":"14,12 €/L","img":"https://fd9-photos.leclercdrive.fr/image.ashx?id=2431131&use=l&cat=p&typeid=i","cat":325349},{"id":34241,"n":"Manchons de poulet Côté Croc Barbecue - 250g","p":2.5,"u":"10,00 €/KG","img":"https://fd9-photos.leclercdrive.fr/image.ashx?id=2560482&use=l&cat=p&typeid=i","cat":333685},{"id":34248,"n":"Chocolats Schoko-bons Kinder 500g","p":7.98,"u":"15,96 €/KG","img":"https://fd9-photos.leclercdrive.fr/image.ashx?id=2323799&use=l&cat=p&typeid=i","cat":327592},{"id":34326,"n":"Dosettes café Plantation  Caramel - x10 - 70g","p":1.63,"u":"23,29 €/KG","img":"https://fd9-photos.leclercdrive.fr/image.ashx?id=2824277&use=l&cat=p&typeid=i","cat":293238},{"id":34327,"n":"Dosettes café Plantation Noisette - x10 - 70g","p":1.82,"u":"26,00 €/KG","img":"https://fd9-photos.leclercdrive.fr/image.ashx?id=2664578&use=l&cat=p&typeid=i","cat":293238},{"id":34332,"n":"Vodka Sobieski  37,5%vol - 1L","p":15.41,"u":"15,41 €/L","img":"https://fd9-photos.leclercdrive.fr/image.ashx?id=2948477&use=l&cat=p&typeid=i","cat":284550},{"id":34333,"n":"Boisson à base de vin rosé Very Framboise - 75cl","p":3.11,"u":"4,15 €/L","img":"https://fd9-photos.leclercdrive.fr/image.ashx?id=2446632&use=l&cat=p&typeid=i","cat":304569},{"id":34334,"n":"Boisson à base de vin blanc  Very Pech'- Pêche - 75cl","p":3.25,"u":"4,33 €/L","img":"https://fd9-photos.leclercdrive.fr/image.ashx?id=2443874&use=l&cat=p&typeid=i","cat":304569},{"id":34350,"n":"Shampooing sec Vitanove Cheveux normaux - 150ml","p":1.87,"u":"12,47 €/L","img":"https://fd9-photos.leclercdrive.fr/image.ashx?id=2669720&use=l&cat=p&typeid=i","cat":289143},{"id":34361,"n":"Préparation pain Tablier Blanc Farine pour pain nature - 1kg","p":1.35,"u":"1,35 €/KG","img":"https://fd9-photos.leclercdrive.fr/image.ashx?id=2832951&use=l&cat=p&typeid=i","cat":284503},{"id":34406,"n":"Dosettes café Plantation  Décaféiné - x36 - 250g","p":3.99,"u":"15,96 €/KG","img":"https://fd9-photos.leclercdrive.fr/image.ashx?id=2824274&use=l&cat=p&typeid=i","cat":293238},{"id":34500,"n":"Dosettes café Plantation  Classique - x48 - 336g","p":4.95,"u":"14,73 €/KG","img":"https://fd9-photos.leclercdrive.fr/image.ashx?id=2824271&use=l&cat=p&typeid=i","cat":293238},{"id":34521,"n":"Bière blonde Falsbourg 4.2%vol. - 24x25cl","p":8.55,"u":"1,43 €/L","img":"https://fd9-photos.leclercdrive.fr/image.ashx?id=2637910&use=l&cat=p&typeid=i","cat":334873},{"id":34568,"n":"AOP Corbières rosé St Félix Castelmaure - 75cl","p":4.39,"u":"5,85 €/L","img":"https://fd9-photos.leclercdrive.fr/image.ashx?id=2520434&use=l&cat=p&typeid=i","cat":289558},{"id":34571,"n":"AOP Corse rosé Corsica - 75cl","p":5.92,"u":"7,89 €/L","img":"https://fd9-photos.leclercdrive.fr/image.ashx?id=2857129&use=l&cat=p&typeid=i","cat":289558},{"id":34578,"n":"AOC Pacherenc du Vic Bilh Blanc Carte d'Or Moelleux 75 cl","p":8.5,"u":"11,33 €/L","img":"https://fd9-photos.leclercdrive.fr/image.ashx?id=1928449&use=l&cat=p&typeid=i","cat":289557},{"id":34659,"n":"Mini chinois Epi d'Or Nature x6 - 300g","p":1.8,"u":"6,00 €/KG","img":"https://fd9-photos.leclercdrive.fr/image.ashx?id=2860739&use=l&cat=p&typeid=i","cat":296366},{"id":34660,"n":"Pruneaux d'Agen Couleurs Vives Dénoyautés - 250g","p":2.99,"u":"11,96 €/KG","img":"https://fd9-photos.leclercdrive.fr/image.ashx?id=2093129&use=l&cat=p&typeid=i","cat":284357},{"id":34670,"n":"Oignons jaunes Filière Panier du Primeur Filet 1kg","p":1.99,"u":"1,99 €/KG","img":"https://fd9-photos.leclercdrive.fr/image.ashx?id=2953734&use=l&cat=p&typeid=i","cat":284352},{"id":34671,"n":"Echalote traditionnelle filière Panier du Primeur Filet 250g","p":0.99,"u":"3,96 €/KG","img":"https://fd9-photos.leclercdrive.fr/image.ashx?id=2965500&use=l&cat=p&typeid=i","cat":284352},{"id":34672,"n":"Ail blanc Panier du Primeur A mijoter et à confire x3","p":2.99,"u":"1,00 €/P","img":"https://fd9-photos.leclercdrive.fr/image.ashx?id=2958720&use=l&cat=p&typeid=i","cat":284352},{"id":34679,"n":"Eponges grattantes Mamison Couleurs pop x2","p":1.38,"u":"0,69 €/P","img":"https://fd9-photos.leclercdrive.fr/image.ashx?id=2207724&use=l&cat=p&typeid=i","cat":284667},{"id":34684,"n":"Eponges grattantes Mamison Fibres naturelles X2","p":1.28,"u":"0,64 €/P","img":"https://fd9-photos.leclercdrive.fr/image.ashx?id=2387088&use=l&cat=p&typeid=i","cat":284667},{"id":34694,"n":"Briochettes pépites Epi d'Or Chocolat - x12 500g","p":2.79,"u":"5,58 €/KG","img":"https://fd9-photos.leclercdrive.fr/image.ashx?id=2867910&use=l&cat=p&typeid=i","cat":293505},{"id":34718,"n":"Épinards à cuire Panier Primeur 400g","p":1.99,"u":"4,98 €/KG","img":"https://fd9-photos.leclercdrive.fr/image.ashx?id=2635538&use=l&cat=p&typeid=i","cat":284353},{"id":34813,"n":"Thé Britley Citron - x25 - 40g","p":0.88,"u":"22,00 €/KG","img":"https://fd9-photos.leclercdrive.fr/image.ashx?id=2897784&use=l&cat=p&typeid=i","cat":293233},{"id":34841,"n":"Rillettes Tradilège poulet rôti 220g","p":1.79,"u":"8,14 €/KG","img":"https://fd9-photos.leclercdrive.fr/image.ashx?id=2930924&use=l&cat=p&typeid=i","cat":316008},{"id":34845,"n":"IGP Vinaigre balsamique Maille 50cl","p":3.25,"u":"6,50 €/L","img":"https://fd9-photos.leclercdrive.fr/image.ashx?id=2866178&use=l&cat=p&typeid=i","cat":298543},{"id":34864,"n":"Courge muscade 1kg","p":2.49,"u":"2,49 €/KG","img":"https://fd9-photos.leclercdrive.fr/image.ashx?id=1632042&use=l&cat=p&typeid=i","cat":284352},{"id":34894,"n":"Côte d'agneau *** à griller           x3 - 280g","p":8.99,"u":"32,11 €/KG","img":"https://fd9-photos.leclercdrive.fr/image.ashx?id=667376&use=l&cat=p&typeid=i","cat":284330},{"id":34908,"n":"Fromage frais Petit Yoplait Nature 3.8%MG - 6x60g","p":1.43,"u":"3,97 €/KG","img":"https://fd9-photos.leclercdrive.fr/image.ashx?id=2811026&use=l&cat=p&typeid=i","cat":284409},{"id":34915,"n":"Fromage frais Petit Yoplait Nature 3.8%MG - 12x60g","p":1.96,"u":"2,72 €/KG","img":"https://fd9-photos.leclercdrive.fr/image.ashx?id=2811029&use=l&cat=p&typeid=i","cat":284409},{"id":34919,"n":"Fromage frais Petit Yoplait Nature 0%MG - 12x60g","p":2.35,"u":"3,26 €/KG","img":"https://fd9-photos.leclercdrive.fr/image.ashx?id=2811023&use=l&cat=p&typeid=i","cat":315000},{"id":34943,"n":"Blanc de poulet Fleury Michon rôti à la broche x4 - 120g","p":1.58,"u":"13,17 €/KG","img":"https://fd9-photos.leclercdrive.fr/image.ashx?id=2977288&use=l&cat=p&typeid=i","cat":316010},{"id":34952,"n":"Ratatouille à la Provençale NRT 650g","p":3.3,"u":"5,08 €/KG","img":"https://fd9-photos.leclercdrive.fr/image.ashx?id=2771390&use=l&cat=p&typeid=i","cat":312612},{"id":34971,"n":"Bière ambrée Kwak 33cl","p":2.22,"u":"6,73 €/L","img":"https://fd9-photos.leclercdrive.fr/image.ashx?id=1881584&use=l&cat=p&typeid=i","cat":334872},{"id":34973,"n":"Bière Trois Monts Grande réserve 9.5%vol. - 75cl","p":2.92,"u":"3,89 €/L","img":"https://fd9-photos.leclercdrive.fr/image.ashx?id=2548376&use=l&cat=p&typeid=i","cat":334852},{"id":34975,"n":"Bière Cuvée des Trolls Blonde - 7.5%vol. - 75cl","p":4.59,"u":"6,12 €/L","img":"https://fd9-photos.leclercdrive.fr/image.ashx?id=2611083&use=l&cat=p&typeid=i","cat":334872},{"id":34982,"n":"Bûche chèvre Soignon 200g","p":2.31,"u":"11,55 €/KG","img":"https://fd9-photos.leclercdrive.fr/image.ashx?id=2995325&use=l&cat=p&typeid=i","cat":314031},{"id":34989,"n":"Cuisse de canard Volandrie 350g","p":3.35,"u":"9,57 €/KG","img":"https://fd9-photos.leclercdrive.fr/image.ashx?id=2396930&use=l&cat=p&typeid=i","cat":284339},{"id":35006,"n":"Aiguillettes canard Volandrie 210g","p":4.85,"u":"23,10 €/KG","img":"https://fd9-photos.leclercdrive.fr/image.ashx?id=2358351&use=l&cat=p&typeid=i","cat":284339},{"id":35008,"n":"Céréales Special K Kellogg's Nature - 750g","p":4.4,"u":"5,87 €/KG","img":"https://fd9-photos.leclercdrive.fr/image.ashx?id=2586288&use=l&cat=p&typeid=i","cat":309512},{"id":35010,"n":"Mélange safran Ducros 14 doses -  8.4g","p":3.3,"u":"412,50 €/KG","img":"https://fd9-photos.leclercdrive.fr/image.ashx?id=2486590&use=l&cat=p&typeid=i","cat":298297},{"id":35018,"n":"Bouillon de poule Jardin Bio' Bio cube sans huile palme - x8","p":1.52,"u":"19,00 €/KG","img":"https://fd9-photos.leclercdrive.fr/image.ashx?id=2535004&use=l&cat=p&typeid=i","cat":288379},{"id":35025,"n":"Infusion bio Jardin Bio' Verveine citronée x20 28g","p":2.45,"u":"87,50 €/KG","img":"https://fd9-photos.leclercdrive.fr/image.ashx?id=2985312&use=l&cat=p&typeid=i","cat":293234},{"id":35026,"n":"Concentré de tomate Jardin Bio Bio Double concentré - 200g","p":1.64,"u":"8,20 €/KG","img":"https://fd9-photos.leclercdrive.fr/image.ashx?id=2535469&use=l&cat=p&typeid=i","cat":288384},{"id":35027,"n":"Dessert fruitier bio Jardin Bio Pomme poire 680g","p":2.4,"u":"3,53 €/KG","img":"https://fd9-photos.leclercdrive.fr/image.ashx?id=2939877&use=l&cat=p&typeid=i","cat":284508},{"id":35031,"n":"Batonnets Fritelle Lay's Goût nature - 80g","p":0.82,"u":"10,25 €/KG","img":"https://fd9-photos.leclercdrive.fr/image.ashx?id=2140635&use=l&cat=p&typeid=i","cat":284449},{"id":35034,"n":"Eau minérale gazeuse Perrier  Canettes - 6x33cl","p":2.89,"u":"1,46 €/L","img":"https://fd9-photos.leclercdrive.fr/image.ashx?id=2672554&use=l&cat=p&typeid=i","cat":284536},{"id":35039,"n":"Dosettes café Plantation Corsé - x48 - 336g","p":4.95,"u":"14,73 €/KG","img":"https://fd9-photos.leclercdrive.fr/image.ashx?id=2622115&use=l&cat=p&typeid=i","cat":293238},{"id":35047,"n":"Vodka Novotna Pure grain - 37.5%vol - 50cl","p":8.67,"u":"17,34 €/L","img":"https://fd9-photos.leclercdrive.fr/image.ashx?id=1654468&use=l&cat=p&typeid=i","cat":284550},{"id":35108,"n":"Bière blonde Affligem 6,7%vol. - 12x25cl","p":8.91,"u":"2,97 €/L","img":"https://fd9-photos.leclercdrive.fr/image.ashx?id=2639405&use=l&cat=p&typeid=i","cat":334852},{"id":35117,"n":"Riste d'aubergines provençale NRT - 650g","p":3.99,"u":"6,14 €/KG","img":"https://fd9-photos.leclercdrive.fr/image.ashx?id=2771387&use=l&cat=p&typeid=i","cat":284441},{"id":35138,"n":"Yaourt SMARTIES Vanille bonbons chocolat 4x120g","p":2.51,"u":"5,23 €/KG","img":"https://fd9-photos.leclercdrive.fr/image.ashx?id=2571038&use=l&cat=p&typeid=i","cat":284414},{"id":35146,"n":"Fromages râpé spécial Pizza  Les Croisés - 125g","p":1.62,"u":"12,96 €/KG","img":"https://fd9-photos.leclercdrive.fr/image.ashx?id=2946175&use=l&cat=p&typeid=i","cat":314035},{"id":35147,"n":"Fromage Cheddar Burger Les Croisés 20 Tranches - 340g","p":1.99,"u":"5,85 €/KG","img":"https://fd9-photos.leclercdrive.fr/image.ashx?id=2946844&use=l&cat=p&typeid=i","cat":314028},{"id":35148,"n":"Fromage Emmental Croque Les Croisés 20 Tranches - 340g","p":2.01,"u":"5,91 €/KG","img":"https://fd9-photos.leclercdrive.fr/image.ashx?id=2946847&use=l&cat=p&typeid=i","cat":314028},{"id":35155,"n":"Tablette de chocolat noir Lindt Fleur de sel - 100g","p":2.24,"u":"22,40 €/KG","img":"https://fd9-photos.leclercdrive.fr/image.ashx?id=2681595&use=l&cat=p&typeid=i","cat":284956},{"id":35159,"n":"Croco Haribo Sachet bonbons - 280g","p":1.38,"u":"4,93 €/KG","img":"https://fd9-photos.leclercdrive.fr/image.ashx?id=2446467&use=l&cat=p&typeid=i","cat":304250},{"id":35160,"n":"Croissants Pasquier x16 - 640g","p":3.83,"u":"5,98 €/KG","img":"https://fd9-photos.leclercdrive.fr/image.ashx?id=2853056&use=l&cat=p&typeid=i","cat":296366},{"id":35182,"n":"Boisson énergisante Monster Original - 50cl","p":1.32,"u":"2,64 €/L","img":"https://fd9-photos.leclercdrive.fr/image.ashx?id=2510163&use=l&cat=p&typeid=i","cat":284533},{"id":35183,"n":"Boisson énergisante Monster Original Canette - 4x50cl","p":5.38,"u":"2,69 €/L","img":"https://fd9-photos.leclercdrive.fr/image.ashx?id=2210242&use=l&cat=p&typeid=i","cat":284533},{"id":35185,"n":"Eau aromatisée Volvic Juicy Citronnade - 1,5L","p":1.39,"u":"0,93 €/L","img":"https://fd9-photos.leclercdrive.fr/image.ashx?id=3011008&use=l&cat=p&typeid=i","cat":284537},{"id":35210,"n":"Croissants pur beurre       2p","p":1.95,"u":"0,98 €/P","img":"https://fd9-photos.leclercdrive.fr/image.ashx?id=572842&use=l&cat=p&typeid=i","cat":284984},{"id":35212,"n":"Chaussons aux pommes  2p","p":2.1,"u":"1,05 €/P","img":"https://fd9-photos.leclercdrive.fr/image.ashx?id=2071022&use=l&cat=p&typeid=i","cat":284984},{"id":35225,"n":"Rillettes Hénaff Pur porc - 3x78g","p":3.53,"u":"15,09 €/KG","img":"https://fd9-photos.leclercdrive.fr/image.ashx?id=2660856&use=l&cat=p&typeid=i","cat":305149},{"id":35262,"n":"yaourt aux fruits bifidus activia 0%mg - 12x125g","p":4.9,"u":"3,27 €/KG","img":"https://fd9-photos.leclercdrive.fr/image.ashx?id=2741697&use=l&cat=p&typeid=i","cat":315000},{"id":35274,"n":"Cervelas Supérieur Herta 200g","p":1.74,"u":"8,70 €/KG","img":"https://fd9-photos.leclercdrive.fr/image.ashx?id=2310281&use=l&cat=p&typeid=i","cat":316012},{"id":35285,"n":"Petits muffins Bonne Maman Chocolat - 235g","p":2.43,"u":"10,34 €/KG","img":"https://fd9-photos.leclercdrive.fr/image.ashx?id=2744052&use=l&cat=p&typeid=i","cat":284495},{"id":35296,"n":"Filet poulet Tradilège rôti sans nitrite 4 tranches - 120g","p":1.89,"u":"15,75 €/KG","img":"https://fd9-photos.leclercdrive.fr/image.ashx?id=2925747&use=l&cat=p&typeid=i","cat":316010},{"id":35309,"n":"Beurre Tendre Elle&Vire Doux - 82% MG - 250g","p":2.84,"u":"11,36 €/KG","img":"https://fd9-photos.leclercdrive.fr/image.ashx?id=2765629&use=l&cat=p&typeid=i","cat":284379},{"id":35333,"n":"Bain de bouche Sanogyl Multi Protection - 500ml","p":4.65,"u":"9,30 €/L","img":"https://fd9-photos.leclercdrive.fr/image.ashx?id=2638256&use=l&cat=p&typeid=i","cat":284613},{"id":35398,"n":"Eau Micellaire Garnier Peaux Sensibles - 400ml","p":2.78,"u":"6,95 €/L","img":"https://fd9-photos.leclercdrive.fr/image.ashx?id=2926593&use=l&cat=p&typeid=i","cat":284603},{"id":35425,"n":"Déodorant spray Monsavon Fleur de cerisier - 100ml","p":2.66,"u":"26,60 €/L","img":"https://fd9-photos.leclercdrive.fr/image.ashx?id=2904628&use=l&cat=p&typeid=i","cat":284595},{"id":35450,"n":"Recharge Savon Mains Dettol Aloe Vera Hydratant 250ml","p":3.02,"u":"12,08 €/L","img":"https://fd9-photos.leclercdrive.fr/image.ashx?id=2879134&use=l&cat=p&typeid=i","cat":284597},{"id":35479,"n":"Déodorant Bille Femme Nivea Black&White Original - 50ml","p":2.23,"u":"44,60 €/L","img":"https://fd9-photos.leclercdrive.fr/image.ashx?id=2985471&use=l&cat=p&typeid=i","cat":284595},{"id":35503,"n":"Gel à raser Williams Peaux sensibles 200ml","p":2.62,"u":"13,10 €/L","img":"https://fd9-photos.leclercdrive.fr/image.ashx?id=1966625&use=l&cat=p&typeid=i","cat":284617},{"id":35646,"n":"Bière blonde Falsbourg Canette - 4.2%vol. - 50cl","p":0.69,"u":"1,38 €/L","img":"https://fd9-photos.leclercdrive.fr/image.ashx?id=2637904&use=l&cat=p&typeid=i","cat":334853},{"id":35648,"n":"Boudin blanc Tradilège Aux morilles x3 - 375g","p":2.99,"u":"7,97 €/KG","img":"https://fd9-photos.leclercdrive.fr/image.ashx?id=3002839&use=l&cat=p&typeid=i","cat":316012},{"id":35716,"n":"Gourdes Goûters lactés Délisse Vanille - 4x85g","p":1.81,"u":"5,32 €/KG","img":"https://fd9-photos.leclercdrive.fr/image.ashx?id=2681427&use=l&cat=p&typeid=i","cat":284506},{"id":35722,"n":"Cocktail Mojito Saint James 14.9%vol - 70cl","p":6.81,"u":"9,73 €/L","img":"https://fd9-photos.leclercdrive.fr/image.ashx?id=2983174&use=l&cat=p&typeid=i","cat":284551},{"id":35723,"n":"Liqueur Curaçao bleu Giffard 25%vol. - 50cl","p":7.19,"u":"14,38 €/L","img":"https://fd9-photos.leclercdrive.fr/image.ashx?id=1650446&use=l&cat=p&typeid=i","cat":286032},{"id":35728,"n":"Spécialité au soja Nat & Vie Framboise-passion 4x100g","p":1.42,"u":"3,55 €/KG","img":"https://fd9-photos.leclercdrive.fr/image.ashx?id=2901455&use=l&cat=p&typeid=i","cat":316071},{"id":35729,"n":"Tiramisu Délisse Au café - 4x80g","p":2.49,"u":"7,78 €/KG","img":"https://fd9-photos.leclercdrive.fr/image.ashx?id=2711604&use=l&cat=p&typeid=i","cat":284419},{"id":35730,"n":"Crème dessert Délisse Vanille Billes 3 chocolats 4x117g","p":2.15,"u":"4,59 €/KG","img":"https://fd9-photos.leclercdrive.fr/image.ashx?id=2965503&use=l&cat=p&typeid=i","cat":285041},{"id":35731,"n":"Crème dessert Chocolat Délisse Mix'n croc color 4x120g","p":2.09,"u":"4,35 €/KG","img":"https://fd9-photos.leclercdrive.fr/image.ashx?id=2965506&use=l&cat=p&typeid=i","cat":285041},{"id":35760,"n":"Céréales Miel Pops Kellogg's 620g","p":3.44,"u":"5,55 €/KG","img":"https://fd9-photos.leclercdrive.fr/image.ashx?id=2596952&use=l&cat=p&typeid=i","cat":309513},{"id":35761,"n":"Céréales Frosties Kellogg's 620g","p":3.43,"u":"5,53 €/KG","img":"https://fd9-photos.leclercdrive.fr/image.ashx?id=2589768&use=l&cat=p&typeid=i","cat":309513},{"id":35784,"n":"Bière triple Maredsous Blonde - 10%vol. - 33cl","p":2.14,"u":"6,48 €/L","img":"https://fd9-photos.leclercdrive.fr/image.ashx?id=2371278&use=l&cat=p&typeid=i","cat":334872},{"id":35785,"n":"Bière belge Rince Cochon Fruits rouges - 7.5%vol. - 50cl","p":1.87,"u":"3,74 €/L","img":"https://fd9-photos.leclercdrive.fr/image.ashx?id=1741472&use=l&cat=p&typeid=i","cat":334853},{"id":35788,"n":"Café Soluble Nescafé 200g","p":5.81,"u":"29,05 €/KG","img":"https://fd9-photos.leclercdrive.fr/image.ashx?id=2810627&use=l&cat=p&typeid=i","cat":284843},{"id":35790,"n":"Nettoyant ménager Uni Vert Multi-surfaces 1L","p":1.53,"u":"1,53 €/L","img":"https://fd9-photos.leclercdrive.fr/image.ashx?id=2520837&use=l&cat=p&typeid=i","cat":284907},{"id":35791,"n":"Flammekueche d'Alsace NRT 600g","p":4.35,"u":"7,25 €/KG","img":"https://fd9-photos.leclercdrive.fr/image.ashx?id=2743894&use=l&cat=p&typeid=i","cat":333680},{"id":35815,"n":"Matière grasse St Hubert  Omega 3 - 52% MG - 255g","p":2.15,"u":"8,43 €/KG","img":"https://fd9-photos.leclercdrive.fr/image.ashx?id=2734093&use=l&cat=p&typeid=i","cat":315229},{"id":35816,"n":"Matière grasse St Hubert Omega3 52% MG - demi-sel - 255g","p":2.25,"u":"8,82 €/KG","img":"https://fd9-photos.leclercdrive.fr/image.ashx?id=2734096&use=l&cat=p&typeid=i","cat":315229},{"id":35820,"n":"Liquide pour cuisson Rustica végétal - 500ml","p":2.09,"u":"4,18 €/L","img":"https://fd9-photos.leclercdrive.fr/image.ashx?id=2903950&use=l&cat=p&typeid=i","cat":315229},{"id":35823,"n":"Roquefort AOP en portions Les Croisés - 25gx4 -100g","p":2.31,"u":"23,10 €/KG","img":"https://fd9-photos.leclercdrive.fr/image.ashx?id=2645945&use=l&cat=p&typeid=i","cat":314032},{"id":35825,"n":"Fromage Pavé d'Affinois Original - 200g","p":2.55,"u":"12,75 €/KG","img":"https://fd9-photos.leclercdrive.fr/image.ashx?id=3002078&use=l&cat=p&typeid=i","cat":314033},{"id":35830,"n":"Yaourt La Laitière   Fruits panachés - 8x125g","p":3.89,"u":"3,89 €/KG","img":"https://fd9-photos.leclercdrive.fr/image.ashx?id=2744590&use=l&cat=p&typeid=i","cat":286006},{"id":35833,"n":"Yaourt La Laitière Citron - 4x125g","p":2.03,"u":"4,06 €/KG","img":"https://fd9-photos.leclercdrive.fr/image.ashx?id=2904065&use=l&cat=p&typeid=i","cat":286006},{"id":35906,"n":"Gourdes Goûters lactés Délisse Chocolat - 4x85g","p":1.75,"u":"5,15 €/KG","img":"https://fd9-photos.leclercdrive.fr/image.ashx?id=2681424&use=l&cat=p&typeid=i","cat":284506},{"id":35908,"n":"Cassoulet mitonné   William Saurin - 420g","p":1.96,"u":"4,67 €/KG","img":"https://fd9-photos.leclercdrive.fr/image.ashx?id=2890151&use=l&cat=p&typeid=i","cat":284441},{"id":35909,"n":"Test de grossesse Medicaid 1 pièce","p":0.96,"img":"https://fd9-photos.leclercdrive.fr/image.ashx?id=2432758&use=l&cat=p&typeid=i","cat":324482},{"id":35919,"n":"Jus de raisin Jafaden Briquettes - 6x20cl","p":2.46,"u":"2,05 €/L","img":"https://fd9-photos.leclercdrive.fr/image.ashx?id=2989935&use=l&cat=p&typeid=i","cat":284915},{"id":35921,"n":"Pur jus de pomme Jafaden 1,5L","p":1.54,"u":"1,03 €/L","img":"https://fd9-photos.leclercdrive.fr/image.ashx?id=1936641&use=l&cat=p&typeid=i","cat":284522},{"id":35922,"n":"Bière blonde Forte Extra Strong Canette - 10%vol - 50cl","p":1.19,"u":"2,38 €/L","img":"https://fd9-photos.leclercdrive.fr/image.ashx?id=2928004&use=l&cat=p&typeid=i","cat":334853},{"id":35924,"n":"Cocktail Punch planteur Lagoa 15%vol - 70cl","p":4.29,"u":"6,13 €/L","img":"https://fd9-photos.leclercdrive.fr/image.ashx?id=2958338&use=l&cat=p&typeid=i","cat":284551},{"id":35927,"n":"Cocktail Mojito Lagoa 15%vol - 70cl","p":4.99,"u":"7,13 €/L","img":"https://fd9-photos.leclercdrive.fr/image.ashx?id=2958344&use=l&cat=p&typeid=i","cat":284551},{"id":35955,"n":"Magret de canard Périgord Nos Régions ont du Talent 410g","p":9.85,"u":"24,02 €/KG","img":"https://fd9-photos.leclercdrive.fr/image.ashx?id=2867925&use=l&cat=p&typeid=i","cat":284339},{"id":36009,"n":"Bâtonnets Trium Vanille Amandes x4 - 314g","p":2.05,"u":"6,53 €/KG","img":"https://fd9-photos.leclercdrive.fr/image.ashx?id=2051813&use=l&cat=p&typeid=i","cat":284265},{"id":36010,"n":"Bâtonnets Trium Vanille chocolat blanc x4 -308g","p":2.59,"u":"8,41 €/KG","img":"https://fd9-photos.leclercdrive.fr/image.ashx?id=2920776&use=l&cat=p&typeid=i","cat":284265},{"id":36037,"n":"Crème UHT Elle&Vire Fluide Entière - 30% MG - 3x20cl","p":3.1,"u":"5,17 €/L","img":"https://fd9-photos.leclercdrive.fr/image.ashx?id=3008551&use=l&cat=p&typeid=i","cat":284381},{"id":36039,"n":"Crème légère fluide UHT Délisse 12%mg - 3x20cl","p":1.84,"u":"3,07 €/L","img":"https://fd9-photos.leclercdrive.fr/image.ashx?id=2905904&use=l&cat=p&typeid=i","cat":284381},{"id":36040,"n":"Spécialité laitière UHT Délisse Semi-épaisse 4%mg - 3x20cl","p":2.21,"u":"3,68 €/L","img":"https://fd9-photos.leclercdrive.fr/image.ashx?id=3002599&use=l&cat=p&typeid=i","cat":284381},{"id":36041,"n":"Crème semi-épaisse entière UHT Délisse 30%mg - 3x20cl","p":3.5,"u":"5,83 €/L","img":"https://fd9-photos.leclercdrive.fr/image.ashx?id=2494099&use=l&cat=p&typeid=i","cat":284381},{"id":36124,"n":"Haricots blancs Notre Jardin - 500g","p":1.03,"u":"2,06 €/KG","img":"https://fd9-photos.leclercdrive.fr/image.ashx?id=2988072&use=l&cat=p&typeid=i","cat":312606},{"id":36125,"n":"Haricots blancs Notre Jardin 250g","p":0.85,"u":"3,40 €/KG","img":"https://fd9-photos.leclercdrive.fr/image.ashx?id=3002602&use=l&cat=p&typeid=i","cat":312606},{"id":36191,"n":"Allumettes fumées Tradilège VPF 2x75g","p":1.59,"u":"10,60 €/KG","img":"https://fd9-photos.leclercdrive.fr/image.ashx?id=2943680&use=l&cat=p&typeid=i","cat":316011},{"id":36193,"n":"Dés de jambon Tradilège -25% de sel - 2x75g","p":1.5,"u":"10,00 €/KG","img":"https://fd9-photos.leclercdrive.fr/image.ashx?id=2925750&use=l&cat=p&typeid=i","cat":316011},{"id":36195,"n":"Emincés de poulet Tradilège Rôti - Maxi format 2x125g","p":3.59,"u":"14,36 €/KG","img":"https://fd9-photos.leclercdrive.fr/image.ashx?id=2994372&use=l&cat=p&typeid=i","cat":316011},{"id":36197,"n":"Truite fumée Landvika Mini tranches - 100g","p":2.71,"u":"27,10 €/KG","img":"https://fd9-photos.leclercdrive.fr/image.ashx?id=2159415&use=l&cat=p&typeid=i","cat":285188},{"id":36199,"n":"Bougies Eco+ Blanche x10","p":2.97,"img":"https://fd9-photos.leclercdrive.fr/image.ashx?id=2635547&use=l&cat=p&typeid=i","cat":335913},{"id":36200,"n":"Coton Démaquillant Eco+ Prédécoupé - 200g","p":1.57,"u":"7,85 €/KG","img":"https://fd9-photos.leclercdrive.fr/image.ashx?id=2724535&use=l&cat=p&typeid=i","cat":285593},{"id":36202,"n":"Recharge crème lavante Eco+ Amande miel - 750ml","p":1.11,"u":"1,48 €/L","img":"https://fd9-photos.leclercdrive.fr/image.ashx?id=2933295&use=l&cat=p&typeid=i","cat":284597},{"id":36204,"n":"Crème lavante Eco+ Amande miel 750ml","p":1.33,"u":"1,77 €/L","img":"https://fd9-photos.leclercdrive.fr/image.ashx?id=2931938&use=l&cat=p&typeid=i","cat":284597},{"id":36205,"n":"Recharge crème lavante Eco+ Fleuri - 750ml","p":1.11,"u":"1,48 €/L","img":"https://fd9-photos.leclercdrive.fr/image.ashx?id=2920903&use=l&cat=p&typeid=i","cat":284597},{"id":36206,"n":"Mousse à raser hydratante Eco+ Peaux normales - 300ml","p":0.9,"u":"3,00 €/L","img":"https://fd9-photos.leclercdrive.fr/image.ashx?id=2422683&use=l&cat=p&typeid=i","cat":284617},{"id":36267,"n":"Noix St Jacques NRT de Normandie - 300g","p":16.95,"u":"56,50 €/KG","img":"https://fd9-photos.leclercdrive.fr/image.ashx?id=2699819&use=l&cat=p&typeid=i","cat":319787},{"id":36270,"n":"Soufflés ExtraTerrestres Tokapi Salé - 80g","p":0.79,"u":"9,88 €/KG","img":"https://fd9-photos.leclercdrive.fr/image.ashx?id=1932960&use=l&cat=p&typeid=i","cat":284449},{"id":36310,"n":"Shampooing Nateïs Argile Pamplemousse - 250ml","p":1.39,"u":"5,56 €/L","img":"https://fd9-photos.leclercdrive.fr/image.ashx?id=2358697&use=l&cat=p&typeid=i","cat":284606},{"id":36311,"n":"Shampooing Nateïs Huile d'argan - 250ml","p":1.29,"u":"5,16 €/L","img":"https://fd9-photos.leclercdrive.fr/image.ashx?id=2652906&use=l&cat=p&typeid=i","cat":284606},{"id":36313,"n":"Shampooing extra-doux Nateïs Karité / Huile d'avocat - 250ml","p":1.39,"u":"5,56 €/L","img":"https://fd9-photos.leclercdrive.fr/image.ashx?id=2345559&use=l&cat=p&typeid=i","cat":284606},{"id":36314,"n":"Shampooing Nateïs Fleur de tilleul pomme verte - 250ml","p":1.27,"u":"5,08 €/L","img":"https://fd9-photos.leclercdrive.fr/image.ashx?id=2369645&use=l&cat=p&typeid=i","cat":284606},{"id":36317,"n":"Dessert fruitier pomme Douceur Verger s/sucre 8x100g","p":1.99,"u":"2,49 €/KG","img":"https://fd9-photos.leclercdrive.fr/image.ashx?id=3012406&use=l&cat=p&typeid=i","cat":284416},{"id":36346,"n":"Rondelé au Bleu d'Aveyron 125g","p":1.86,"u":"14,88 €/KG","img":"https://fd9-photos.leclercdrive.fr/image.ashx?id=2877751&use=l&cat=p&typeid=i","cat":314029},{"id":36347,"n":"Rondelé aux Noix 125g","p":1.77,"u":"14,16 €/KG","img":"https://fd9-photos.leclercdrive.fr/image.ashx?id=2967732&use=l&cat=p&typeid=i","cat":314029},{"id":36349,"n":"Aluminium rouleau Alfapac Gaufré - 50m - 1 pièce","p":6.89,"img":"https://fd9-photos.leclercdrive.fr/image.ashx?id=2918691&use=l&cat=p&typeid=i","cat":334134},{"id":36388,"n":"Bière ambrée corse Pietra 6° - 6x25cl","p":8.64,"u":"5,76 €/L","img":"https://fd9-photos.leclercdrive.fr/image.ashx?id=3011464&use=l&cat=p&typeid=i","cat":334872},{"id":36394,"n":"Yaourt aromatisé aux Fruits Panachés Frulos - 16x125g","p":3.33,"u":"1,67 €/KG","img":"https://fd9-photos.leclercdrive.fr/image.ashx?id=2799895&use=l&cat=p&typeid=i","cat":286006},{"id":36395,"n":"Yaourt Nature Sucré Yoplait - 12x125g","p":2.75,"u":"1,83 €/KG","img":"https://fd9-photos.leclercdrive.fr/image.ashx?id=2796827&use=l&cat=p&typeid=i","cat":284409},{"id":36396,"n":"Gâteau fourré Mini BN Chocolat 175g","p":1.87,"u":"10,69 €/KG","img":"https://fd9-photos.leclercdrive.fr/image.ashx?id=2746854&use=l&cat=p&typeid=i","cat":284488},{"id":36397,"n":"Biscuits Mini BN Goûter à la fraise - 175g","p":1.88,"u":"10,74 €/KG","img":"https://fd9-photos.leclercdrive.fr/image.ashx?id=2748212&use=l&cat=p&typeid=i","cat":284489},{"id":36399,"n":"Pizza La Pizz Sodebo Chèvre lardons - 470g","p":3.27,"u":"6,96 €/KG","img":"https://fd9-photos.leclercdrive.fr/image.ashx?id=2851494&use=l&cat=p&typeid=i","cat":333679},{"id":36401,"n":"Pizza Dolce Sodebo 4 fromaggi - 380g","p":3.82,"u":"10,05 €/KG","img":"https://fd9-photos.leclercdrive.fr/image.ashx?id=2921636&use=l&cat=p&typeid=i","cat":333679},{"id":36402,"n":"Pizza Dolce Sodebo Prosciutto Jambon Mozza - 400g","p":3.68,"u":"9,20 €/KG","img":"https://fd9-photos.leclercdrive.fr/image.ashx?id=2919277&use=l&cat=p&typeid=i","cat":333679},{"id":36403,"n":"Pizza Dolce Sodebo Campanella Jambon Speck - 380g","p":3.74,"u":"9,84 €/KG","img":"https://fd9-photos.leclercdrive.fr/image.ashx?id=2921639&use=l&cat=p&typeid=i","cat":333679},{"id":36404,"n":"Pizza Dolce Sodebo Regina Jambon Champignons 400g","p":3.82,"u":"9,55 €/KG","img":"https://fd9-photos.leclercdrive.fr/image.ashx?id=3008251&use=l&cat=p&typeid=i","cat":333679},{"id":36412,"n":"Compote Douceur du Verger Coupelle pomme - 16x100g","p":3.09,"u":"1,93 €/KG","img":"https://fd9-photos.leclercdrive.fr/image.ashx?id=2663512&use=l&cat=p&typeid=i","cat":284508},{"id":36414,"n":"Compote Douceur du Verger Coupelle pomme - 8x100g","p":1.89,"u":"2,36 €/KG","img":"https://fd9-photos.leclercdrive.fr/image.ashx?id=2663506&use=l&cat=p&typeid=i","cat":284508},{"id":36416,"n":"Compote Douceur du Verger Coupelle pomme rhubarbe -4x100g","p":1.3,"u":"3,25 €/KG","img":"https://fd9-photos.leclercdrive.fr/image.ashx?id=2663521&use=l&cat=p&typeid=i","cat":284508},{"id":36417,"n":"Compote Douceur du Verger Gourdes multivariétés - 4x90g","p":1.69,"u":"4,69 €/KG","img":"https://fd9-photos.leclercdrive.fr/image.ashx?id=2805030&use=l&cat=p&typeid=i","cat":284508},{"id":36418,"n":"Compote Douceur du Verger Gourdes Pomme Poire - 4x90g","p":1.49,"u":"4,14 €/KG","img":"https://fd9-photos.leclercdrive.fr/image.ashx?id=2837054&use=l&cat=p&typeid=i","cat":284508},{"id":36419,"n":"Compote Douceur du Verger Coupelle pomme - 4x100g","p":0.99,"u":"2,48 €/KG","img":"https://fd9-photos.leclercdrive.fr/image.ashx?id=2663524&use=l&cat=p&typeid=i","cat":284508},{"id":36437,"n":"Friandises pour chien Lydog Assortiment sticks - x15 126g","p":1.33,"u":"10,56 €/KG","img":"https://fd9-photos.leclercdrive.fr/image.ashx?id=1947271&use=l&cat=p&typeid=i","cat":294527},{"id":36438,"n":"Sticks dentaires Lydog Petit chien - x7 110g","p":0.99,"u":"9,00 €/KG","img":"https://fd9-photos.leclercdrive.fr/image.ashx?id=2984498&use=l&cat=p&typeid=i","cat":294527},{"id":36440,"n":"Sticks dentaires Lydog Grand chien - x7 - 270g","p":2.09,"u":"7,74 €/KG","img":"https://fd9-photos.leclercdrive.fr/image.ashx?id=1947274&use=l&cat=p&typeid=i","cat":294527},{"id":36441,"n":"Aiguillettes poulet Tradilège Rôti - 2x75g","p":2.02,"u":"13,47 €/KG","img":"https://fd9-photos.leclercdrive.fr/image.ashx?id=2930781&use=l&cat=p&typeid=i","cat":316011},{"id":36445,"n":"Râpé de jambon Tradilège Fumé - 150g","p":1.79,"u":"11,93 €/KG","img":"https://fd9-photos.leclercdrive.fr/image.ashx?id=2970468&use=l&cat=p&typeid=i","cat":316011},{"id":36454,"n":"Pastilles NRT  Du Bassin de Vichy - 230g","p":0.98,"u":"4,26 €/KG","img":"https://fd9-photos.leclercdrive.fr/image.ashx?id=1646510&use=l&cat=p&typeid=i","cat":304252},{"id":36475,"n":"Thé glacé Fresh Tea Pêche - 6x25cl","p":2.85,"u":"1,90 €/L","img":"https://fd9-photos.leclercdrive.fr/image.ashx?id=2622263&use=l&cat=p&typeid=i","cat":295019},{"id":36633,"n":"Glace Cône Nestlé Extrême Crème brulée x6 - 426g","p":3.22,"u":"7,56 €/KG","img":"https://fd9-photos.leclercdrive.fr/image.ashx?id=2831672&use=l&cat=p&typeid=i","cat":284264},{"id":36649,"n":"Infusion Tiséa pomme cannelle 25 sachets 55g","p":1.38,"u":"25,09 €/KG","img":"https://fd9-photos.leclercdrive.fr/image.ashx?id=2469562&use=l&cat=p&typeid=i","cat":293234},{"id":36650,"n":"Barres céréales Bio Village Bio Fraise x6 125g","p":1.79,"u":"14,32 €/KG","img":"https://fd9-photos.leclercdrive.fr/image.ashx?id=2807306&use=l&cat=p&typeid=i","cat":285869},{"id":36651,"n":"Barres céréales Bio Village Bio Chocolat noir x6 125g","p":1.95,"u":"15,60 €/KG","img":"https://fd9-photos.leclercdrive.fr/image.ashx?id=2807309&use=l&cat=p&typeid=i","cat":285869},{"id":36656,"n":"Soupe liquide Liebig  Velouté 10 légumes - Brique 1L","p":1.68,"u":"1,68 €/L","img":"https://fd9-photos.leclercdrive.fr/image.ashx?id=2892133&use=l&cat=p&typeid=i","cat":284462},{"id":36658,"n":"Soupe liquide Liebig  Mouliné 10 légumes - Brique 1L","p":1.69,"u":"1,69 €/L","img":"https://fd9-photos.leclercdrive.fr/image.ashx?id=2651396&use=l&cat=p&typeid=i","cat":284462},{"id":36672,"n":"Repas Babybio Bio Dinde haricots verts 230g","p":1.78,"u":"7,74 €/KG","img":"https://fd9-photos.leclercdrive.fr/image.ashx?id=2859353&use=l&cat=p&typeid=i","cat":312237},{"id":36704,"n":"Sucre en morceaux Daddy Demi-morceaux rond - 750g","p":1.47,"u":"1,96 €/KG","img":"https://fd9-photos.leclercdrive.fr/image.ashx?id=2907947&use=l&cat=p&typeid=i","cat":284502},{"id":36706,"n":"Sucre glace Daddy Sachet 1kg","p":2.78,"u":"2,78 €/KG","img":"https://fd9-photos.leclercdrive.fr/image.ashx?id=2973589&use=l&cat=p&typeid=i","cat":284502},{"id":36710,"n":"Sucre canne Béghin Say Pure - en morceaux - 750g","p":2.62,"u":"3,49 €/KG","img":"https://fd9-photos.leclercdrive.fr/image.ashx?id=2948830&use=l&cat=p&typeid=i","cat":284502},{"id":36711,"n":"Sucre cassonade Béghin Say En poudre - 750g","p":2.54,"u":"3,39 €/KG","img":"https://fd9-photos.leclercdrive.fr/image.ashx?id=2949928&use=l&cat=p&typeid=i","cat":284502},{"id":36714,"n":"Sucre en poudre Saint Louis 1kg","p":2.09,"u":"2,09 €/KG","img":"https://fd9-photos.leclercdrive.fr/image.ashx?id=2624242&use=l&cat=p&typeid=i","cat":284502},{"id":36720,"n":"Haricots blancs à la tomate 400 g","p":0.75,"u":"1,88 €/KG","img":"https://fd9-photos.leclercdrive.fr/image.ashx?id=2988078&use=l&cat=p&typeid=i","cat":312606},{"id":36721,"n":"Lait chat et chaton Whiskas 3x200ml","p":2.86,"u":"4,77 €/L","img":"https://fd9-photos.leclercdrive.fr/image.ashx?id=2759670&use=l&cat=p&typeid=i","cat":285285},{"id":36756,"n":"Haricots Blancs à la tomate 800g","p":1.08,"u":"1,35 €/KG","img":"https://fd9-photos.leclercdrive.fr/image.ashx?id=2988075&use=l&cat=p&typeid=i","cat":312606},{"id":36811,"n":"Chewing-gum Freedent Fraise 5x10 dragées 70g","p":2.21,"u":"31,57 €/KG","img":"https://fd9-photos.leclercdrive.fr/image.ashx?id=2325485&use=l&cat=p&typeid=i","cat":304251},{"id":36819,"n":"Chocolat Noir After Eight Fourré Menthe - 300g","p":4.64,"u":"15,47 €/KG","img":"https://fd9-photos.leclercdrive.fr/image.ashx?id=2348782&use=l&cat=p&typeid=i","cat":284499},{"id":36821,"n":"Biscuits M&M's  x10 - 198g","p":2.23,"u":"11,26 €/KG","img":"https://fd9-photos.leclercdrive.fr/image.ashx?id=2148416&use=l&cat=p&typeid=i","cat":284488},{"id":36834,"n":"BB Crème teintée clair Inell  Hydratante 5en1 - 50ml","p":3.45,"u":"69,00 €/L","img":"https://fd9-photos.leclercdrive.fr/image.ashx?id=2691649&use=l&cat=p&typeid=i","cat":325345},{"id":36835,"n":"Crochets anti-mites Insectivor Lavande 2x3ml","p":1.69,"u":"0,85 €/P","img":"https://fd9-photos.leclercdrive.fr/image.ashx?id=1899690&use=l&cat=p&typeid=i","cat":298368},{"id":36837,"n":"Gel douche Carré Homme Séduction 250ml","p":1.2,"u":"4,80 €/L","img":"https://fd9-photos.leclercdrive.fr/image.ashx?id=2946178&use=l&cat=p&typeid=i","cat":284619},{"id":36847,"n":"Tablette chocolat Milka Chocolat au lait/Oreo - 2x100g","p":3.13,"u":"15,65 €/KG","img":"https://fd9-photos.leclercdrive.fr/image.ashx?id=2382321&use=l&cat=p&typeid=i","cat":284497},{"id":36849,"n":"Recharges plumeaux Clair Jetables x10","p":4.46,"u":"0,45 €/P","img":"https://fd9-photos.leclercdrive.fr/image.ashx?id=2832948&use=l&cat=p&typeid=i","cat":325364},{"id":36878,"n":"IGP Côtes de Gascogne moelleux Terrasses d'Autan 11.5% - 75cl","p":3.99,"u":"5,32 €/L","img":"https://fd9-photos.leclercdrive.fr/image.ashx?id=2929870&use=l&cat=p&typeid=i","cat":289557},{"id":36886,"n":"Miel de montagne L'Apiculteur Crémeux - 500g","p":5.55,"u":"11,10 €/KG","img":"https://fd9-photos.leclercdrive.fr/image.ashx?id=2310926&use=l&cat=p&typeid=i","cat":287643},{"id":36903,"n":"Lentilles vertes NRT Du Centre-Val-de-Loire - 500g","p":1.99,"u":"3,98 €/KG","img":"https://fd9-photos.leclercdrive.fr/image.ashx?id=2771399&use=l&cat=p&typeid=i","cat":284430},{"id":36920,"n":"Protège-slips Doulys Ultra-mince - Large - x30","p":0.82,"u":"0,03 €/P","img":"https://fd9-photos.leclercdrive.fr/image.ashx?id=2847967&use=l&cat=p&typeid=i","cat":284625},{"id":36982,"n":"Assortiment biscuits P'tit Déli Boîte en fer - 750g","p":10.48,"u":"13,97 €/KG","img":"https://fd9-photos.leclercdrive.fr/image.ashx?id=2799242&use=l&cat=p&typeid=i","cat":284490},{"id":37030,"n":"Farine suprême Francine 1kg","p":1.7,"u":"1,70 €/KG","img":"https://fd9-photos.leclercdrive.fr/image.ashx?id=2902654&use=l&cat=p&typeid=i","cat":284503},{"id":37031,"n":"Huile d'olive Puget Vierge extra - 1,5L","p":17.97,"u":"11,98 €/L","img":"https://fd9-photos.leclercdrive.fr/image.ashx?id=2144452&use=l&cat=p&typeid=i","cat":284453},{"id":37033,"n":"Douceur Crème balsamique  Rustica - 25cl","p":1.79,"u":"7,16 €/L","img":"https://fd9-photos.leclercdrive.fr/image.ashx?id=2781877&use=l&cat=p&typeid=i","cat":284456},{"id":37035,"n":"Sauces Classic Mix Bénédicta 4 sauces de 85g - 330g","p":3.16,"u":"9,58 €/KG","img":"https://fd9-photos.leclercdrive.fr/image.ashx?id=2616171&use=l&cat=p&typeid=i","cat":318430},{"id":37049,"n":"Sauce Samourai Amora 255g","p":1.48,"u":"6,58 €/KG","img":"https://fd9-photos.leclercdrive.fr/image.ashx?id=2893838&use=l&cat=p&typeid=i","cat":318431},{"id":37053,"n":"Sucre pure canne Beghin Say Petits morceaux - 1kg","p":3.31,"u":"3,31 €/KG","img":"https://fd9-photos.leclercdrive.fr/image.ashx?id=2949922&use=l&cat=p&typeid=i","cat":284502},{"id":37054,"n":"Sucre pure canne Beghin Say Morceaux - 1kg","p":2.44,"u":"2,44 €/KG","img":"https://fd9-photos.leclercdrive.fr/image.ashx?id=2978688&use=l&cat=p&typeid=i","cat":284502},{"id":37062,"n":"Crème Visage Jour FPS 15 Nivea Anti-rides Fermeté Q10 - 50ml","p":9.53,"u":"190,60 €/L","img":"https://fd9-photos.leclercdrive.fr/image.ashx?id=2859701&use=l&cat=p&typeid=i","cat":325345},{"id":37105,"n":"Beurre de cacahuètes Skippy Creamy - 340g","p":4.15,"u":"12,21 €/KG","img":"https://fd9-photos.leclercdrive.fr/image.ashx?id=2652203&use=l&cat=p&typeid=i","cat":284481},{"id":37107,"n":"Gel lavant mains Manava Spécial cuisine - 300ml","p":0.99,"u":"3,30 €/L","img":"https://fd9-photos.leclercdrive.fr/image.ashx?id=2935495&use=l&cat=p&typeid=i","cat":284597},{"id":37149,"n":"Cookies Méga pépites P'tit Déli Chocolat noisettes 184g","p":1.51,"u":"8,21 €/KG","img":"https://fd9-photos.leclercdrive.fr/image.ashx?id=2116149&use=l&cat=p&typeid=i","cat":325066},{"id":37255,"n":"Céréales Extra Kellogg's Noisettes Caramelisées - 500g","p":3.14,"u":"6,28 €/KG","img":"https://fd9-photos.leclercdrive.fr/image.ashx?id=2736598&use=l&cat=p&typeid=i","cat":309512},{"id":37260,"n":"Boisson au thé Fresh Tea Citron vert - 1,5L","p":1.22,"u":"0,81 €/L","img":"https://fd9-photos.leclercdrive.fr/image.ashx?id=2622257&use=l&cat=p&typeid=i","cat":295019},{"id":37261,"n":"Boisson au thé Fresh Tea Mangue - 1,5L","p":1.24,"u":"0,83 €/L","img":"https://fd9-photos.leclercdrive.fr/image.ashx?id=2622260&use=l&cat=p&typeid=i","cat":295019},{"id":37262,"n":"Boisson au thé Fresh Tea Framboise - 1,5L","p":1.33,"u":"0,89 €/L","img":"https://fd9-photos.leclercdrive.fr/image.ashx?id=2982619&use=l&cat=p&typeid=i","cat":295019},{"id":37278,"n":"Orangina Pik Haribo Sachet bonbons acidulés - 250g","p":1.61,"u":"6,44 €/KG","img":"https://fd9-photos.leclercdrive.fr/image.ashx?id=2806090&use=l&cat=p&typeid=i","cat":304250},{"id":37281,"n":"Bonbons Longfizz Lutti 200g","p":1.56,"u":"7,80 €/KG","img":"https://fd9-photos.leclercdrive.fr/image.ashx?id=2962173&use=l&cat=p&typeid=i","cat":304250},{"id":37283,"n":"Compote bio Bio Village Pomme châtaigne - 4x100g","p":1.89,"u":"4,73 €/KG","img":"https://fd9-photos.leclercdrive.fr/image.ashx?id=725380&use=l&cat=p&typeid=i","cat":284416},{"id":37286,"n":"Paëlla royale Marie 900g","p":4.68,"u":"5,20 €/KG","img":"https://fd9-photos.leclercdrive.fr/image.ashx?id=2996770&use=l&cat=p&typeid=i","cat":284254},{"id":37403,"n":"Sachet fraîcheur chien Pedigree  Mixte en sauce - 12x100g","p":5.02,"u":"4,18 €/KG","img":"https://fd9-photos.leclercdrive.fr/image.ashx?id=2870242&use=l&cat=p&typeid=i","cat":284673},{"id":37405,"n":"Foie de morue Connétable MSC Nature - 121g","p":2.07,"u":"17,11 €/KG","img":"https://fd9-photos.leclercdrive.fr/image.ashx?id=2918718&use=l&cat=p&typeid=i","cat":305147},{"id":37417,"n":"Boisson à base de vin rosé  Festalie - 75 cl","p":2.52,"u":"3,36 €/L","img":"https://fd9-photos.leclercdrive.fr/image.ashx?id=2774900&use=l&cat=p&typeid=i","cat":304569},{"id":37426,"n":"Bière blonde Kronenbourg 4,2° - 6x50cl canettes","p":5.45,"u":"1,82 €/L","img":"https://fd9-photos.leclercdrive.fr/image.ashx?id=2203508&use=l&cat=p&typeid=i","cat":334853},{"id":37438,"n":"Papier cuisson Elembal Rouleau 15m","p":1.79,"img":"https://fd9-photos.leclercdrive.fr/image.ashx?id=2158218&use=l&cat=p&typeid=i","cat":334134},{"id":37452,"n":"Lardons de volaille Tradilège Nature 2x75g","p":1.75,"u":"11,67 €/KG","img":"https://fd9-photos.leclercdrive.fr/image.ashx?id=2882355&use=l&cat=p&typeid=i","cat":316011},{"id":37453,"n":"Lardons de volaille Tradilège Fumés 2x75g","p":1.75,"u":"11,67 €/KG","img":"https://fd9-photos.leclercdrive.fr/image.ashx?id=2882358&use=l&cat=p&typeid=i","cat":316011},{"id":37455,"n":"Viande hachée de porc Férial  350g","p":4.59,"u":"13,11 €/KG","img":"https://fd9-photos.leclercdrive.fr/image.ashx?id=2922959&use=l&cat=p&typeid=i","cat":284332},{"id":37456,"n":"Saucisse fumée Tradilège VPF x3 375g","p":3.18,"u":"8,48 €/KG","img":"https://fd9-photos.leclercdrive.fr/image.ashx?id=2659085&use=l&cat=p&typeid=i","cat":316012},{"id":37467,"n":"Infusion Tiséa Fruits rouges 25 sachets 40g","p":0.92,"u":"23,00 €/KG","img":"https://fd9-photos.leclercdrive.fr/image.ashx?id=2922506&use=l&cat=p&typeid=i","cat":293234},{"id":37468,"n":"Jambon cru Fine Fondante Aoste Sans conservateur - x6 - 100g","p":3.64,"u":"36,40 €/KG","img":"https://fd9-photos.leclercdrive.fr/image.ashx?id=2937172&use=l&cat=p&typeid=i","cat":316007},{"id":37514,"n":"Steack haché Bio Convivial 15%mg x4 - 400g","p":6.15,"u":"15,38 €/KG","img":"https://fd9-photos.leclercdrive.fr/image.ashx?id=2960978&use=l&cat=p&typeid=i","cat":319778},{"id":37515,"n":"Fondant de Charolais Convivial Steak : 4% mg - x4 480g","p":8.98,"u":"18,71 €/KG","img":"https://fd9-photos.leclercdrive.fr/image.ashx?id=1989060&use=l&cat=p&typeid=i","cat":319779},{"id":37517,"n":"Steack haché boucher Convivial 15% mg - x8 800g","p":11.3,"u":"14,13 €/KG","img":"https://fd9-photos.leclercdrive.fr/image.ashx?id=2960975&use=l&cat=p&typeid=i","cat":319778},{"id":37540,"n":"Compote bébé Bio Village Bio Pomme vanille 4 mois 4x100g","p":1.99,"u":"4,98 €/KG","img":"https://fd9-photos.leclercdrive.fr/image.ashx?id=2704750&use=l&cat=p&typeid=i","cat":312387},{"id":37541,"n":"Compote bébé Bio Village Bio Pomme /Banane 4 mois 4x100g","p":1.89,"u":"4,73 €/KG","img":"https://fd9-photos.leclercdrive.fr/image.ashx?id=2704753&use=l&cat=p&typeid=i","cat":312387},{"id":37542,"n":"Compote bébé Bio Village bio Poire williams - 4 mois -4x100g","p":1.89,"u":"4,73 €/KG","img":"https://fd9-photos.leclercdrive.fr/image.ashx?id=2704747&use=l&cat=p&typeid=i","cat":312387},{"id":37580,"n":"Soupe Régal Soupe Légumes et vermicelles - 1L","p":1.84,"u":"1,84 €/L","img":"https://fd9-photos.leclercdrive.fr/image.ashx?id=2983802&use=l&cat=p&typeid=i","cat":284462},{"id":37593,"n":"Snacks chats Tous mes amis Poulet fromage - 60g","p":0.84,"u":"14,00 €/KG","img":"https://fd9-photos.leclercdrive.fr/image.ashx?id=1947280&use=l&cat=p&typeid=i","cat":285285},{"id":37594,"n":"Snacks chats Tous mes amis Boeuf - 60g","p":0.94,"u":"15,67 €/KG","img":"https://fd9-photos.leclercdrive.fr/image.ashx?id=2046107&use=l&cat=p&typeid=i","cat":285285},{"id":37595,"n":"Snacks chats Tous mes amis Saumon - 60g","p":0.89,"u":"14,83 €/KG","img":"https://fd9-photos.leclercdrive.fr/image.ashx?id=1938588&use=l&cat=p&typeid=i","cat":285285},{"id":37596,"n":"Snacks chats Tous mes amis Contre les boules de poils- 60g","p":0.99,"u":"16,50 €/KG","img":"https://fd9-photos.leclercdrive.fr/image.ashx?id=1947277&use=l&cat=p&typeid=i","cat":285285},{"id":37615,"n":"Rasoirs jetables Eco+ x10","p":0.71,"u":"0,07 €/P","img":"https://fd9-photos.leclercdrive.fr/image.ashx?id=2430133&use=l&cat=p&typeid=i","cat":284616},{"id":37623,"n":"Trancetto Balconi Cacao x10 280g","p":1.44,"u":"5,14 €/KG","img":"https://fd9-photos.leclercdrive.fr/image.ashx?id=2878414&use=l&cat=p&typeid=i","cat":284495},{"id":37654,"n":"Ravioles du Dauphiné St Jean 500g","p":6.29,"u":"12,58 €/KG","img":"https://fd9-photos.leclercdrive.fr/image.ashx?id=2849794&use=l&cat=p&typeid=i","cat":284254},{"id":37712,"n":"Haricots Verts Cassegrain Extra Fins Cueillis main 390g","p":3.21,"u":"8,23 €/KG","img":"https://fd9-photos.leclercdrive.fr/image.ashx?id=2913025&use=l&cat=p&typeid=i","cat":312606},{"id":37713,"n":"Harissa Phare du Cap Bon Tube - 140g","p":0.66,"u":"4,71 €/KG","img":"https://fd9-photos.leclercdrive.fr/image.ashx?id=2239044&use=l&cat=p&typeid=i","cat":289013},{"id":37774,"n":"Recharge Dentamyl Brosse à dents électrique x2","p":6.99,"u":"3,50 €/P","img":"https://fd9-photos.leclercdrive.fr/image.ashx?id=2790967&use=l&cat=p&typeid=i","cat":297133},{"id":37778,"n":"Lait corps Inell Réparateur - 250ml","p":2.33,"u":"9,32 €/L","img":"https://fd9-photos.leclercdrive.fr/image.ashx?id=2691664&use=l&cat=p&typeid=i","cat":325349},{"id":37837,"n":"Pain complet 350g","p":1.7,"u":"4,86 €/KG","img":"https://fd9-photos.leclercdrive.fr/image.ashx?id=2063044&use=l&cat=p&typeid=i","cat":284359},{"id":37842,"n":"Thé glacé zéro Fresh Tea  Pêche - 1,5L","p":1.28,"u":"0,85 €/L","img":"https://fd9-photos.leclercdrive.fr/image.ashx?id=2622266&use=l&cat=p&typeid=i","cat":295019},{"id":37843,"n":"100% Pur jus d'orange Jafaden Sans pulpe - 2L","p":3.54,"u":"1,77 €/L","img":"https://fd9-photos.leclercdrive.fr/image.ashx?id=2796052&use=l&cat=p&typeid=i","cat":284521},{"id":37863,"n":"Compresses stériles Primoplast Ultra-douces x20","p":2.6,"u":"0,13 €/P","img":"https://fd9-photos.leclercdrive.fr/image.ashx?id=2832960&use=l&cat=p&typeid=i","cat":284630},{"id":37864,"n":"Bouchons oreilles Primoplast Mousse x8","p":3.99,"u":"0,50 €/P","img":"https://fd9-photos.leclercdrive.fr/image.ashx?id=2856516&use=l&cat=p&typeid=i","cat":284630},{"id":37866,"n":"Lavette Mamisson Microfibre spécial vitres x1","p":0.85,"img":"https://fd9-photos.leclercdrive.fr/image.ashx?id=2595107&use=l&cat=p&typeid=i","cat":284667},{"id":37867,"n":"Rillettes Tradilège poulet 110g","p":1.4,"u":"12,73 €/KG","img":"https://fd9-photos.leclercdrive.fr/image.ashx?id=2683586&use=l&cat=p&typeid=i","cat":316008},{"id":38000,"n":"Shampooing douche Petit Manava Pomme-poire - 500ml","p":2.19,"u":"4,38 €/L","img":"https://fd9-photos.leclercdrive.fr/image.ashx?id=2403694&use=l&cat=p&typeid=i","cat":284606},{"id":38022,"n":"Barquette allégée Elle&Vire Doux - 20% MG - 250g","p":1.92,"u":"7,68 €/KG","img":"https://fd9-photos.leclercdrive.fr/image.ashx?id=2763460&use=l&cat=p&typeid=i","cat":284379},{"id":38027,"n":"Quinoa gourmand Tipiak 400g","p":2.37,"u":"5,93 €/KG","img":"https://fd9-photos.leclercdrive.fr/image.ashx?id=2640617&use=l&cat=p&typeid=i","cat":284429},{"id":38035,"n":"Shampooing Petit Nateis 2en1 Enfants - 250ml","p":1.35,"u":"5,40 €/L","img":"https://fd9-photos.leclercdrive.fr/image.ashx?id=2626799&use=l&cat=p&typeid=i","cat":284606},{"id":38054,"n":"Thé glacé pétillant Liptonic  Ice Tea Pêche - 1,5L","p":1.93,"u":"1,29 €/L","img":"https://fd9-photos.leclercdrive.fr/image.ashx?id=2159598&use=l&cat=p&typeid=i","cat":295019},{"id":38098,"n":"Figatelli Le Batistou 260g","p":5.99,"u":"23,04 €/KG","img":"https://fd9-photos.leclercdrive.fr/image.ashx?id=2342935&use=l&cat=p&typeid=i","cat":316006},{"id":38100,"n":"Chocolat en poudre Nesquik Boîte 490g","p":3.68,"u":"7,51 €/KG","img":"https://fd9-photos.leclercdrive.fr/image.ashx?id=3005305&use=l&cat=p&typeid=i","cat":293235},{"id":38220,"n":"Pansements Primoplast Anti-ampoules x6","p":3.15,"img":"https://fd9-photos.leclercdrive.fr/image.ashx?id=2955716&use=l&cat=p&typeid=i","cat":284630},{"id":38223,"n":"Litchis  300g","p":4.99,"u":"16,63 €/KG","img":"https://fd9-photos.leclercdrive.fr/image.ashx?id=1635384&use=l&cat=p&typeid=i","cat":284356},{"id":38226,"n":"Compresses stériles Primoplast Gaze x60","p":4.99,"u":"0,08 €/P","img":"https://fd9-photos.leclercdrive.fr/image.ashx?id=2834181&use=l&cat=p&typeid=i","cat":284630},{"id":38228,"n":"Vaseline Primoplast Tube 50ml","p":1.47,"u":"29,40 €/L","img":"https://fd9-photos.leclercdrive.fr/image.ashx?id=2856519&use=l&cat=p&typeid=i","cat":284630},{"id":38230,"n":"Mouchoirs blancs 4 plis Caresse Pock kid mouchoirs papier x10","p":1.12,"u":"0,11 €/P","img":"https://fd9-photos.leclercdrive.fr/image.ashx?id=2856687&use=l&cat=p&typeid=i","cat":284638},{"id":38232,"n":"Mouchoirs blancs 3 plis Caresse Boîte décor aléatoire Kids -x60","p":1.75,"u":"0,03 €/P","img":"https://fd9-photos.leclercdrive.fr/image.ashx?id=2814432&use=l&cat=p&typeid=i","cat":284638},{"id":38235,"n":"Dessert - P'tit Brassé Nestlé Framboise - dès 6 mois - 4x100g","p":1.69,"u":"4,23 €/KG","img":"https://fd9-photos.leclercdrive.fr/image.ashx?id=2604876&use=l&cat=p&typeid=i","cat":312392},{"id":38236,"n":"Dessert - P'tit Brassé Nestlé Abricot - dès 6 mois - 4x100g","p":1.64,"u":"4,10 €/KG","img":"https://fd9-photos.leclercdrive.fr/image.ashx?id=2600569&use=l&cat=p&typeid=i","cat":312392},{"id":38237,"n":"Dessert - P'tit Brassé Nestlé Poire - dès 6 mois - 4x100g","p":1.84,"u":"4,60 €/KG","img":"https://fd9-photos.leclercdrive.fr/image.ashx?id=2615756&use=l&cat=p&typeid=i","cat":312392},{"id":38238,"n":"Dessert - P'tit Brassé Nestlé Fraise - dès 6 mois - 4x100g","p":1.67,"u":"4,18 €/KG","img":"https://fd9-photos.leclercdrive.fr/image.ashx?id=2510187&use=l&cat=p&typeid=i","cat":312392},{"id":38239,"n":"Dessert - P'tit Brassé Nestlé Myrtille - dès 6 mois - 4x100g","p":1.85,"u":"4,63 €/KG","img":"https://fd9-photos.leclercdrive.fr/image.ashx?id=2583235&use=l&cat=p&typeid=i","cat":312392},{"id":38286,"n":"Bière blonde Paulaner WeissBier 5.5%vol. - 50cl","p":1.69,"u":"3,38 €/L","img":"https://fd9-photos.leclercdrive.fr/image.ashx?id=2354620&use=l&cat=p&typeid=i","cat":334872},{"id":38297,"n":"Matière grasse St Hubert Omega3 52%mg - demi-sel - 510g","p":3.67,"u":"7,20 €/KG","img":"https://fd9-photos.leclercdrive.fr/image.ashx?id=2734099&use=l&cat=p&typeid=i","cat":315229},{"id":38298,"n":"Matière grasse St Hubert Omega 3 - 52%mg - doux - 510g","p":3.49,"u":"6,84 €/KG","img":"https://fd9-photos.leclercdrive.fr/image.ashx?id=2734108&use=l&cat=p&typeid=i","cat":315229},{"id":38304,"n":"Taboulé Pierre Martinet Au poulet - 300g","p":1.88,"u":"6,27 €/KG","img":"https://fd9-photos.leclercdrive.fr/image.ashx?id=2990529&use=l&cat=p&typeid=i","cat":333657},{"id":38322,"n":"Compote Douceur du Verger Gourdes multivariétés - 20x90g","p":5.95,"u":"3,31 €/KG","img":"https://fd9-photos.leclercdrive.fr/image.ashx?id=2837060&use=l&cat=p&typeid=i","cat":284508},{"id":38337,"n":"Huile sèche corps Inell Nourrissante - 150ml","p":3.82,"u":"25,47 €/L","img":"https://fd9-photos.leclercdrive.fr/image.ashx?id=2604349&use=l&cat=p&typeid=i","cat":325349},{"id":38345,"n":"Vodka premium Grey Goose Original 40° - 70cl","p":36.99,"pp":32.99,"u":"47,13 €/L","img":"https://fd9-photos.leclercdrive.fr/image.ashx?id=2848331&use=l&cat=p&typeid=i","cat":284550},{"id":38478,"n":"Eau gazeuse  Badoit rouge fortement pétillante - 1l","p":0.64,"u":"0,64 €/L","img":"https://fd9-photos.leclercdrive.fr/image.ashx?id=2939223&use=l&cat=p&typeid=i","cat":284536},{"id":38524,"n":"Tendres perles Blé Tipiak Prêt en 5 min - 350g","p":1.66,"u":"4,74 €/KG","img":"https://fd9-photos.leclercdrive.fr/image.ashx?id=2640614&use=l&cat=p&typeid=i","cat":284429},{"id":38562,"n":"Cône Nestlé Extrême  Vanille de Madagascar x6 - 426g","p":3.44,"u":"8,08 €/KG","img":"https://fd9-photos.leclercdrive.fr/image.ashx?id=3000432&use=l&cat=p&typeid=i","cat":284264},{"id":38563,"n":"Cône Extrême Nestlé Chocolat intense 6x71g","p":3.5,"u":"8,22 €/KG","img":"https://fd9-photos.leclercdrive.fr/image.ashx?id=2353089&use=l&cat=p&typeid=i","cat":284264},{"id":38705,"n":"Chocolat Pâtissier Nestlé Dessert - 2x205g","p":5.84,"u":"14,24 €/KG","img":"https://fd9-photos.leclercdrive.fr/image.ashx?id=2959491&use=l&cat=p&typeid=i","cat":285562},{"id":38735,"n":"Lait de douche Manava Lait et miel - 250ml","p":0.94,"u":"3,76 €/L","img":"https://fd9-photos.leclercdrive.fr/image.ashx?id=2618338&use=l&cat=p&typeid=i","cat":284594},{"id":38764,"n":"Cidre artisanal Les Goelleries Brut 5,5% - 75cl","p":2.49,"u":"3,32 €/L","img":"https://fd9-photos.leclercdrive.fr/image.ashx?id=2842301&use=l&cat=p&typeid=i","cat":334880},{"id":38765,"n":"Soda Jean's Cola Cherry Bouteille - 1,5L","p":1.49,"u":"0,99 €/L","img":"https://fd9-photos.leclercdrive.fr/image.ashx?id=2637916&use=l&cat=p&typeid=i","cat":284530},{"id":38781,"n":"Mouchoirs blancs 4 plis Caresse Boîte mouchoirs papier - x80","p":1.1,"u":"0,01 €/P","img":"https://fd9-photos.leclercdrive.fr/image.ashx?id=2801049&use=l&cat=p&typeid=i","cat":284638},{"id":38786,"n":"Couches Huggies Little Swimmers Taille 2/3 - x20","p":9.98,"u":"0,50 €/P","img":"https://fd9-photos.leclercdrive.fr/image.ashx?id=2844706&use=l&cat=p&typeid=i","cat":290634},{"id":38803,"n":"Déodorant spray grenade Manava A l'huile sauge sclarée - 100ml","p":1.39,"u":"13,90 €/L","img":"https://fd9-photos.leclercdrive.fr/image.ashx?id=2656448&use=l&cat=p&typeid=i","cat":284595},{"id":38804,"n":"Déodorant spray Manava Invisible 100ml","p":1.39,"u":"13,90 €/L","img":"https://fd9-photos.leclercdrive.fr/image.ashx?id=2692958&use=l&cat=p&typeid=i","cat":284595},{"id":38812,"n":"Pains au lait Pasquier x10 - 350g","p":1.46,"u":"4,17 €/KG","img":"https://fd9-photos.leclercdrive.fr/image.ashx?id=2576940&use=l&cat=p&typeid=i","cat":293505},{"id":38857,"n":"Fromage Boursin cuisine Ail & fines herbes - 240g","p":2.59,"u":"10,79 €/KG","img":"https://fd9-photos.leclercdrive.fr/image.ashx?id=2615418&use=l&cat=p&typeid=i","cat":314029},{"id":38861,"n":"Mélange légumes D'Aucy Choux fleurs brocolis - 750g","p":2.21,"u":"221,00 €/L","img":"https://fd9-photos.leclercdrive.fr/image.ashx?id=2512149&use=l&cat=p&typeid=i","cat":319805},{"id":38868,"n":"Chips ondulées Pom'Lisse Poulet rôti - 135g","p":1.05,"u":"7,78 €/KG","img":"https://fd9-photos.leclercdrive.fr/image.ashx?id=2919625&use=l&cat=p&typeid=i","cat":284447},{"id":38869,"n":"Purée de tomates Turini Saveur basilic - 200g","p":0.79,"u":"3,95 €/KG","img":"https://fd9-photos.leclercdrive.fr/image.ashx?id=2174702&use=l&cat=p&typeid=i","cat":288384},{"id":38985,"n":"Beurre Grand Fermage  Demi-sel - 80% MG - 250g","p":2.75,"u":"11,00 €/KG","img":"https://fd9-photos.leclercdrive.fr/image.ashx?id=2915569&use=l&cat=p&typeid=i","cat":284379},{"id":38994,"n":"Edulcorant liquide Ginko 200ml","p":6.59,"u":"32,95 €/L","img":"https://fd9-photos.leclercdrive.fr/image.ashx?id=2231055&use=l&cat=p&typeid=i","cat":324846},{"id":39009,"n":"Pain de mie complet Epi d'Or Extra moelleux - 500g","p":1.79,"u":"3,58 €/KG","img":"https://fd9-photos.leclercdrive.fr/image.ashx?id=2860742&use=l&cat=p&typeid=i","cat":284477},{"id":39044,"n":"AOP Côtes de Duras blanc SecretdeBerticot Sauvignon 75cl","p":4.67,"u":"6,23 €/L","img":"https://fd9-photos.leclercdrive.fr/image.ashx?id=1649966&use=l&cat=p&typeid=i","cat":289557},{"id":39046,"n":"AOP blanc Sancerre René Carroi - 75cl","p":18.17,"u":"24,23 €/L","img":"https://fd9-photos.leclercdrive.fr/image.ashx?id=2640028&use=l&cat=p&typeid=i","cat":289557},{"id":39061,"n":"Film étirable Alfapac Rouleau 35m x 29cm","p":1.58,"img":"https://fd9-photos.leclercdrive.fr/image.ashx?id=2918268&use=l&cat=p&typeid=i","cat":334134},{"id":39067,"n":"Tablettes lave vaisselle Sun Classic x60 - 570g","p":7.29,"u":"12,79 €/KG","img":"https://fd9-photos.leclercdrive.fr/image.ashx?id=2775745&use=l&cat=p&typeid=i","cat":284656},{"id":39100,"n":"Rasoirs jetables Bic 3 lames - 2x8","p":6.5,"pp":4.29,"u":"0,27 €/P","img":"https://fd9-photos.leclercdrive.fr/image.ashx?id=2957005&use=l&cat=p&typeid=i","cat":284616},{"id":39120,"n":"Eau minérale naturelle Vittel Bouchon sport - 6x75cl","p":3.01,"u":"0,67 €/L","img":"https://fd9-photos.leclercdrive.fr/image.ashx?id=2774478&use=l&cat=p&typeid=i","cat":284535},{"id":39122,"n":"Fromage de chèvre Soignon Bûche Sainte Maure - 300g","p":3.31,"u":"11,03 €/KG","img":"https://fd9-photos.leclercdrive.fr/image.ashx?id=2963331&use=l&cat=p&typeid=i","cat":314031},{"id":39139,"n":"Olives vertes Tropic Apéro Dénoyautées au piment - 110g","p":1.69,"u":"15,36 €/KG","img":"https://fd9-photos.leclercdrive.fr/image.ashx?id=2438969&use=l&cat=p&typeid=i","cat":316002},{"id":39140,"n":"Olives vertes Tropic Apéro Dénoyautées Provençales - 110g","p":1.69,"u":"15,36 €/KG","img":"https://fd9-photos.leclercdrive.fr/image.ashx?id=2438975&use=l&cat=p&typeid=i","cat":316002},{"id":39145,"n":"Mouchoirs blancs 4 plis Caresse Etuis x15 - Mentholés","p":1.98,"u":"0,13 €/P","img":"https://fd9-photos.leclercdrive.fr/image.ashx?id=2572996&use=l&cat=p&typeid=i","cat":284638},{"id":39149,"n":"AOP Côtes de Provence Vin rouge Les Anges du Paradis - 75cl","p":8.9,"u":"11,87 €/L","img":"https://fd9-photos.leclercdrive.fr/image.ashx?id=2917007&use=l&cat=p&typeid=i","cat":289556},{"id":39182,"n":"Pain de mie 100% Mie Harrys Complet sans croûte Maxi - 650g","p":2.4,"u":"3,69 €/KG","img":"https://fd9-photos.leclercdrive.fr/image.ashx?id=2517438&use=l&cat=p&typeid=i","cat":284477},{"id":39206,"n":"Tartinable Ronde des Mers Surimi-crabe - 120g","p":1.69,"u":"14,08 €/KG","img":"https://fd9-photos.leclercdrive.fr/image.ashx?id=2631438&use=l&cat=p&typeid=i","cat":285191},{"id":39232,"n":"AOP Champagne rosé Demoiselle Brut Vranken - 75cl","p":30.0,"u":"40,00 €/L","img":"https://fd9-photos.leclercdrive.fr/image.ashx?id=2020254&use=l&cat=p&typeid=i","cat":284542},{"id":39233,"n":"AOP Côtes de Provence rosé Estandon - 75cl","p":7.9,"u":"10,53 €/L","img":"https://fd9-photos.leclercdrive.fr/image.ashx?id=2868966&use=l&cat=p&typeid=i","cat":289558},{"id":39261,"n":"Cidre doux Les Goelleries 2%vol. - 3x33cl","p":3.35,"u":"3,38 €/L","img":"https://fd9-photos.leclercdrive.fr/image.ashx?id=2856528&use=l&cat=p&typeid=i","cat":334880},{"id":39266,"n":"AOP Corse vin rosé Terres Ocrées - 75cl","p":4.99,"u":"6,65 €/L","img":"https://fd9-photos.leclercdrive.fr/image.ashx?id=2865242&use=l&cat=p&typeid=i","cat":289558},{"id":39268,"n":"AOP Bergerac vin blanc sec Terrasses d'Autan - 75cl","p":2.99,"u":"3,99 €/L","img":"https://fd9-photos.leclercdrive.fr/image.ashx?id=2858108&use=l&cat=p&typeid=i","cat":289557},{"id":39269,"n":"AOC Cabernet d'Anjou vin rosé Les Caractères - 37,5cl","p":2.99,"u":"7,97 €/L","img":"https://fd9-photos.leclercdrive.fr/image.ashx?id=2898248&use=l&cat=p&typeid=i","cat":289558},{"id":39271,"n":"AOP Alsace Pinot gris  vin blanc Rebmann - 75 cl","p":4.99,"u":"6,65 €/L","img":"https://fd9-photos.leclercdrive.fr/image.ashx?id=2907467&use=l&cat=p&typeid=i","cat":289557},{"id":39272,"n":"AOP Bourgogne Chardonnay vin blanc Antoine Barrier - 75cl","p":6.99,"u":"9,32 €/L","img":"https://fd9-photos.leclercdrive.fr/image.ashx?id=2925973&use=l&cat=p&typeid=i","cat":289557},{"id":39338,"n":"Moutarde Savora Amora 385g","p":2.24,"u":"5,82 €/KG","img":"https://fd9-photos.leclercdrive.fr/image.ashx?id=2775685&use=l&cat=p&typeid=i","cat":288850},{"id":39339,"n":"Moutarde Amora Fine & douce - 190g","p":1.6,"u":"8,42 €/KG","img":"https://fd9-photos.leclercdrive.fr/image.ashx?id=2738791&use=l&cat=p&typeid=i","cat":288850},{"id":39376,"n":"Pur jus d'orange Tropicana Sans pulpe - 1,5L","p":3.26,"u":"2,17 €/L","img":"https://fd9-photos.leclercdrive.fr/image.ashx?id=2509637&use=l&cat=p&typeid=i","cat":284521},{"id":39388,"n":"Haricots verts Bio Village Bio - 360g","p":1.89,"u":"5,25 €/KG","img":"https://fd9-photos.leclercdrive.fr/image.ashx?id=3002659&use=l&cat=p&typeid=i","cat":312606},{"id":39389,"n":"Haricots beurre Notre Jardin Extra fins 1kg","p":2.29,"u":"2,29 €/KG","img":"https://fd9-photos.leclercdrive.fr/image.ashx?id=2431134&use=l&cat=p&typeid=i","cat":319805},{"id":39403,"n":"Joker Pur Jus Engagé Orange  sans pulpe - 1L","p":2.78,"u":"2,78 €/L","img":"https://fd9-photos.leclercdrive.fr/image.ashx?id=2984982&use=l&cat=p&typeid=i","cat":284521},{"id":39421,"n":"Jus innocent pomme 900ml","p":2.9,"u":"3,22 €/L","img":"https://fd9-photos.leclercdrive.fr/image.ashx?id=2891703&use=l&cat=p&typeid=i","cat":284354},{"id":39443,"n":"Jus innocent  orange avec pulpe 1.5L","p":4.16,"u":"2,77 €/L","img":"https://fd9-photos.leclercdrive.fr/image.ashx?id=2891223&use=l&cat=p&typeid=i","cat":285435},{"id":39444,"n":"Jus innocent orange avec pulpe 900ml","p":2.9,"u":"3,22 €/L","img":"https://fd9-photos.leclercdrive.fr/image.ashx?id=2891700&use=l&cat=p&typeid=i","cat":285435},{"id":39445,"n":"Confiture Douceur Du Verger Extra myrtilles allegée - 340g","p":1.89,"u":"5,56 €/KG","img":"https://fd9-photos.leclercdrive.fr/image.ashx?id=2965515&use=l&cat=p&typeid=i","cat":284480},{"id":39472,"n":"Mousse aux oeufs Bonne Maman Chocolat au lait - 4x50g","p":2.47,"u":"12,35 €/KG","img":"https://fd9-photos.leclercdrive.fr/image.ashx?id=2571512&use=l&cat=p&typeid=i","cat":284417},{"id":39475,"n":"Barre chocolatée Balisto Fruits des bois - x10 - 185g","p":2.95,"u":"15,95 €/KG","img":"https://fd9-photos.leclercdrive.fr/image.ashx?id=1930983&use=l&cat=p&typeid=i","cat":284498},{"id":39480,"n":"Chips ondulées Pom'Lisse Nature - 6x30g","p":1.57,"u":"8,72 €/KG","img":"https://fd9-photos.leclercdrive.fr/image.ashx?id=2728246&use=l&cat=p&typeid=i","cat":284447},{"id":39482,"n":"Brownie P'tit Déli Chocolat noisette - 240g","p":1.83,"u":"7,63 €/KG","img":"https://fd9-photos.leclercdrive.fr/image.ashx?id=2891779&use=l&cat=p&typeid=i","cat":294776},{"id":39485,"n":"Barre chocolatée Balisto Miel amande - x10 barres - 185g","p":3.03,"u":"16,38 €/KG","img":"https://fd9-photos.leclercdrive.fr/image.ashx?id=1930977&use=l&cat=p&typeid=i","cat":284498},{"id":39491,"n":"Coq Maître Coq Poulet Fromage - 1kg","p":7.99,"u":"7,99 €/KG","img":"https://fd9-photos.leclercdrive.fr/image.ashx?id=2877820&use=l&cat=p&typeid=i","cat":333683},{"id":39497,"n":"Barre chocolatée P'tit Déli Bille de riz - 162g","p":1.5,"u":"9,26 €/KG","img":"https://fd9-photos.leclercdrive.fr/image.ashx?id=2529599&use=l&cat=p&typeid=i","cat":284488},{"id":39498,"n":"Biscottes Epi d'Or Gout brioché x36 - 300g","p":1.51,"u":"5,03 €/KG","img":"https://fd9-photos.leclercdrive.fr/image.ashx?id=2684028&use=l&cat=p&typeid=i","cat":284479},{"id":39502,"n":"Biscuits Cookies P'tit Déli Coeur fondant noisette - 200g","p":1.44,"u":"7,20 €/KG","img":"https://fd9-photos.leclercdrive.fr/image.ashx?id=2577296&use=l&cat=p&typeid=i","cat":325066},{"id":39503,"n":"Chocolat Pâtissier Tablette dOr Praliné - 200g","p":2.15,"u":"10,75 €/KG","img":"https://fd9-photos.leclercdrive.fr/image.ashx?id=2565619&use=l&cat=p&typeid=i","cat":285562},{"id":39507,"n":"Moutarde Rustica Douce - 435g","p":1.39,"u":"3,20 €/KG","img":"https://fd9-photos.leclercdrive.fr/image.ashx?id=2052019&use=l&cat=p&typeid=i","cat":288850},{"id":39511,"n":"Thé lady grey Twinings x20 sachets -  40g","p":2.5,"u":"62,50 €/KG","img":"https://fd9-photos.leclercdrive.fr/image.ashx?id=2875552&use=l&cat=p&typeid=i","cat":293233},{"id":39513,"n":"Soupe Velouté Régal  Poireaux St Jacques - 1L","p":3.8,"u":"3,80 €/L","img":"https://fd9-photos.leclercdrive.fr/image.ashx?id=2800243&use=l&cat=p&typeid=i","cat":284462},{"id":39514,"n":"Soupe Velouté Regal Soupe Cèpes et bolets - 1L","p":2.25,"u":"2,25 €/L","img":"https://fd9-photos.leclercdrive.fr/image.ashx?id=2607545&use=l&cat=p&typeid=i","cat":284462},{"id":39515,"n":"Friandises pour chien Lydog Sticks au poulet - x5 - 42g","p":0.94,"u":"22,38 €/KG","img":"https://fd9-photos.leclercdrive.fr/image.ashx?id=1947268&use=l&cat=p&typeid=i","cat":294527},{"id":39517,"n":"Thé vert Twinings Citron x25 sachets -50g","p":2.41,"u":"48,20 €/KG","img":"https://fd9-photos.leclercdrive.fr/image.ashx?id=2893012&use=l&cat=p&typeid=i","cat":293233},{"id":39521,"n":"Cacahuètes enrobées Tokapi Salées - 150g","p":0.85,"u":"5,67 €/KG","img":"https://fd9-photos.leclercdrive.fr/image.ashx?id=1957812&use=l&cat=p&typeid=i","cat":284448},{"id":39522,"n":"Cacahuètes enrobées Tokapi Bacon - 150g","p":0.85,"u":"5,67 €/KG","img":"https://fd9-photos.leclercdrive.fr/image.ashx?id=1951858&use=l&cat=p&typeid=i","cat":284448},{"id":39523,"n":"Cacahuètes enrobées Tokapi Paprika - 150g","p":0.99,"u":"6,60 €/KG","img":"https://fd9-photos.leclercdrive.fr/image.ashx?id=1972828&use=l&cat=p&typeid=i","cat":284448},{"id":39529,"n":"Jus de citron Rustica Sicile - 50cl","p":1.67,"u":"3,34 €/L","img":"https://fd9-photos.leclercdrive.fr/image.ashx?id=2974804&use=l&cat=p&typeid=i","cat":288383},{"id":39530,"n":"Dessert bébé BabyBio Bio 6 mois Pomme / Fraise - 260g","p":1.82,"u":"7,00 €/KG","img":"https://fd9-photos.leclercdrive.fr/image.ashx?id=2827509&use=l&cat=p&typeid=i","cat":312388},{"id":39531,"n":"Compote bébé Babybio Bio 4 mois Pomme / Mangue - 260g","p":1.82,"u":"7,00 €/KG","img":"https://fd9-photos.leclercdrive.fr/image.ashx?id=2827500&use=l&cat=p&typeid=i","cat":312387},{"id":39532,"n":"Repas bébé Bio Babybio - 4 mois Bio Patate douce - 260g","p":1.78,"u":"6,85 €/KG","img":"https://fd9-photos.leclercdrive.fr/image.ashx?id=2837760&use=l&cat=p&typeid=i","cat":312234},{"id":39534,"n":"Barres énergétiques Ovomaltine x5 barres - 100g","p":2.66,"u":"26,60 €/KG","img":"https://fd9-photos.leclercdrive.fr/image.ashx?id=2413029&use=l&cat=p&typeid=i","cat":318652},{"id":39541,"n":"Madeleine P'tit Déli Coquilles napées chocolat -300g","p":2.62,"u":"8,73 €/KG","img":"https://fd9-photos.leclercdrive.fr/image.ashx?id=2583262&use=l&cat=p&typeid=i","cat":284492},{"id":39545,"n":"Soupe Poule au pot Régal Soupe  Déshydratée - 72g","p":0.84,"u":"11,67 €/KG","img":"https://fd9-photos.leclercdrive.fr/image.ashx?id=2656381&use=l&cat=p&typeid=i","cat":284463},{"id":39547,"n":"Duo Haricots verts et beurre Notre Jardin - 225g","p":1.03,"u":"4,58 €/KG","img":"https://fd9-photos.leclercdrive.fr/image.ashx?id=2988060&use=l&cat=p&typeid=i","cat":312606},{"id":39548,"n":"Haricots verts Notre Jardin Extra fins - 3x110g","p":1.83,"u":"5,55 €/KG","img":"https://fd9-photos.leclercdrive.fr/image.ashx?id=3002605&use=l&cat=p&typeid=i","cat":312606},{"id":39550,"n":"Sirop d'agave bio Bio Village 345g","p":1.99,"u":"5,77 €/KG","img":"https://fd9-photos.leclercdrive.fr/image.ashx?id=2175777&use=l&cat=p&typeid=i","cat":287643},{"id":39551,"n":"Tablettes pour chien Lydog Boeuf, poulet, agneau - 104g","p":1.22,"u":"11,73 €/KG","img":"https://fd9-photos.leclercdrive.fr/image.ashx?id=1201189&use=l&cat=p&typeid=i","cat":294527},{"id":39554,"n":"Mélange 4 champignons N.Jardin 230g","p":2.57,"u":"11,17 €/KG","img":"https://fd9-photos.leclercdrive.fr/image.ashx?id=2072719&use=l&cat=p&typeid=i","cat":312610},{"id":39556,"n":"Gaufres liégeoises P'tit Déli Sucrées - 550g","p":2.69,"u":"4,89 €/KG","img":"https://fd9-photos.leclercdrive.fr/image.ashx?id=2430219&use=l&cat=p&typeid=i","cat":294777},{"id":39558,"n":"Croquettes chat Tous mes amis Stérilisés - 2kg","p":3.24,"u":"1,62 €/KG","img":"https://fd9-photos.leclercdrive.fr/image.ashx?id=2301490&use=l&cat=p&typeid=i","cat":284680},{"id":39559,"n":"Céréales Jordans Spécial Muesli Fruits et Noix - 750g","p":3.5,"u":"4,67 €/KG","img":"https://fd9-photos.leclercdrive.fr/image.ashx?id=2966770&use=l&cat=p&typeid=i","cat":309512},{"id":39560,"n":"Duo Haricots verts et beurre Notre Jardin - 455g","p":1.99,"u":"4,37 €/KG","img":"https://fd9-photos.leclercdrive.fr/image.ashx?id=2291408&use=l&cat=p&typeid=i","cat":312606},{"id":39569,"n":"Céréales Jordans Country Crisp Chocolat Noir 70% - 550g","p":3.29,"u":"5,98 €/KG","img":"https://fd9-photos.leclercdrive.fr/image.ashx?id=3000836&use=l&cat=p&typeid=i","cat":309512},{"id":39570,"n":"Céréales Jordans Country Crisp 4 Noix - 550g","p":3.05,"u":"5,55 €/KG","img":"https://fd9-photos.leclercdrive.fr/image.ashx?id=2973487&use=l&cat=p&typeid=i","cat":309512},{"id":39572,"n":"Biscuits batonnets P'tit Déli Chocolat au lait 90g","p":1.29,"u":"14,33 €/KG","img":"https://fd9-photos.leclercdrive.fr/image.ashx?id=2328779&use=l&cat=p&typeid=i","cat":284488},{"id":39575,"n":"AOP Vin Rosé Côtes de Provence Les Anges du Paradis - 75cl","p":8.9,"u":"11,87 €/L","img":"https://fd9-photos.leclercdrive.fr/image.ashx?id=2850689&use=l&cat=p&typeid=i","cat":289558},{"id":39576,"n":"AOP Côtes de Provence rosé Berne Grande récolte - 75cl","p":8.9,"u":"11,87 €/L","img":"https://fd9-photos.leclercdrive.fr/image.ashx?id=2857530&use=l&cat=p&typeid=i","cat":289558},{"id":39590,"n":"AOP Côtes de Provence Vin rosé Secret des Anges - 75cl","p":6.95,"u":"9,27 €/L","img":"https://fd9-photos.leclercdrive.fr/image.ashx?id=1580766&use=l&cat=p&typeid=i","cat":289558},{"id":39616,"n":"Sirop Moulin de Valdonne Fraise - 70cl","p":3.29,"u":"4,70 €/L","img":"https://fd9-photos.leclercdrive.fr/image.ashx?id=2170559&use=l&cat=p&typeid=i","cat":295020},{"id":39617,"n":"Sirop Moulin de Valdonne Menthe - 70cl","p":2.9,"u":"4,14 €/L","img":"https://fd9-photos.leclercdrive.fr/image.ashx?id=2170550&use=l&cat=p&typeid=i","cat":295020},{"id":39621,"n":"Boisson énergisante Red Bull 4x355ml","p":6.46,"u":"4,55 €/L","img":"https://fd9-photos.leclercdrive.fr/image.ashx?id=3011983&use=l&cat=p&typeid=i","cat":284533},{"id":39740,"n":"Tortilla dürüm Antalya 12x30cm","p":3.68,"u":"3,07 €/KG","img":"https://fd9-photos.leclercdrive.fr/image.ashx?id=1594844&use=l&cat=p&typeid=i","cat":288993},{"id":39743,"n":"Bière blonde 8.6 Gold Canette 50cl - 8.6%vol","p":1.4,"u":"2,80 €/L","img":"https://fd9-photos.leclercdrive.fr/image.ashx?id=1883591&use=l&cat=p&typeid=i","cat":334853},{"id":39770,"n":"Edulcorant Canderel Pot, poudre 80g","p":2.28,"u":"28,50 €/KG","img":"https://fd9-photos.leclercdrive.fr/image.ashx?id=2811020&use=l&cat=p&typeid=i","cat":324846},{"id":39777,"n":"AOP Crémant d'Alsace Blanc Brut Arthur Metz - 75cl","p":7.03,"u":"9,37 €/L","img":"https://fd9-photos.leclercdrive.fr/image.ashx?id=2422926&use=l&cat=p&typeid=i","cat":284544},{"id":39783,"n":"Liqueur Malibu Coco 18% vol - 1L","p":15.38,"u":"15,38 €/L","img":"https://fd9-photos.leclercdrive.fr/image.ashx?id=2396881&use=l&cat=p&typeid=i","cat":284551},{"id":39827,"n":"Sauce Algerienne Colona 500ml","p":2.99,"u":"5,98 €/L","img":"https://fd9-photos.leclercdrive.fr/image.ashx?id=2687182&use=l&cat=p&typeid=i","cat":318431},{"id":39856,"n":"Sirop Frucci  Citron vert - 75cl","p":3.29,"u":"4,39 €/L","img":"https://fd9-photos.leclercdrive.fr/image.ashx?id=2842307&use=l&cat=p&typeid=i","cat":295020},{"id":39858,"n":"Sirop Frucci Fruits exotiques - 75cl","p":2.65,"u":"3,53 €/L","img":"https://fd9-photos.leclercdrive.fr/image.ashx?id=2842313&use=l&cat=p&typeid=i","cat":295020},{"id":39871,"n":"Pur jus d'orange Jafaden 4x20cl","p":3.33,"u":"4,16 €/L","img":"https://fd9-photos.leclercdrive.fr/image.ashx?id=2802293&use=l&cat=p&typeid=i","cat":284521},{"id":39872,"n":"Pur jus d'ananas Jafaden 4x20cl","p":3.35,"u":"4,19 €/L","img":"https://fd9-photos.leclercdrive.fr/image.ashx?id=2553333&use=l&cat=p&typeid=i","cat":284524},{"id":39889,"n":"Tendres perles Blé Tipiak Prêt en 4 min - 700g","p":3.34,"u":"4,77 €/KG","img":"https://fd9-photos.leclercdrive.fr/image.ashx?id=2789095&use=l&cat=p&typeid=i","cat":284429},{"id":39903,"n":"Pâté de campagne à l'Andouille NRT -180g","p":1.98,"u":"11,00 €/KG","img":"https://fd9-photos.leclercdrive.fr/image.ashx?id=2560512&use=l&cat=p&typeid=i","cat":305149},{"id":39927,"n":"AOC Bordeaux vin blanc moelleux Chantet Blanet - 75cl","p":3.49,"u":"4,65 €/L","img":"https://fd9-photos.leclercdrive.fr/image.ashx?id=2918463&use=l&cat=p&typeid=i","cat":289557},{"id":39934,"n":"Yaourts à la Grecque Délisse Nature - 8x125g","p":2.15,"u":"2,15 €/KG","img":"https://fd9-photos.leclercdrive.fr/image.ashx?id=2699480&use=l&cat=p&typeid=i","cat":314999},{"id":39946,"n":"Crème de nuit L'Oréal Paris Revitalift anti-rides - 50ml","p":7.57,"u":"151,40 €/L","img":"https://fd9-photos.leclercdrive.fr/image.ashx?id=2865869&use=l&cat=p&typeid=i","cat":325345},{"id":39947,"n":"Soin de jour L'Oréal Paris Revitalift Anti-rides - 50ml","p":7.57,"u":"151,40 €/L","img":"https://fd9-photos.leclercdrive.fr/image.ashx?id=2851078&use=l&cat=p&typeid=i","cat":325345},{"id":39950,"n":"Yaourts Lait de brebis Délisse Nature - 4x125g","p":2.19,"u":"4,38 €/KG","img":"https://fd9-photos.leclercdrive.fr/image.ashx?id=1872007&use=l&cat=p&typeid=i","cat":314998},{"id":39951,"n":"Crème dessert Délisse Pistache - 4x125g","p":0.89,"u":"1,78 €/KG","img":"https://fd9-photos.leclercdrive.fr/image.ashx?id=2441333&use=l&cat=p&typeid=i","cat":285041},{"id":39953,"n":"crème dessert chocolat danette pop billes 3 chocolats - 4x117g","p":2.59,"u":"5,53 €/KG","img":"https://fd9-photos.leclercdrive.fr/image.ashx?id=2926230&use=l&cat=p&typeid=i","cat":285041},{"id":39954,"n":"Crème dessert vanille Danette  Billes 3 chocolats - 4x117g","p":2.58,"u":"5,51 €/KG","img":"https://fd9-photos.leclercdrive.fr/image.ashx?id=2926227&use=l&cat=p&typeid=i","cat":285041},{"id":39961,"n":"Emiettés de sardines Gastromer Citron - 150g","p":1.99,"pp":1.31,"u":"8,73 €/KG","img":"https://fd9-photos.leclercdrive.fr/image.ashx?id=1605758&use=l&cat=p&typeid=i","cat":285191},{"id":39970,"n":"Poivre noir moulu Ducros N°8 - 38g","p":2.19,"u":"57,63 €/KG","img":"https://fd9-photos.leclercdrive.fr/image.ashx?id=2311051&use=l&cat=p&typeid=i","cat":284457},{"id":39972,"n":"Basilic Ducros 11g","p":1.45,"u":"131,82 €/KG","img":"https://fd9-photos.leclercdrive.fr/image.ashx?id=2559469&use=l&cat=p&typeid=i","cat":298297},{"id":39973,"n":"Plat bébé Blédina 12 mois  Boulghour tomate saumon -2x200g","p":2.38,"u":"5,95 €/KG","img":"https://fd9-photos.leclercdrive.fr/image.ashx?id=2975083&use=l&cat=p&typeid=i","cat":312237},{"id":39974,"n":"Plat bébé Blédina 6 mois  Purée butternut poulet - 2x200g","p":2.54,"u":"6,35 €/KG","img":"https://fd9-photos.leclercdrive.fr/image.ashx?id=2975080&use=l&cat=p&typeid=i","cat":312236},{"id":39988,"n":"Crème de douche Manava Douceur de crème - 250ml","p":1.05,"u":"4,20 €/L","img":"https://fd9-photos.leclercdrive.fr/image.ashx?id=2699282&use=l&cat=p&typeid=i","cat":284594},{"id":39992,"n":"Gel douche Manava Monoï de Polynésie 250ml","p":1.15,"u":"4,60 €/L","img":"https://fd9-photos.leclercdrive.fr/image.ashx?id=2626805&use=l&cat=p&typeid=i","cat":284594},{"id":39994,"n":"Lait douche Manava Fleur d'oranger 250ml","p":1.29,"u":"5,16 €/L","img":"https://fd9-photos.leclercdrive.fr/image.ashx?id=2618335&use=l&cat=p&typeid=i","cat":284594},{"id":39995,"n":"Recharge gel lavant Manava Savon de Marseil. Olive - 250ml","p":0.66,"u":"2,64 €/L","img":"https://fd9-photos.leclercdrive.fr/image.ashx?id=2935501&use=l&cat=p&typeid=i","cat":284597},{"id":40004,"n":"Saucisson Mini Justin Bridou  Bâton de Berger - 100g","p":2.22,"u":"22,20 €/KG","img":"https://fd9-photos.leclercdrive.fr/image.ashx?id=3011440&use=l&cat=p&typeid=i","cat":316006},{"id":40006,"n":"Houmous Extra l'Atelier Blini 175g","p":2.81,"u":"16,06 €/KG","img":"https://fd9-photos.leclercdrive.fr/image.ashx?id=2795093&use=l&cat=p&typeid=i","cat":315999},{"id":40010,"n":"Emiettés de thon chorizo  Gastromer - 150g","p":1.99,"pp":1.31,"u":"8,73 €/KG","img":"https://fd9-photos.leclercdrive.fr/image.ashx?id=2049910&use=l&cat=p&typeid=i","cat":285191},{"id":40011,"n":"Filets d'anchois La Monegasque Huile équilibre - 100g","p":2.34,"u":"23,40 €/KG","img":"https://fd9-photos.leclercdrive.fr/image.ashx?id=2095557&use=l&cat=p&typeid=i","cat":285190},{"id":40015,"n":"Tarama Blini Extra - 175g","p":3.11,"u":"17,77 €/KG","img":"https://fd9-photos.leclercdrive.fr/image.ashx?id=2795096&use=l&cat=p&typeid=i","cat":315999},{"id":40017,"n":"Tzatziki Blini Extra - 175g","p":2.84,"u":"16,23 €/KG","img":"https://fd9-photos.leclercdrive.fr/image.ashx?id=2973703&use=l&cat=p&typeid=i","cat":315999},{"id":40033,"n":"Yaourt nature sucré Yoplait - 16x125g","p":3.35,"u":"1,68 €/KG","img":"https://fd9-photos.leclercdrive.fr/image.ashx?id=2796821&use=l&cat=p&typeid=i","cat":284409},{"id":40034,"n":"Menthe Pastille Giffard 24%vol - 70cl","p":11.85,"pp":10.85,"u":"15,50 €/L","img":"https://fd9-photos.leclercdrive.fr/image.ashx?id=2529903&use=l&cat=p&typeid=i","cat":286032},{"id":40038,"n":"Bière Lindemans Kriek 3.5%vol. - 25cl","p":1.73,"u":"6,92 €/L","img":"https://fd9-photos.leclercdrive.fr/image.ashx?id=2830894&use=l&cat=p&typeid=i","cat":334872},{"id":40046,"n":"Bière blonde triple Chimay 8%vol -  33cl","p":1.94,"u":"5,88 €/L","img":"https://fd9-photos.leclercdrive.fr/image.ashx?id=1758846&use=l&cat=p&typeid=i","cat":334872},{"id":40051,"n":"Crêpes bretonnes Saint Michel Nature - x12 - 315g","p":2.27,"u":"7,21 €/KG","img":"https://fd9-photos.leclercdrive.fr/image.ashx?id=2060238&use=l&cat=p&typeid=i","cat":284494},{"id":40089,"n":"Gel douche Manava Cranberry myrtille - 250ml","p":1.15,"u":"4,60 €/L","img":"https://fd9-photos.leclercdrive.fr/image.ashx?id=2626802&use=l&cat=p&typeid=i","cat":284594},{"id":40090,"n":"Lait corps Inell Nourrissant - 250ml","p":2.33,"u":"9,32 €/L","img":"https://fd9-photos.leclercdrive.fr/image.ashx?id=2691661&use=l&cat=p&typeid=i","cat":325349},{"id":40094,"n":"Saucissons secs Saint Azay Stick nature 100g","p":1.99,"u":"19,90 €/KG","img":"https://fd9-photos.leclercdrive.fr/image.ashx?id=2474128&use=l&cat=p&typeid=i","cat":316006},{"id":40101,"n":"Saucisson Saint-Azay  Fuet Catalan - 170 g","p":2.09,"u":"12,29 €/KG","img":"https://fd9-photos.leclercdrive.fr/image.ashx?id=2856302&use=l&cat=p&typeid=i","cat":316006},{"id":40103,"n":"Aiguillettes poulet jaune Volandrie - 210g","p":2.95,"u":"14,05 €/KG","img":"https://fd9-photos.leclercdrive.fr/image.ashx?id=2595930&use=l&cat=p&typeid=i","cat":284336},{"id":40122,"n":"AOP Côtes de Provence vin rosé Terres Ocrées - 75cl - 13%","p":4.99,"u":"6,65 €/L","img":"https://fd9-photos.leclercdrive.fr/image.ashx?id=2896895&use=l&cat=p&typeid=i","cat":289558},{"id":40133,"n":"Gaufrettes Paille d'Or LU Framboise - 170g","p":1.81,"u":"10,65 €/KG","img":"https://fd9-photos.leclercdrive.fr/image.ashx?id=2883753&use=l&cat=p&typeid=i","cat":284489},{"id":40135,"n":"Biscottes Heudebert  Nature - 300g","p":1.37,"u":"4,57 €/KG","img":"https://fd9-photos.leclercdrive.fr/image.ashx?id=2368291&use=l&cat=p&typeid=i","cat":284479},{"id":40137,"n":"Biscuits Pocket Petit Ecolier  LU Chocolat au lait - 250g","p":2.65,"u":"10,60 €/KG","img":"https://fd9-photos.leclercdrive.fr/image.ashx?id=3005326&use=l&cat=p&typeid=i","cat":284488},{"id":40140,"n":"Pain grillé Pelletier Froment - 500g","p":2.25,"u":"4,50 €/KG","img":"https://fd9-photos.leclercdrive.fr/image.ashx?id=3002249&use=l&cat=p&typeid=i","cat":284479},{"id":40142,"n":"Compote Douceur du Verger Coupelle multivariétés -16x100g","p":3.99,"u":"2,49 €/KG","img":"https://fd9-photos.leclercdrive.fr/image.ashx?id=2663533&use=l&cat=p&typeid=i","cat":284508},{"id":40180,"n":"Emiettés surimi crabe Gastromer 150g","p":1.99,"pp":1.31,"u":"8,73 €/KG","img":"https://fd9-photos.leclercdrive.fr/image.ashx?id=1605662&use=l&cat=p&typeid=i","cat":285191},{"id":40214,"n":"Sauce Pesto Barilla Basilic et Roquette - 190g","p":1.87,"u":"9,84 €/KG","img":"https://fd9-photos.leclercdrive.fr/image.ashx?id=2457980&use=l&cat=p&typeid=i","cat":287599},{"id":40215,"n":"Petit pot soir Babybio Bio P.pois maïs riz, 6 mois 2x200g","p":2.36,"u":"5,90 €/KG","img":"https://fd9-photos.leclercdrive.fr/image.ashx?id=2827476&use=l&cat=p&typeid=i","cat":312239},{"id":40217,"n":"Petits pots Babybio Bio Légumes jambon - 8mois 2x200g","p":2.71,"u":"6,78 €/KG","img":"https://fd9-photos.leclercdrive.fr/image.ashx?id=2838464&use=l&cat=p&typeid=i","cat":312236},{"id":40271,"n":"Baguette céréales 250g","p":1.15,"u":"4,60 €/KG","img":"https://fd9-photos.leclercdrive.fr/image.ashx?id=2063062&use=l&cat=p&typeid=i","cat":284359},{"id":40277,"n":"Barres glacées Bounty  Chocolat & Noix de Coco x6 235g","p":2.38,"u":"10,13 €/KG","img":"https://fd9-photos.leclercdrive.fr/image.ashx?id=1935069&use=l&cat=p&typeid=i","cat":284264},{"id":40278,"n":"Barres glacées Twix  Caramel & Biscuit x6 - 205g","p":2.74,"u":"13,37 €/KG","img":"https://fd9-photos.leclercdrive.fr/image.ashx?id=2906742&use=l&cat=p&typeid=i","cat":284264},{"id":40279,"n":"Jus innocent orange sans pulpe 900ml","p":2.61,"u":"2,90 €/L","img":"https://fd9-photos.leclercdrive.fr/image.ashx?id=2736583&use=l&cat=p&typeid=i","cat":285435},{"id":40303,"n":"Coton Duo Démaquillants Inell Ovale - Aloé véra - Disques x60","p":1.69,"img":"https://fd9-photos.leclercdrive.fr/image.ashx?id=1926957&use=l&cat=p&typeid=i","cat":285593},{"id":40312,"n":"Cèpes déshydratés Notre Jardin 40g","p":3.11,"u":"77,75 €/KG","img":"https://fd9-photos.leclercdrive.fr/image.ashx?id=2403276&use=l&cat=p&typeid=i","cat":284352},{"id":40313,"n":"Madeleines marbrées P'tit Déli Chocolat 400g","p":2.15,"u":"5,38 €/KG","img":"https://fd9-photos.leclercdrive.fr/image.ashx?id=2646065&use=l&cat=p&typeid=i","cat":284492},{"id":40321,"n":"Bonbons Confiseo Menthe Extrême - 250g","p":1.49,"u":"5,96 €/KG","img":"https://fd9-photos.leclercdrive.fr/image.ashx?id=2934712&use=l&cat=p&typeid=i","cat":304252},{"id":40329,"n":"Chocolat en poudre Equador Pur Cacao non sucré - 250g","p":3.28,"u":"13,12 €/KG","img":"https://fd9-photos.leclercdrive.fr/image.ashx?id=2120290&use=l&cat=p&typeid=i","cat":284504},{"id":40332,"n":"Bière aromatisée Desperados 5.9%vol. - 20x25cl","p":18.65,"u":"3,73 €/L","img":"https://fd9-photos.leclercdrive.fr/image.ashx?id=2977300&use=l&cat=p&typeid=i","cat":334878},{"id":40336,"n":"Bière blonde Heineken 12x33cl","p":11.3,"u":"2,85 €/L","img":"https://fd9-photos.leclercdrive.fr/image.ashx?id=3008110&use=l&cat=p&typeid=i","cat":334873},{"id":40342,"n":"Serviette Tena Lady - Maxi Night - x12","p":6.14,"u":"0,51 €/P","img":"https://fd9-photos.leclercdrive.fr/image.ashx?id=2597232&use=l&cat=p&typeid=i","cat":284628},{"id":40369,"n":"Gingembre Tanoshi En fines lamelles - 200g","p":3.75,"u":"18,75 €/KG","img":"https://fd9-photos.leclercdrive.fr/image.ashx?id=2921157&use=l&cat=p&typeid=i","cat":288992},{"id":40412,"n":"Thon entier Petit Navire Huile de tournesol - 160g","p":1.97,"u":"12,31 €/KG","img":"https://fd9-photos.leclercdrive.fr/image.ashx?id=2523846&use=l&cat=p&typeid=i","cat":303867},{"id":40430,"n":"Plat bébé soir Blédiner 8 mois  Patate douce carotte - 2x200g","p":2.19,"u":"5,48 €/KG","img":"https://fd9-photos.leclercdrive.fr/image.ashx?id=2902969&use=l&cat=p&typeid=i","cat":312239},{"id":40493,"n":"Panna Cotta Délisse Fruits rouges - 4x90g","p":2.19,"u":"6,08 €/KG","img":"https://fd9-photos.leclercdrive.fr/image.ashx?id=1846157&use=l&cat=p&typeid=i","cat":284419},{"id":40494,"n":"Compotes Andros Pomme châtaigne 8x100g","p":2.94,"u":"3,68 €/KG","img":"https://fd9-photos.leclercdrive.fr/image.ashx?id=2988611&use=l&cat=p&typeid=i","cat":284416},{"id":40495,"n":"Gâteau mix max Balconi Cacao 350g","p":1.98,"u":"5,66 €/KG","img":"https://fd9-photos.leclercdrive.fr/image.ashx?id=2878408&use=l&cat=p&typeid=i","cat":284495},{"id":40516,"n":"Compote Douceur du Verger Gourdes multivariétés - 12x90g","p":4.09,"u":"3,79 €/KG","img":"https://fd9-photos.leclercdrive.fr/image.ashx?id=2837051&use=l&cat=p&typeid=i","cat":284508},{"id":40518,"n":"Kit burritos Old El Paso extra doux - 491g","p":4.79,"u":"9,76 €/KG","img":"https://fd9-photos.leclercdrive.fr/image.ashx?id=2759496&use=l&cat=p&typeid=i","cat":288993},{"id":40519,"n":"Kit fajitas Old El Paso extra doux - 478g","p":5.14,"u":"10,75 €/KG","img":"https://fd9-photos.leclercdrive.fr/image.ashx?id=2765405&use=l&cat=p&typeid=i","cat":288993},{"id":40521,"n":"Terreau horticole Algo Soldor 50L","p":5.81,"u":"0,12 €/L","img":"https://fd9-photos.leclercdrive.fr/image.ashx?id=2657421&use=l&cat=p&typeid=i","cat":335919},{"id":40522,"n":"Préparation cassis NRT D'Ile de France - 315g","p":3.77,"u":"11,97 €/KG","img":"https://fd9-photos.leclercdrive.fr/image.ashx?id=779320&use=l&cat=p&typeid=i","cat":284480},{"id":40573,"n":"Tablette chocolat Milka Chocolat lait/Noisette - 2x100g","p":3.39,"u":"16,95 €/KG","img":"https://fd9-photos.leclercdrive.fr/image.ashx?id=2832422&use=l&cat=p&typeid=i","cat":284497},{"id":40574,"n":"Tablette chocolat Milka Chocolat lait/Riz - 2x100g","p":3.21,"u":"16,05 €/KG","img":"https://fd9-photos.leclercdrive.fr/image.ashx?id=2400448&use=l&cat=p&typeid=i","cat":284497},{"id":40586,"n":"Glaces Yéti Best Of - 8 bâtonnets - 360g","p":3.17,"u":"8,81 €/KG","img":"https://fd9-photos.leclercdrive.fr/image.ashx?id=1921194&use=l&cat=p&typeid=i","cat":285250},{"id":40612,"n":"Fromage de Brebis Etorki  180g","p":3.52,"u":"19,56 €/KG","img":"https://fd9-photos.leclercdrive.fr/image.ashx?id=2702816&use=l&cat=p&typeid=i","cat":329184},{"id":40614,"n":"Miettes de thon Petit Navire Huile de tournesol - 160g","p":1.92,"u":"12,00 €/KG","img":"https://fd9-photos.leclercdrive.fr/image.ashx?id=2519645&use=l&cat=p&typeid=i","cat":303867},{"id":40620,"n":"Jus innocent  orange sans pulpe 1.5L","p":3.78,"u":"2,52 €/L","img":"https://fd9-photos.leclercdrive.fr/image.ashx?id=2889811&use=l&cat=p&typeid=i","cat":285435},{"id":40626,"n":"AOC Rosé de Loire vin rosé Les Caractères - 75cl","p":3.69,"u":"4,92 €/L","img":"https://fd9-photos.leclercdrive.fr/image.ashx?id=2756149&use=l&cat=p&typeid=i","cat":289558},{"id":40631,"n":"Levure Chimique Alsacienne alsa 8 sachets - 88g","p":0.7,"u":"7,95 €/KG","img":"https://fd9-photos.leclercdrive.fr/image.ashx?id=3009335&use=l&cat=p&typeid=i","cat":294686},{"id":40649,"n":"Pansement Primoplast Transparents x40","p":0.99,"u":"0,02 €/P","img":"https://fd9-photos.leclercdrive.fr/image.ashx?id=2832957&use=l&cat=p&typeid=i","cat":284630},{"id":40652,"n":"Jus de cranberry Gayelord Hauser - 75cl","p":2.83,"u":"3,77 €/L","img":"https://fd9-photos.leclercdrive.fr/image.ashx?id=2750441&use=l&cat=p&typeid=i","cat":284915},{"id":40653,"n":"Jus de grenade Gayelord Hauser - 75cl","p":2.82,"u":"3,76 €/L","img":"https://fd9-photos.leclercdrive.fr/image.ashx?id=2923789&use=l&cat=p&typeid=i","cat":284915},{"id":40666,"n":"Antiseptique Primoplast Spray - 100ml","p":2.4,"u":"24,00 €/L","img":"https://fd9-photos.leclercdrive.fr/image.ashx?id=2856522&use=l&cat=p&typeid=i","cat":284630},{"id":40676,"n":"Beurre Tendre Président Demi-sel - 80% MG - 250g","p":3.36,"u":"13,44 €/KG","img":"https://fd9-photos.leclercdrive.fr/image.ashx?id=2731420&use=l&cat=p&typeid=i","cat":284379},{"id":40736,"n":"Saumon fumé Labeyrie Norvège 2 tranches - 75g","p":4.12,"u":"54,93 €/KG","img":"https://fd9-photos.leclercdrive.fr/image.ashx?id=2729905&use=l&cat=p&typeid=i","cat":285188},{"id":40739,"n":"AOC Savoie vin blanc Antoine Barrier - 75cl","p":6.79,"u":"9,05 €/L","img":"https://fd9-photos.leclercdrive.fr/image.ashx?id=2980677&use=l&cat=p&typeid=i","cat":289557},{"id":40774,"n":"Lingettes nettoyantes La Croix Désinfectant Javel - x 25","p":1.67,"u":"0,07 €/P","img":"https://fd9-photos.leclercdrive.fr/image.ashx?id=2540106&use=l&cat=p&typeid=i","cat":325358},{"id":40776,"n":"Détachant avant lavage K2R  Tâche incrustée mousse  - 400mL","p":2.88,"u":"7,20 €/L","img":"https://fd9-photos.leclercdrive.fr/image.ashx?id=2101177&use=l&cat=p&typeid=i","cat":284651},{"id":40784,"n":"Cacahuètes caramélisées Tokapi 400 g","p":3.19,"u":"7,98 €/KG","img":"https://fd9-photos.leclercdrive.fr/image.ashx?id=2294336&use=l&cat=p&typeid=i","cat":284448},{"id":40789,"n":"Yaourts à boire Délisse Fraise - 8x100g","p":1.95,"u":"2,44 €/KG","img":"https://fd9-photos.leclercdrive.fr/image.ashx?id=2762504&use=l&cat=p&typeid=i","cat":284415},{"id":40796,"n":"Rôti de porc Tradilège Supérieur Maxiformat 8tr- 240 g","p":3.17,"u":"13,21 €/KG","img":"https://fd9-photos.leclercdrive.fr/image.ashx?id=2930763&use=l&cat=p&typeid=i","cat":316009},{"id":40799,"n":"Cylindre d'échange CO2 Sodastream - à visser - 60L","p":11.44,"img":"https://fd9-photos.leclercdrive.fr/image.ashx?id=2858690&use=l&cat=p&typeid=i","cat":335916},{"id":40820,"n":"Concentré Antésite Sans sucre Réglisse Menthe - 13cl","p":3.65,"u":"28,08 €/L","img":"https://fd9-photos.leclercdrive.fr/image.ashx?id=2621245&use=l&cat=p&typeid=i","cat":295020},{"id":40821,"n":"Sirop Antésite Anis sans sucre - 13cl","p":3.66,"u":"28,15 €/L","img":"https://fd9-photos.leclercdrive.fr/image.ashx?id=2621242&use=l&cat=p&typeid=i","cat":295020},{"id":40828,"n":"Cornets La Basquaise x18 - 58g","p":2.05,"pp":1.64,"u":"28,28 €/KG","img":"https://fd9-photos.leclercdrive.fr/image.ashx?id=2983273&use=l&cat=p&typeid=i","cat":284487},{"id":40829,"n":"Sirop Eyguebelle Menthe - 1L","p":3.89,"u":"3,89 €/L","img":"https://fd9-photos.leclercdrive.fr/image.ashx?id=2020131&use=l&cat=p&typeid=i","cat":295020},{"id":40830,"n":"Sirop Eyguebelle Grenadine - 1L","p":3.99,"u":"3,99 €/L","img":"https://fd9-photos.leclercdrive.fr/image.ashx?id=2284406&use=l&cat=p&typeid=i","cat":295020},{"id":40833,"n":"Sirop Eyguebelle Pêche abricot - 1L","p":3.99,"u":"3,99 €/L","img":"https://fd9-photos.leclercdrive.fr/image.ashx?id=1753502&use=l&cat=p&typeid=i","cat":295020},{"id":40870,"n":"Purée de courgettes Florette 2x200g","p":2.84,"u":"7,10 €/KG","img":"https://fd9-photos.leclercdrive.fr/image.ashx?id=2790006&use=l&cat=p&typeid=i","cat":333665},{"id":40872,"n":"Ecrasé de légumes Florette Pomme de terre carottes 2x200g","p":2.89,"u":"7,23 €/KG","img":"https://fd9-photos.leclercdrive.fr/image.ashx?id=2767696&use=l&cat=p&typeid=i","cat":333665},{"id":40882,"n":"Sauce provençale Barilla 400g","p":1.88,"u":"4,70 €/KG","img":"https://fd9-photos.leclercdrive.fr/image.ashx?id=2832524&use=l&cat=p&typeid=i","cat":287599},{"id":40904,"n":"Pesto rosso Turini 190g","p":1.68,"u":"8,84 €/KG","img":"https://fd9-photos.leclercdrive.fr/image.ashx?id=2546257&use=l&cat=p&typeid=i","cat":287599},{"id":40908,"n":"Sauce pizza Tomapizza Panzani aux tomates et origan - 390g","p":1.36,"u":"3,49 €/KG","img":"https://fd9-photos.leclercdrive.fr/image.ashx?id=2744626&use=l&cat=p&typeid=i","cat":288384},{"id":40946,"n":"Whisky Chivas Regal 18 ans Blended Scotch 40% vol - 70cl","p":50.9,"pp":45.81,"u":"65,44 €/L","img":"https://fd9-photos.leclercdrive.fr/image.ashx?id=2884084&use=l&cat=p&typeid=i","cat":284547},{"id":40956,"n":"Whisky Jack Daniel's Single Barrel 70cL","p":30.53,"u":"43,61 €/L","img":"https://fd9-photos.leclercdrive.fr/image.ashx?id=2540013&use=l&cat=p&typeid=i","cat":284547},{"id":40967,"n":"AOP Bourgogne Aligoté vin blanc Antoine Barrier - 75cl","p":6.49,"u":"8,65 €/L","img":"https://fd9-photos.leclercdrive.fr/image.ashx?id=2883011&use=l&cat=p&typeid=i","cat":289557},{"id":40968,"n":"AOP Bordeaux Supérieur rouge Château Labatut Prestige - 75cl","p":5.9,"u":"7,87 €/L","img":"https://fd9-photos.leclercdrive.fr/image.ashx?id=2860973&use=l&cat=p&typeid=i","cat":289556},{"id":40988,"n":"Détachant Ace Délicat Système 8+ 2L","p":4.06,"u":"2,03 €/L","img":"https://fd9-photos.leclercdrive.fr/image.ashx?id=2559152&use=l&cat=p&typeid=i","cat":284651},{"id":40997,"n":"Panier forestier déshydraté  30g","p":1.66,"u":"55,33 €/KG","img":"https://fd9-photos.leclercdrive.fr/image.ashx?id=2618853&use=l&cat=p&typeid=i","cat":312610},{"id":41002,"n":"Repas fraicheur pour chat Sheba Volaille en sauce - 6x50g","p":2.7,"u":"9,00 €/KG","img":"https://fd9-photos.leclercdrive.fr/image.ashx?id=2888097&use=l&cat=p&typeid=i","cat":285286},{"id":41004,"n":"Bâtonnets Dentastix Pedigree  Fresh Petit chien x7 - 110g","p":2.13,"u":"19,36 €/KG","img":"https://fd9-photos.leclercdrive.fr/image.ashx?id=2850168&use=l&cat=p&typeid=i","cat":294527},{"id":41006,"n":"Biscuits chien Pedigree Markies fourrés - 500g","p":1.72,"u":"3,44 €/KG","img":"https://fd9-photos.leclercdrive.fr/image.ashx?id=2254319&use=l&cat=p&typeid=i","cat":294527},{"id":41009,"n":"Friandises chat Catisfactions Fromage - 60g","p":1.15,"u":"19,17 €/KG","img":"https://fd9-photos.leclercdrive.fr/image.ashx?id=2912608&use=l&cat=p&typeid=i","cat":285285},{"id":41016,"n":"Sachet fraîcheur chat Sheba Poissons en sauce - 4x85g","p":2.29,"u":"6,74 €/KG","img":"https://fd9-photos.leclercdrive.fr/image.ashx?id=2759625&use=l&cat=p&typeid=i","cat":285286},{"id":41018,"n":"Pur jus d'ananas Jafaden Bouteille 1L","p":1.99,"u":"1,99 €/L","img":"https://fd9-photos.leclercdrive.fr/image.ashx?id=2956729&use=l&cat=p&typeid=i","cat":284916},{"id":41019,"n":"Pur jus de raisin Jafaden Bouteille 1L","p":1.54,"u":"1,54 €/L","img":"https://fd9-photos.leclercdrive.fr/image.ashx?id=2860757&use=l&cat=p&typeid=i","cat":284915},{"id":41020,"n":"Pur jus Jafaden Clémentine - 1L","p":1.91,"u":"1,91 €/L","img":"https://fd9-photos.leclercdrive.fr/image.ashx?id=2895786&use=l&cat=p&typeid=i","cat":284915},{"id":41022,"n":"Sachet fraicheur chat Sheba Thon cabillaud en sauce - 6x50g","p":2.53,"u":"8,43 €/KG","img":"https://fd9-photos.leclercdrive.fr/image.ashx?id=2347128&use=l&cat=p&typeid=i","cat":285286},{"id":41029,"n":"Amandes en poudre 500g","p":4.41,"u":"8,82 €/KG","img":"https://fd9-photos.leclercdrive.fr/image.ashx?id=1588572&use=l&cat=p&typeid=i","cat":284504},{"id":41053,"n":"Poêlée Paysan Breton Aux 5 légumes - 1kg","p":3.27,"u":"3,27 €/KG","img":"https://fd9-photos.leclercdrive.fr/image.ashx?id=2882403&use=l&cat=p&typeid=i","cat":319823},{"id":41117,"n":"Vinaigre de nettoyage Clair Citron - 750ml","p":1.95,"u":"2,60 €/L","img":"https://fd9-photos.leclercdrive.fr/image.ashx?id=2949188&use=l&cat=p&typeid=i","cat":325365},{"id":41140,"n":"Filets maquereaux Pêche Océan Naturel - 95g","p":1.48,"u":"15,58 €/KG","img":"https://fd9-photos.leclercdrive.fr/image.ashx?id=2515685&use=l&cat=p&typeid=i","cat":303868},{"id":41162,"n":"Olives Apéritives Cassées à l'ail - 250g","p":2.98,"u":"11,92 €/KG","img":"https://fd9-photos.leclercdrive.fr/image.ashx?id=2833696&use=l&cat=p&typeid=i","cat":316002},{"id":41168,"n":"Alcool pour fruits Dob 40° - 1L","p":15.85,"u":"15,85 €/L","img":"https://fd9-photos.leclercdrive.fr/image.ashx?id=2179356&use=l&cat=p&typeid=i","cat":286032},{"id":41169,"n":"Sauce Madère Cruz 20cl","p":1.66,"u":"8,30 €/L","img":"https://fd9-photos.leclercdrive.fr/image.ashx?id=2498290&use=l&cat=p&typeid=i","cat":284913},{"id":41188,"n":"Captain Morgan Original Spiced Boisson à base de rhum- 70cl","p":12.69,"u":"18,13 €/L","img":"https://fd9-photos.leclercdrive.fr/image.ashx?id=2518403&use=l&cat=p&typeid=i","cat":284551},{"id":41190,"n":"Liqueur de Whisky Jack Daniel's Honey 70cL","p":19.95,"pp":17.95,"u":"25,64 €/L","img":"https://fd9-photos.leclercdrive.fr/image.ashx?id=2973982&use=l&cat=p&typeid=i","cat":286032},{"id":41212,"n":"Tomate et olive Cruscana 150g","p":2.12,"u":"14,13 €/KG","img":"https://fd9-photos.leclercdrive.fr/image.ashx?id=2790633&use=l&cat=p&typeid=i","cat":315999},{"id":41223,"n":"Chips natures paysannes Bret's Au sel de Guérande 250g","p":1.95,"u":"7,80 €/KG","img":"https://fd9-photos.leclercdrive.fr/image.ashx?id=2217651&use=l&cat=p&typeid=i","cat":284447},{"id":41237,"n":"Beurre La Motte Président Doux - 82%mg - 250g","p":3.19,"u":"12,76 €/KG","img":"https://fd9-photos.leclercdrive.fr/image.ashx?id=2896955&use=l&cat=p&typeid=i","cat":284379},{"id":41238,"n":"Beurre La Motte Président Sel de mer - 80% MG - 250g","p":3.19,"u":"12,76 €/KG","img":"https://fd9-photos.leclercdrive.fr/image.ashx?id=2896958&use=l&cat=p&typeid=i","cat":284379},{"id":41268,"n":"Croquettes chat  Eco+ Viandes légumes-  2kg","p":2.33,"u":"1,17 €/KG","img":"https://fd9-photos.leclercdrive.fr/image.ashx?id=2932381&use=l&cat=p&typeid=i","cat":284680},{"id":41271,"n":"Croquettes chiens Eco+ Adulte - Boeuf - 10kg","p":9.97,"u":"1,00 €/KG","img":"https://fd9-photos.leclercdrive.fr/image.ashx?id=2946808&use=l&cat=p&typeid=i","cat":284672},{"id":41275,"n":"Croquettes chat Purina One Sterilisé - Poulet - 1,5kg","p":6.94,"u":"4,63 €/KG","img":"https://fd9-photos.leclercdrive.fr/image.ashx?id=2488046&use=l&cat=p&typeid=i","cat":284680},{"id":41278,"n":"Croquettes chiens Eco+ Adulte - Viande -  4kg","p":3.93,"u":"0,98 €/KG","img":"https://fd9-photos.leclercdrive.fr/image.ashx?id=2946799&use=l&cat=p&typeid=i","cat":284672},{"id":41283,"n":"Sachets pour chats Gourmet Multivariétés - 12x85g","p":5.97,"u":"5,85 €/KG","img":"https://fd9-photos.leclercdrive.fr/image.ashx?id=2902343&use=l&cat=p&typeid=i","cat":285286},{"id":41285,"n":"Croquettes chaton Purina One  Junior -Poulet/Céréales - 1,5kg","p":7.87,"u":"5,25 €/KG","img":"https://fd9-photos.leclercdrive.fr/image.ashx?id=2433563&use=l&cat=p&typeid=i","cat":284680},{"id":41286,"n":"Croquettes chat Purina One  Stérilisé Adulte-Saumon/Blé-3kg","p":13.68,"u":"4,56 €/KG","img":"https://fd9-photos.leclercdrive.fr/image.ashx?id=2488049&use=l&cat=p&typeid=i","cat":284680},{"id":41287,"n":"Croquettes chiens Purina One Minis chiens adultes -  1,5kg","p":5.22,"u":"3,48 €/KG","img":"https://fd9-photos.leclercdrive.fr/image.ashx?id=2899674&use=l&cat=p&typeid=i","cat":294526},{"id":41289,"n":"Croquettes chat Purina One Urinary care - Poulet - 450g","p":2.98,"u":"6,62 €/KG","img":"https://fd9-photos.leclercdrive.fr/image.ashx?id=2459940&use=l&cat=p&typeid=i","cat":284680},{"id":41291,"n":"Croquettes chat Purina One Stérilisé Adulte-Boeuf/blé -3kg","p":13.74,"u":"4,58 €/KG","img":"https://fd9-photos.leclercdrive.fr/image.ashx?id=2488043&use=l&cat=p&typeid=i","cat":284680},{"id":41293,"n":"Sachets repas chats Purina One Stérilisés - Saumon Dinde 4x85g","p":2.13,"u":"6,26 €/KG","img":"https://fd9-photos.leclercdrive.fr/image.ashx?id=2902349&use=l&cat=p&typeid=i","cat":285286},{"id":41337,"n":"Lait céréales Blédidej 9 mois Madeleine - 4x250ml","p":3.72,"u":"3,72 €/L","img":"https://fd9-photos.leclercdrive.fr/image.ashx?id=2921052&use=l&cat=p&typeid=i","cat":312226},{"id":41352,"n":"Gommage visage Inell Douceur - 75ml","p":2.0,"u":"26,67 €/L","img":"https://fd9-photos.leclercdrive.fr/image.ashx?id=2686344&use=l&cat=p&typeid=i","cat":284603},{"id":41357,"n":"Steak *** Charal 130g","p":3.99,"u":"30,69 €/KG","img":"https://fd9-photos.leclercdrive.fr/image.ashx?id=1893005&use=l&cat=p&typeid=i","cat":284328},{"id":41422,"n":"Fromage à Tartiner St Môret  Nature - 300g","p":3.29,"u":"10,97 €/KG","img":"https://fd9-photos.leclercdrive.fr/image.ashx?id=2755465&use=l&cat=p&typeid=i","cat":314029},{"id":41447,"n":"Fromage fruité bloc Les Croisés 220g","p":2.75,"u":"12,50 €/KG","img":"https://fd9-photos.leclercdrive.fr/image.ashx?id=1961168&use=l&cat=p&typeid=i","cat":314034},{"id":41460,"n":"Pain de mie 100% Mie Harrys Complet sans croûte - 500g","p":1.94,"u":"3,88 €/KG","img":"https://fd9-photos.leclercdrive.fr/image.ashx?id=2731864&use=l&cat=p&typeid=i","cat":284477},{"id":41463,"n":"Autocollants Insectivor Anti-mouches - x4","p":2.54,"u":"0,64 €/P","img":"https://fd9-photos.leclercdrive.fr/image.ashx?id=2606828&use=l&cat=p&typeid=i","cat":298368},{"id":41464,"n":"Purée de tomates Turini Brique 500g","p":0.75,"u":"1,50 €/KG","img":"https://fd9-photos.leclercdrive.fr/image.ashx?id=2729287&use=l&cat=p&typeid=i","cat":288384},{"id":41465,"n":"Cotons Inell Maxi confort x80","p":1.78,"img":"https://fd9-photos.leclercdrive.fr/image.ashx?id=1926969&use=l&cat=p&typeid=i","cat":284636},{"id":41466,"n":"Coton carré bébé Mots d'Enfants Aloe vera x50","p":1.67,"u":"0,03 €/P","img":"https://fd9-photos.leclercdrive.fr/image.ashx?id=3014236&use=l&cat=p&typeid=i","cat":284739},{"id":41467,"n":"Sauce Pesto Tradizioni d'Italia Rosso - 180g","p":1.82,"u":"10,11 €/KG","img":"https://fd9-photos.leclercdrive.fr/image.ashx?id=2840034&use=l&cat=p&typeid=i","cat":287599},{"id":41478,"n":"Mouchoirs blancs 3 plis Univert Boîte mouchoirs en papier -x100","p":1.55,"u":"0,02 €/P","img":"https://fd9-photos.leclercdrive.fr/image.ashx?id=1960038&use=l&cat=p&typeid=i","cat":284638},{"id":41488,"n":"Sachets Insectivor Anti-mites anti-acariens - x24","p":2.89,"u":"0,12 €/P","img":"https://fd9-photos.leclercdrive.fr/image.ashx?id=2852952&use=l&cat=p&typeid=i","cat":298368},{"id":41492,"n":"Tartines croustillantes Wasa Fibres - 230g","p":1.56,"u":"6,78 €/KG","img":"https://fd9-photos.leclercdrive.fr/image.ashx?id=3011854&use=l&cat=p&typeid=i","cat":284479},{"id":41493,"n":"Tartines croustillantes Wasa Authentique - 275g","p":1.44,"u":"5,24 €/KG","img":"https://fd9-photos.leclercdrive.fr/image.ashx?id=3011857&use=l&cat=p&typeid=i","cat":284479},{"id":41494,"n":"Bière Red 8.6 Canette - 7.9%vol. - 50cl","p":1.7,"u":"3,40 €/L","img":"https://fd9-photos.leclercdrive.fr/image.ashx?id=2687329&use=l&cat=p&typeid=i","cat":334853},{"id":41517,"n":"Couches bébé Mots d'Enfants T6 Douceur - 16kg+ - x58 changes","p":12.75,"img":"https://fd9-photos.leclercdrive.fr/image.ashx?id=2904577&use=l&cat=p&typeid=i","cat":284737},{"id":41524,"n":"Ossau Iraty AOP Istara Fromage de brebis - 180g","p":3.7,"u":"20,56 €/KG","img":"https://fd9-photos.leclercdrive.fr/image.ashx?id=2766193&use=l&cat=p&typeid=i","cat":329184},{"id":41532,"n":"Gressins Tradizioni d'Italia A la turinoise - 250g","p":2.29,"u":"9,16 €/KG","img":"https://fd9-photos.leclercdrive.fr/image.ashx?id=2743918&use=l&cat=p&typeid=i","cat":297000},{"id":41534,"n":"Déodorant Spray Homme Nivea Men Black&White Original - 200ml","p":2.88,"u":"14,40 €/L","img":"https://fd9-photos.leclercdrive.fr/image.ashx?id=3005218&use=l&cat=p&typeid=i","cat":284618},{"id":41551,"n":"Soda Schweppes Saveur Citron - 1,5L","p":2.05,"u":"1,37 €/L","img":"https://fd9-photos.leclercdrive.fr/image.ashx?id=2852417&use=l&cat=p&typeid=i","cat":284532},{"id":41556,"n":"Boisson aux fruits Oasis Orange - 2L","p":2.46,"u":"1,23 €/L","img":"https://fd9-photos.leclercdrive.fr/image.ashx?id=2688653&use=l&cat=p&typeid=i","cat":295018},{"id":41579,"n":"Macédoine déjà égouttée D'aucy  530g","p":1.99,"u":"3,75 €/KG","img":"https://fd9-photos.leclercdrive.fr/image.ashx?id=2835833&use=l&cat=p&typeid=i","cat":312612},{"id":41603,"n":"Coeurs d'artichauts Eco + 240g","p":1.64,"u":"6,83 €/KG","img":"https://fd9-photos.leclercdrive.fr/image.ashx?id=2946154&use=l&cat=p&typeid=i","cat":312611},{"id":41606,"n":"Artichauts Tradizioni d'Italia  Demi coeurs - 280g","p":3.89,"u":"13,89 €/KG","img":"https://fd9-photos.leclercdrive.fr/image.ashx?id=2840040&use=l&cat=p&typeid=i","cat":312611},{"id":41625,"n":"Tomates Tradizioni d'Italia Séchées à huile d'olive - 270g","p":3.49,"u":"12,93 €/KG","img":"https://fd9-photos.leclercdrive.fr/image.ashx?id=2840037&use=l&cat=p&typeid=i","cat":284458},{"id":41647,"n":"AOP Alsace Gewurztraminer   vin blanc Rebmann - 75 cl","p":5.99,"u":"7,99 €/L","img":"https://fd9-photos.leclercdrive.fr/image.ashx?id=2989938&use=l&cat=p&typeid=i","cat":289557},{"id":41700,"n":"Sauce Tomate Cuisinée Heinz Ail & Oignon - 520g","p":1.37,"u":"2,63 €/KG","img":"https://fd9-photos.leclercdrive.fr/image.ashx?id=2950849&use=l&cat=p&typeid=i","cat":288384},{"id":41754,"n":"IGP Mortadelle Bologna Montorsi I Freshi - 120g","p":2.71,"u":"22,58 €/KG","img":"https://fd9-photos.leclercdrive.fr/image.ashx?id=2525852&use=l&cat=p&typeid=i","cat":316009},{"id":41755,"n":"Saucisson rustico Montorsi 100g","p":2.67,"u":"26,70 €/KG","img":"https://fd9-photos.leclercdrive.fr/image.ashx?id=2525855&use=l&cat=p&typeid=i","cat":316007},{"id":41782,"n":"Whisky Talisker Skye 45,8%vol. Etui - 70cl","p":33.9,"u":"48,43 €/L","img":"https://fd9-photos.leclercdrive.fr/image.ashx?id=2165887&use=l&cat=p&typeid=i","cat":284547},{"id":41800,"n":"Mayonnaise Fine & Douce Lesieur 475g","p":2.34,"u":"4,93 €/KG","img":"https://fd9-photos.leclercdrive.fr/image.ashx?id=2918541&use=l&cat=p&typeid=i","cat":298295},{"id":41804,"n":"Asperges vertes d'aucy  37cl","p":3.06,"u":"16,54 €/KG","img":"https://fd9-photos.leclercdrive.fr/image.ashx?id=2665901&use=l&cat=p&typeid=i","cat":312611},{"id":41827,"n":"Nuggets de Poulet Père Dodu   x20 - 400g - Familial","p":4.15,"u":"10,38 €/KG","img":"https://fd9-photos.leclercdrive.fr/image.ashx?id=2957167&use=l&cat=p&typeid=i","cat":333684},{"id":41830,"n":"Saucisses Francfort Stoeffler Cuites et fumées - 6x40g","p":2.16,"u":"9,00 €/KG","img":"https://fd9-photos.leclercdrive.fr/image.ashx?id=2767537&use=l&cat=p&typeid=i","cat":316012},{"id":41831,"n":"AOC Bordeaux Sauvignon vin  blanc Chantet Blanet - 75cl","p":3.95,"u":"5,27 €/L","img":"https://fd9-photos.leclercdrive.fr/image.ashx?id=2679750&use=l&cat=p&typeid=i","cat":289557},{"id":41832,"n":"Saucisse Strasbourg Stoeffler Cuites et fumées 6x40g","p":2.16,"u":"9,00 €/KG","img":"https://fd9-photos.leclercdrive.fr/image.ashx?id=2767534&use=l&cat=p&typeid=i","cat":316012},{"id":41841,"n":"AOP Bordeaux vin rouge Chantet Blanet - 75cl","p":2.89,"u":"3,85 €/L","img":"https://fd9-photos.leclercdrive.fr/image.ashx?id=2741285&use=l&cat=p&typeid=i","cat":289556},{"id":41844,"n":"AOC Côtes du Rhône Villages vin rouge Plan de Diey - 75cl","p":4.99,"u":"6,65 €/L","img":"https://fd9-photos.leclercdrive.fr/image.ashx?id=2742620&use=l&cat=p&typeid=i","cat":289556},{"id":41845,"n":"Génoise fourrée Kinder Pingui Lait et cacao x8 - 240g","p":2.41,"u":"10,04 €/KG","img":"https://fd9-photos.leclercdrive.fr/image.ashx?id=2855352&use=l&cat=p&typeid=i","cat":284420},{"id":41846,"n":"Compotes Andros Panachés 16x100g","p":4.97,"u":"3,11 €/KG","img":"https://fd9-photos.leclercdrive.fr/image.ashx?id=2921343&use=l&cat=p&typeid=i","cat":284416},{"id":41858,"n":"Yaourt SMARTIES Fraise bonbons chocolat 4x120g","p":2.54,"u":"5,29 €/KG","img":"https://fd9-photos.leclercdrive.fr/image.ashx?id=2890046&use=l&cat=p&typeid=i","cat":284414},{"id":41862,"n":"Compotes Andros 6 Pommes  et 6 pommes fraises - 12x100g","p":3.32,"u":"2,77 €/KG","img":"https://fd9-photos.leclercdrive.fr/image.ashx?id=2988318&use=l&cat=p&typeid=i","cat":284416},{"id":41867,"n":"AOC Côtes de Provence vin rosé Terres Ocrées - 37,5cl","p":2.99,"u":"7,97 €/L","img":"https://fd9-photos.leclercdrive.fr/image.ashx?id=2891782&use=l&cat=p&typeid=i","cat":289558},{"id":41868,"n":"Bûche de chèvre Soignon 400g","p":4.32,"u":"10,80 €/KG","img":"https://fd9-photos.leclercdrive.fr/image.ashx?id=2840988&use=l&cat=p&typeid=i","cat":314031},{"id":41870,"n":"Pur jus d'orange Jafaden Sans pulpe - 50cl","p":1.39,"u":"2,78 €/L","img":"https://fd9-photos.leclercdrive.fr/image.ashx?id=2917652&use=l&cat=p&typeid=i","cat":284521},{"id":41874,"n":"AOC Muscadet Sèvre et Maine sur Lie Les Caractères - 37,5cl","p":3.29,"u":"8,77 €/L","img":"https://fd9-photos.leclercdrive.fr/image.ashx?id=2750144&use=l&cat=p&typeid=i","cat":289557},{"id":41878,"n":"Bière aromatisée Desquiles Red 5,9%vol. - 50cl","p":1.49,"u":"2,98 €/L","img":"https://fd9-photos.leclercdrive.fr/image.ashx?id=2664809&use=l&cat=p&typeid=i","cat":334853},{"id":41880,"n":"AOC Graves vin rouge Chantet Blanet - 75cl","p":4.75,"u":"6,33 €/L","img":"https://fd9-photos.leclercdrive.fr/image.ashx?id=2943656&use=l&cat=p&typeid=i","cat":289556},{"id":41883,"n":"Steaks Hachés Charolais Charal Pur Bœuf 12%MG - 10x100g - 1kg","p":15.23,"u":"15,23 €/KG","img":"https://fd9-photos.leclercdrive.fr/image.ashx?id=2741943&use=l&cat=p&typeid=i","cat":319778},{"id":41892,"n":"Pur jus multifruits Jafaden 50cl","p":0.99,"u":"1,98 €/L","img":"https://fd9-photos.leclercdrive.fr/image.ashx?id=2956723&use=l&cat=p&typeid=i","cat":284917},{"id":41903,"n":"Jus de pomme Jafaden A base de concentré - 2L","p":1.85,"u":"0,93 €/L","img":"https://fd9-photos.leclercdrive.fr/image.ashx?id=2470240&use=l&cat=p&typeid=i","cat":284522},{"id":41910,"n":"Sirop de pêche de Provence NRT 70cl","p":3.2,"u":"4,57 €/L","img":"https://fd9-photos.leclercdrive.fr/image.ashx?id=2699825&use=l&cat=p&typeid=i","cat":295020},{"id":41912,"n":"Sirop fraise de Plougastel NRT 70cl","p":3.2,"u":"4,57 €/L","img":"https://fd9-photos.leclercdrive.fr/image.ashx?id=2590481&use=l&cat=p&typeid=i","cat":295020},{"id":41914,"n":"Crème hydratante Inell Visage-corps 200ml","p":2.07,"u":"10,35 €/L","img":"https://fd9-photos.leclercdrive.fr/image.ashx?id=1903869&use=l&cat=p&typeid=i","cat":325345},{"id":41915,"n":"AOP Morgon vin rouge Antoine Barrier - 75cl","p":6.99,"u":"9,32 €/L","img":"https://fd9-photos.leclercdrive.fr/image.ashx?id=2919640&use=l&cat=p&typeid=i","cat":289556},{"id":41921,"n":"Vin d'Union Européenne blanc Adrien Champaud - 75 cl","p":1.85,"u":"2,47 €/L","img":"https://fd9-photos.leclercdrive.fr/image.ashx?id=2955722&use=l&cat=p&typeid=i","cat":289557},{"id":41923,"n":"Vin d'Union Européenne rosé Adrien Champaud 11% vol BIB 5L","p":8.49,"u":"1,70 €/L","img":"https://fd9-photos.leclercdrive.fr/image.ashx?id=2959707&use=l&cat=p&typeid=i","cat":289560},{"id":41924,"n":"Vin d'Union Européenne rouge Adrien Champaud 12% vol BIB 5L","p":8.49,"u":"1,70 €/L","img":"https://fd9-photos.leclercdrive.fr/image.ashx?id=2959710&use=l&cat=p&typeid=i","cat":289560},{"id":41990,"n":"Steaks Hachés Limousin Charal Pur Bœuf 12%MG - 8x125g - 1kg","p":15.23,"u":"15,23 €/KG","img":"https://fd9-photos.leclercdrive.fr/image.ashx?id=2974626&use=l&cat=p&typeid=i","cat":319778},{"id":42041,"n":"Olives vertes Tropic Apéro Dénoyautées à l'ail - 110g","p":1.69,"u":"15,36 €/KG","img":"https://fd9-photos.leclercdrive.fr/image.ashx?id=2438972&use=l&cat=p&typeid=i","cat":316002},{"id":42042,"n":"Purée de potiron Florette 2x200g","p":3.08,"u":"7,70 €/KG","img":"https://fd9-photos.leclercdrive.fr/image.ashx?id=2832062&use=l&cat=p&typeid=i","cat":333665},{"id":42044,"n":"Noix de cajou Maître Prunille Sans sel, grillé, sachet 200g","p":4.65,"u":"23,25 €/KG","img":"https://fd9-photos.leclercdrive.fr/image.ashx?id=1750478&use=l&cat=p&typeid=i","cat":284357},{"id":42045,"n":"Amande grillée Maître Prunille Décortiquée sans sel 250g","p":4.51,"u":"18,04 €/KG","img":"https://fd9-photos.leclercdrive.fr/image.ashx?id=1750481&use=l&cat=p&typeid=i","cat":284448},{"id":42046,"n":"Pruneaux d'Agen Maître Prunille IGP Dénoyautés - 500g","p":5.86,"u":"11,72 €/KG","img":"https://fd9-photos.leclercdrive.fr/image.ashx?id=2016029&use=l&cat=p&typeid=i","cat":284357},{"id":42057,"n":"Asperges blanches d'aucy  21,2cl","p":1.93,"u":"17,55 €/KG","img":"https://fd9-photos.leclercdrive.fr/image.ashx?id=2597720&use=l&cat=p&typeid=i","cat":312611},{"id":42063,"n":"Madeleines Saint Michel Oeufs de poule plein air - 500g","p":2.01,"u":"4,02 €/KG","img":"https://fd9-photos.leclercdrive.fr/image.ashx?id=2936191&use=l&cat=p&typeid=i","cat":284492},{"id":42067,"n":"Biscuits p'tit déjeuner BN Chocolat - 200g","p":1.58,"u":"7,90 €/KG","img":"https://fd9-photos.leclercdrive.fr/image.ashx?id=2603468&use=l&cat=p&typeid=i","cat":284491},{"id":42082,"n":"Gaufrette wafers Balconi Vanille multi - 225g","p":1.31,"u":"5,82 €/KG","img":"https://fd9-photos.leclercdrive.fr/image.ashx?id=2453700&use=l&cat=p&typeid=i","cat":284488},{"id":42111,"n":"Haché de veau Férial Façon bouchère - x2 - 200g","p":3.19,"u":"15,95 €/KG","img":"https://fd9-photos.leclercdrive.fr/image.ashx?id=2903986&use=l&cat=p&typeid=i","cat":284332},{"id":42117,"n":"Céréales muesli Bjorg Bio Sans sucre ajoutés - 375g","p":1.93,"u":"5,15 €/KG","img":"https://fd9-photos.leclercdrive.fr/image.ashx?id=2906163&use=l&cat=p&typeid=i","cat":309512},{"id":42123,"n":"Jus de pruneaux Gayelord Hauser - 75cl","p":2.83,"u":"3,77 €/L","img":"https://fd9-photos.leclercdrive.fr/image.ashx?id=2962482&use=l&cat=p&typeid=i","cat":284915},{"id":42140,"n":"Sirop La Maison Guiot Grenadine - 70cl","p":3.1,"u":"4,43 €/L","img":"https://fd9-photos.leclercdrive.fr/image.ashx?id=2857195&use=l&cat=p&typeid=i","cat":295020},{"id":42218,"n":"Bloc WC Bref Power  Activ'Océan toilettes - 50g x1","p":1.64,"u":"32,80 €/KG","img":"https://fd9-photos.leclercdrive.fr/image.ashx?id=2789802&use=l&cat=p&typeid=i","cat":284662},{"id":42235,"n":"Galette Tipiak Jambon/fromage - 2x125g","p":3.12,"u":"12,48 €/KG","img":"https://fd9-photos.leclercdrive.fr/image.ashx?id=2819334&use=l&cat=p&typeid=i","cat":319776},{"id":42236,"n":"Gambas rouge Gimbert Ocean Sauvage royale 6/8 - 400g","p":12.04,"u":"30,10 €/KG","img":"https://fd9-photos.leclercdrive.fr/image.ashx?id=2889652&use=l&cat=p&typeid=i","cat":319787},{"id":42291,"n":"Huile pour friture Eco + 1L","p":2.23,"u":"2,23 €/L","img":"https://fd9-photos.leclercdrive.fr/image.ashx?id=2913639&use=l&cat=p&typeid=i","cat":284453},{"id":42292,"n":"Vinaigrette allégée Eco + Nature - 1L","p":1.02,"u":"1,02 €/L","img":"https://fd9-photos.leclercdrive.fr/image.ashx?id=2970432&use=l&cat=p&typeid=i","cat":284456},{"id":42295,"n":"Vinaigrette bi-phase Rustica Vin rouge/échalote - 50cl","p":2.49,"u":"4,98 €/L","img":"https://fd9-photos.leclercdrive.fr/image.ashx?id=2142190&use=l&cat=p&typeid=i","cat":284456},{"id":42297,"n":"Sauce caesar Rustica 50cl","p":2.59,"u":"5,18 €/L","img":"https://fd9-photos.leclercdrive.fr/image.ashx?id=1972928&use=l&cat=p&typeid=i","cat":284456},{"id":42298,"n":"Boisson végétale Bio Village Avoine bio - 1l","p":1.39,"u":"1,39 €/L","img":"https://fd9-photos.leclercdrive.fr/image.ashx?id=2358096&use=l&cat=p&typeid=i","cat":316067},{"id":42305,"n":"IGP Vinaigre balsamique Maille De Modène - 250ml","p":2.82,"u":"11,28 €/L","img":"https://fd9-photos.leclercdrive.fr/image.ashx?id=2805669&use=l&cat=p&typeid=i","cat":298543},{"id":42321,"n":"Nettoyant Menager Cif lingettes Ocean Antibacterien - x120","p":2.48,"img":"https://fd9-photos.leclercdrive.fr/image.ashx?id=2747163&use=l&cat=p&typeid=i","cat":325358},{"id":42325,"n":"Spray Nettoyant Menager Cif  Antibacterien - 750 ml","p":2.31,"u":"3,08 €/L","img":"https://fd9-photos.leclercdrive.fr/image.ashx?id=2813540&use=l&cat=p&typeid=i","cat":325357},{"id":42331,"n":"Saucisses Knacki Herta Poulet x10 - 350g","p":1.5,"u":"4,29 €/KG","img":"https://fd9-photos.leclercdrive.fr/image.ashx?id=2290431&use=l&cat=p&typeid=i","cat":316012},{"id":42341,"n":"Compotes Pom'Potes Gourdes  Multivariétés Inédits - 12x90g","p":5.54,"u":"5,13 €/KG","img":"https://fd9-photos.leclercdrive.fr/image.ashx?id=2864309&use=l&cat=p&typeid=i","cat":284508},{"id":42347,"n":"Pansements enfants Primoplast x20","p":0.69,"u":"0,03 €/P","img":"https://fd9-photos.leclercdrive.fr/image.ashx?id=2958062&use=l&cat=p&typeid=i","cat":284630},{"id":42428,"n":"Pains au chocolat Pasquier x8 - 360g","p":2.24,"u":"6,22 €/KG","img":"https://fd9-photos.leclercdrive.fr/image.ashx?id=2863446&use=l&cat=p&typeid=i","cat":296366},{"id":42442,"n":"Moutarde forte Eco + 370g","p":0.73,"u":"1,97 €/KG","img":"https://fd9-photos.leclercdrive.fr/image.ashx?id=2954319&use=l&cat=p&typeid=i","cat":288850},{"id":42443,"n":"Cornichons Pasteur Eco + Au vinaigre - 360g","p":1.24,"u":"3,44 €/KG","img":"https://fd9-photos.leclercdrive.fr/image.ashx?id=2974714&use=l&cat=p&typeid=i","cat":284458},{"id":42448,"n":"Capsules Nescafé Dolce Gusto  Ricoré Latte - x16","p":4.64,"u":"27,62 €/KG","img":"https://fd9-photos.leclercdrive.fr/image.ashx?id=2818085&use=l&cat=p&typeid=i","cat":293239},{"id":42450,"n":"Moutarde verrine Maille Fin gourmet - 155g","p":2.26,"u":"14,58 €/KG","img":"https://fd9-photos.leclercdrive.fr/image.ashx?id=2076209&use=l&cat=p&typeid=i","cat":288850},{"id":42452,"n":"Moutarde douce Amora Flacon souple - 260g","p":1.9,"u":"7,31 €/KG","img":"https://fd9-photos.leclercdrive.fr/image.ashx?id=3005401&use=l&cat=p&typeid=i","cat":288850},{"id":42460,"n":"Olives vertes entières Eco + 400g","p":1.07,"u":"2,68 €/KG","img":"https://fd9-photos.leclercdrive.fr/image.ashx?id=2609261&use=l&cat=p&typeid=i","cat":284458},{"id":42461,"n":"Olives vertes Eco + Dénoyautées - 320g","p":1.88,"u":"5,88 €/KG","img":"https://fd9-photos.leclercdrive.fr/image.ashx?id=2609264&use=l&cat=p&typeid=i","cat":284458},{"id":42508,"n":"Cookies Nestlé Dessert Pépites de chocolat - 351g","p":3.55,"u":"10,11 €/KG","img":"https://fd9-photos.leclercdrive.fr/image.ashx?id=2848382&use=l&cat=p&typeid=i","cat":284505},{"id":42516,"n":"Préparation Francine Pâte à pizza - 520g","p":1.57,"u":"3,02 €/KG","img":"https://fd9-photos.leclercdrive.fr/image.ashx?id=2989123&use=l&cat=p&typeid=i","cat":284503},{"id":42560,"n":"Jus innocent ananas passion 900ml","p":2.83,"u":"3,14 €/L","img":"https://fd9-photos.leclercdrive.fr/image.ashx?id=2861740&use=l&cat=p&typeid=i","cat":285435},{"id":42562,"n":"soja cuisine fluide bjorg  bio 3x200ml","p":2.33,"u":"3,88 €/L","img":"https://fd9-photos.leclercdrive.fr/image.ashx?id=2950033&use=l&cat=p&typeid=i","cat":316069},{"id":42563,"n":"Boisson végétale lait d'amande bio bjorg sans sucre - 1l","p":1.82,"u":"1,82 €/L","img":"https://fd9-photos.leclercdrive.fr/image.ashx?id=2939415&use=l&cat=p&typeid=i","cat":316067},{"id":42565,"n":"Vinaigre blanc d'alcool Eco +  - 1,5L","p":0.6,"u":"0,40 €/L","img":"https://fd9-photos.leclercdrive.fr/image.ashx?id=2954049&use=l&cat=p&typeid=i","cat":298543},{"id":42566,"n":"Céréales fourrées bio Bio Village - Tout choco - 375g","p":3.85,"u":"10,27 €/KG","img":"https://fd9-photos.leclercdrive.fr/image.ashx?id=2722402&use=l&cat=p&typeid=i","cat":309513},{"id":42567,"n":"Pâte à tartiner Bio Jardin Bio - 750g","p":6.61,"u":"8,81 €/KG","img":"https://fd9-photos.leclercdrive.fr/image.ashx?id=2918925&use=l&cat=p&typeid=i","cat":284481},{"id":42569,"n":"Double concentré Bio Jardin Bio Tomate - 140g","p":0.93,"u":"6,64 €/KG","img":"https://fd9-photos.leclercdrive.fr/image.ashx?id=2944867&use=l&cat=p&typeid=i","cat":288384},{"id":42577,"n":"Chocolat noir Bio Ethiquable Ecorces d'orange - 100g","p":2.82,"u":"28,20 €/KG","img":"https://fd9-photos.leclercdrive.fr/image.ashx?id=2870851&use=l&cat=p&typeid=i","cat":284956},{"id":42578,"n":"Chocolat pâtissier Ethiquable Bio - Noir - 200g","p":3.34,"u":"16,70 €/KG","img":"https://fd9-photos.leclercdrive.fr/image.ashx?id=2870863&use=l&cat=p&typeid=i","cat":285562},{"id":42620,"n":"Crème glacée Salge Clémentine - 750ml","p":5.79,"u":"7,72 €/L","img":"https://fd9-photos.leclercdrive.fr/image.ashx?id=1989429&use=l&cat=p&typeid=i","cat":284263},{"id":42622,"n":"Crème glacée Salge Vanille canistrelli - 750ml","p":6.58,"u":"8,77 €/L","img":"https://fd9-photos.leclercdrive.fr/image.ashx?id=1989423&use=l&cat=p&typeid=i","cat":284263},{"id":42624,"n":"Pâtes coudes rayés Panzani 1kg","p":2.16,"u":"2,16 €/KG","img":"https://fd9-photos.leclercdrive.fr/image.ashx?id=2876029&use=l&cat=p&typeid=i","cat":284427},{"id":42628,"n":"Chips Bret's Fromage du Jura - 125g","p":1.18,"u":"9,44 €/KG","img":"https://fd9-photos.leclercdrive.fr/image.ashx?id=1916976&use=l&cat=p&typeid=i","cat":284447},{"id":42655,"n":"Huile merveilleuse Garnier Huile d'argan & camélia - 150ml","p":7.0,"u":"46,67 €/L","img":"https://fd9-photos.leclercdrive.fr/image.ashx?id=2661730&use=l&cat=p&typeid=i","cat":284608},{"id":42665,"n":"Gel shampooing douche Fa Men Extreme cool flacon - 250ml","p":1.56,"u":"6,24 €/L","img":"https://fd9-photos.leclercdrive.fr/image.ashx?id=2995094&use=l&cat=p&typeid=i","cat":284621},{"id":42667,"n":"Soin de jour L'Oréal Paris Revitalift Anti-Âge - 50ml","p":14.96,"u":"299,20 €/L","img":"https://fd9-photos.leclercdrive.fr/image.ashx?id=2921876&use=l&cat=p&typeid=i","cat":325345},{"id":42703,"n":"P'tit Basque Istara Fromage de brebis - 220g","p":5.46,"u":"24,82 €/KG","img":"https://fd9-photos.leclercdrive.fr/image.ashx?id=2759876&use=l&cat=p&typeid=i","cat":329184},{"id":42740,"n":"Galette saint Jacques Tipiak Au beurre persillé - 2x125g","p":4.33,"u":"17,32 €/KG","img":"https://fd9-photos.leclercdrive.fr/image.ashx?id=2819337&use=l&cat=p&typeid=i","cat":319776},{"id":42747,"n":"Whisky blend the Famous grouse 40%vol. - 1L","p":21.18,"u":"21,18 €/L","img":"https://fd9-photos.leclercdrive.fr/image.ashx?id=2958878&use=l&cat=p&typeid=i","cat":284547},{"id":42757,"n":"Emmental rapé Eco + 30% MG - 500g","p":3.7,"u":"7,40 €/KG","img":"https://fd9-photos.leclercdrive.fr/image.ashx?id=2615801&use=l&cat=p&typeid=i","cat":314035},{"id":42759,"n":"Copeaux Parmigiano Reggiano AOP Les Croisés - 80g","p":1.9,"u":"23,75 €/KG","img":"https://fd9-photos.leclercdrive.fr/image.ashx?id=2935504&use=l&cat=p&typeid=i","cat":314035},{"id":42789,"n":"Cheddar Les Croisés 32% MG Tranchettes - 200g","p":2.64,"u":"13,20 €/KG","img":"https://fd9-photos.leclercdrive.fr/image.ashx?id=2796064&use=l&cat=p&typeid=i","cat":314028},{"id":42799,"n":"Miel liquide Bio Squeezer Bio village - 250g","p":2.95,"u":"11,80 €/KG","img":"https://fd9-photos.leclercdrive.fr/image.ashx?id=2348268&use=l&cat=p&typeid=i","cat":287643},{"id":42800,"n":"Vodka Smirnoff Ice 4D 4%vol - 70cl","p":3.34,"u":"4,77 €/L","img":"https://fd9-photos.leclercdrive.fr/image.ashx?id=2111082&use=l&cat=p&typeid=i","cat":284550},{"id":42809,"n":"Berlingots de javel Clair Eucalyptus - 3x250ml","p":1.3,"u":"1,73 €/L","img":"https://fd9-photos.leclercdrive.fr/image.ashx?id=1067940&use=l&cat=p&typeid=i","cat":284661},{"id":42826,"n":"Nettoyant vitre cristal Clair 750 ml","p":1.75,"u":"2,33 €/L","img":"https://fd9-photos.leclercdrive.fr/image.ashx?id=1647715&use=l&cat=p&typeid=i","cat":325363},{"id":42846,"n":"Cacahuètes Menguy's Grillées et salées - 800g","p":5.39,"u":"6,74 €/KG","img":"https://fd9-photos.leclercdrive.fr/image.ashx?id=2979800&use=l&cat=p&typeid=i","cat":284448},{"id":42847,"n":"Pop corn salé Menguy's Micro-ondes - 3x90g","p":1.88,"u":"6,96 €/KG","img":"https://fd9-photos.leclercdrive.fr/image.ashx?id=2966023&use=l&cat=p&typeid=i","cat":284449},{"id":42848,"n":"Sel de mer fin iodé La Baleine 1kg","p":0.96,"u":"0,96 €/KG","img":"https://fd9-photos.leclercdrive.fr/image.ashx?id=1752079&use=l&cat=p&typeid=i","cat":284457},{"id":42858,"n":"Eau gazeuse Vichy Célestins - 6x50cl","p":3.18,"u":"1,06 €/L","img":"https://fd9-photos.leclercdrive.fr/image.ashx?id=2991933&use=l&cat=p&typeid=i","cat":284536},{"id":42859,"n":"Bière blonde Heineken 5%vol. - 8x15cl","p":4.15,"u":"3,46 €/L","img":"https://fd9-photos.leclercdrive.fr/image.ashx?id=3008104&use=l&cat=p&typeid=i","cat":334873},{"id":42872,"n":"Jus innocent pomme framboise 900ml","p":2.95,"u":"3,28 €/L","img":"https://fd9-photos.leclercdrive.fr/image.ashx?id=2862877&use=l&cat=p&typeid=i","cat":285435},{"id":42938,"n":"Soupe instantanée Royco  Bouillon de Volailles 3x200ml","p":1.59,"u":"49,69 €/KG","img":"https://fd9-photos.leclercdrive.fr/image.ashx?id=2651423&use=l&cat=p&typeid=i","cat":293527},{"id":42964,"n":"Os à mâcher Lydog Fourrés boeuf - 2x100g","p":2.3,"u":"11,50 €/KG","img":"https://fd9-photos.leclercdrive.fr/image.ashx?id=1947283&use=l&cat=p&typeid=i","cat":294527},{"id":42965,"n":"Pepites de chocolat au lait Tablier Blanc - 100g","p":2.03,"u":"20,30 €/KG","img":"https://fd9-photos.leclercdrive.fr/image.ashx?id=2723141&use=l&cat=p&typeid=i","cat":284504},{"id":42967,"n":"Haricots verts Notre Jardin Extra fins vapeur - 225g","p":1.6,"u":"7,11 €/KG","img":"https://fd9-photos.leclercdrive.fr/image.ashx?id=2988087&use=l&cat=p&typeid=i","cat":312606},{"id":42968,"n":"Petits pois doux Notre Jardin Vapeur - 530g","p":1.91,"u":"3,60 €/KG","img":"https://fd9-photos.leclercdrive.fr/image.ashx?id=3002608&use=l&cat=p&typeid=i","cat":312607},{"id":42974,"n":"Haricots rouges Notre Jardin A la mexicaine - 800g","p":2.42,"u":"3,03 €/KG","img":"https://fd9-photos.leclercdrive.fr/image.ashx?id=3002614&use=l&cat=p&typeid=i","cat":312612},{"id":42977,"n":"Mini crackers Bio Village Bio Fromage/courges - 110g","p":2.49,"u":"22,64 €/KG","img":"https://fd9-photos.leclercdrive.fr/image.ashx?id=1944150&use=l&cat=p&typeid=i","cat":297000},{"id":42981,"n":"Goûter fourré Bio Village Bio - Chocolat au lait - 185g","p":2.06,"u":"11,14 €/KG","img":"https://fd9-photos.leclercdrive.fr/image.ashx?id=2704505&use=l&cat=p&typeid=i","cat":284488},{"id":42992,"n":"Tortillas chips Tokapi Fromage - 150g","p":0.99,"u":"6,60 €/KG","img":"https://fd9-photos.leclercdrive.fr/image.ashx?id=2647961&use=l&cat=p&typeid=i","cat":287899},{"id":43004,"n":"Crêpes apéritives Tokapi Roquefort - 65g","p":1.9,"u":"29,23 €/KG","img":"https://fd9-photos.leclercdrive.fr/image.ashx?id=2874693&use=l&cat=p&typeid=i","cat":297000},{"id":43006,"n":"Colorants alimentaires  Tablier Blanc - 3x6ml","p":1.24,"u":"68,89 €/L","img":"https://fd9-photos.leclercdrive.fr/image.ashx?id=2487470&use=l&cat=p&typeid=i","cat":284504},{"id":43009,"n":"Biscuits fourrés P'tit Deli Noisette - 225g","p":1.38,"u":"6,13 €/KG","img":"https://fd9-photos.leclercdrive.fr/image.ashx?id=2861419&use=l&cat=p&typeid=i","cat":284488},{"id":43010,"n":"Biscuit roulé P'tit Deli Cacao/vanille - 154g","p":0.88,"u":"5,71 €/KG","img":"https://fd9-photos.leclercdrive.fr/image.ashx?id=2124110&use=l&cat=p&typeid=i","cat":284488},{"id":43016,"n":"Asperges blanches moyennes Notre Jardin - 205g","p":1.99,"u":"9,71 €/KG","img":"https://fd9-photos.leclercdrive.fr/image.ashx?id=2049058&use=l&cat=p&typeid=i","cat":312611},{"id":43017,"n":"Betterave en Dés Notre Jardin 265g","p":1.02,"u":"3,85 €/KG","img":"https://fd9-photos.leclercdrive.fr/image.ashx?id=1993203&use=l&cat=p&typeid=i","cat":312611},{"id":43019,"n":"Biscuits animaux P'tit Déli Nappés chocolat lait - 225g","p":1.64,"u":"7,29 €/KG","img":"https://fd9-photos.leclercdrive.fr/image.ashx?id=2529602&use=l&cat=p&typeid=i","cat":284488},{"id":43049,"n":"Steak haché charolais Férial  15%mg x4 - 400g","p":6.39,"u":"15,98 €/KG","img":"https://fd9-photos.leclercdrive.fr/image.ashx?id=2823762&use=l&cat=p&typeid=i","cat":319778},{"id":43153,"n":"Culottes Huggies Drynites Fille 3-5 ans - x16","p":11.49,"u":"0,72 €/P","img":"https://fd9-photos.leclercdrive.fr/image.ashx?id=2844715&use=l&cat=p&typeid=i","cat":290633},{"id":43197,"n":"Tartine Grilletine de Pasquier Briochées - x18 - 242g","p":1.86,"u":"7,69 €/KG","img":"https://fd9-photos.leclercdrive.fr/image.ashx?id=2333054&use=l&cat=p&typeid=i","cat":284479},{"id":43218,"n":"Pains au lait Pasquier x20 - 700g","p":2.84,"u":"4,06 €/KG","img":"https://fd9-photos.leclercdrive.fr/image.ashx?id=2609315&use=l&cat=p&typeid=i","cat":293505},{"id":43237,"n":"Lotion démaquillante Inell Douceur yeux - 150ml","p":1.6,"u":"10,67 €/L","img":"https://fd9-photos.leclercdrive.fr/image.ashx?id=1993197&use=l&cat=p&typeid=i","cat":284603},{"id":43266,"n":"Formule boost Daco Bello Fruits secs - 200g","p":3.81,"u":"19,05 €/KG","img":"https://fd9-photos.leclercdrive.fr/image.ashx?id=2576955&use=l&cat=p&typeid=i","cat":284357},{"id":43269,"n":"Formule détente Daco Bello Pomme - 200g","p":3.77,"u":"18,85 €/KG","img":"https://fd9-photos.leclercdrive.fr/image.ashx?id=2620284&use=l&cat=p&typeid=i","cat":284357},{"id":43287,"n":"Dentifrice Dentamyl Blancheur extrême - 75ml","p":0.95,"u":"12,67 €/L","img":"https://fd9-photos.leclercdrive.fr/image.ashx?id=2613837&use=l&cat=p&typeid=i","cat":284612},{"id":43303,"n":"Panna Cotta Fruits rouges Rians 2x120g","p":2.69,"u":"11,21 €/KG","img":"https://fd9-photos.leclercdrive.fr/image.ashx?id=2555412&use=l&cat=p&typeid=i","cat":284419},{"id":43309,"n":"Dessert végétal Sojasun  Chocolat - 6x100g","p":2.5,"u":"4,17 €/KG","img":"https://fd9-photos.leclercdrive.fr/image.ashx?id=2355692&use=l&cat=p&typeid=i","cat":316071},{"id":43330,"n":"Crème dessert chocolat Danette Pop billes magix - 4x120g","p":2.56,"u":"5,33 €/KG","img":"https://fd9-photos.leclercdrive.fr/image.ashx?id=2935717&use=l&cat=p&typeid=i","cat":285041},{"id":43341,"n":"Thon mariné Petit Navire Basilic - 110g","p":2.22,"u":"20,18 €/KG","img":"https://fd9-photos.leclercdrive.fr/image.ashx?id=2542965&use=l&cat=p&typeid=i","cat":303867},{"id":43349,"n":"Laurier feuille entière Ducros 17g","p":1.77,"u":"104,12 €/KG","img":"https://fd9-photos.leclercdrive.fr/image.ashx?id=2486566&use=l&cat=p&typeid=i","cat":298297},{"id":43350,"n":"Coriandre en feuilles Ducros 7g","p":1.76,"u":"251,43 €/KG","img":"https://fd9-photos.leclercdrive.fr/image.ashx?id=2486584&use=l&cat=p&typeid=i","cat":298297},{"id":43358,"n":"Sel fin Eco+ Boîte verseuse - 750g","p":0.53,"u":"0,71 €/KG","img":"https://fd9-photos.leclercdrive.fr/image.ashx?id=2974705&use=l&cat=p&typeid=i","cat":284457},{"id":43372,"n":"AOP Saumur-Champigny vin rouge Les Caractères - 75cl","p":4.99,"u":"6,65 €/L","img":"https://fd9-photos.leclercdrive.fr/image.ashx?id=2745478&use=l&cat=p&typeid=i","cat":289556},{"id":43373,"n":"AOP Vin rouge  Alsace Pinot noir - 75 cl","p":5.99,"u":"7,99 €/L","img":"https://fd9-photos.leclercdrive.fr/image.ashx?id=2709698&use=l&cat=p&typeid=i","cat":289556},{"id":43381,"n":"Dessert liégeois Viennois  Chocolat - 12x100g","p":4.07,"u":"3,39 €/KG","img":"https://fd9-photos.leclercdrive.fr/image.ashx?id=2875987&use=l&cat=p&typeid=i","cat":285042},{"id":43394,"n":"Spaghetti  Tradizioni d'Italia n°118  Pasta di Gragnano 500g","p":1.52,"u":"3,04 €/KG","img":"https://fd9-photos.leclercdrive.fr/image.ashx?id=2657301&use=l&cat=p&typeid=i","cat":284427},{"id":43396,"n":"Farfalle Tradizioni d'Italia N°210 - 500g","p":1.52,"u":"3,04 €/KG","img":"https://fd9-photos.leclercdrive.fr/image.ashx?id=2657304&use=l&cat=p&typeid=i","cat":284427},{"id":43398,"n":"Fusilli Tradizioni d'Italia N°140 - 500g","p":1.52,"u":"3,04 €/KG","img":"https://fd9-photos.leclercdrive.fr/image.ashx?id=2657307&use=l&cat=p&typeid=i","cat":284427},{"id":43403,"n":"Orechiette Tradizioni d'Italia N°292 - 500g","p":1.69,"u":"3,38 €/KG","img":"https://fd9-photos.leclercdrive.fr/image.ashx?id=2699507&use=l&cat=p&typeid=i","cat":284427},{"id":43409,"n":"AOP Côtes de Bergerac moelleux Terrasses d'Autan - 75cl","p":3.7,"u":"4,93 €/L","img":"https://fd9-photos.leclercdrive.fr/image.ashx?id=2929873&use=l&cat=p&typeid=i","cat":289557},{"id":43417,"n":"IGP Pays d'Oc blanc Roche Mazet Chardonnay 12.5% vol - 75cl","p":3.58,"u":"4,77 €/L","img":"https://fd9-photos.leclercdrive.fr/image.ashx?id=2991945&use=l&cat=p&typeid=i","cat":289557},{"id":43604,"n":"Jus d'orange Jafaden Sans pulpe - 1.5L","p":3.13,"u":"2,09 €/L","img":"https://fd9-photos.leclercdrive.fr/image.ashx?id=2723147&use=l&cat=p&typeid=i","cat":285435},{"id":43605,"n":"Jus de clémentine Jafaden  1.5L","p":2.99,"u":"1,99 €/L","img":"https://fd9-photos.leclercdrive.fr/image.ashx?id=2723150&use=l&cat=p&typeid=i","cat":285435},{"id":43617,"n":"Poivre gris moulu Ducros Classique - 36g","p":1.44,"u":"40,00 €/KG","img":"https://fd9-photos.leclercdrive.fr/image.ashx?id=2559475&use=l&cat=p&typeid=i","cat":284457},{"id":43618,"n":"Flocons d'avoine Quaker Oats 550g","p":1.72,"u":"3,13 €/KG","img":"https://fd9-photos.leclercdrive.fr/image.ashx?id=2140656&use=l&cat=p&typeid=i","cat":309512},{"id":43621,"n":"Liquide vaisselle Uni vert Ecologique PSS 500ml","p":1.15,"u":"2,30 €/L","img":"https://fd9-photos.leclercdrive.fr/image.ashx?id=2999508&use=l&cat=p&typeid=i","cat":284655},{"id":43623,"n":"AOC Bordeaux vin rouge Chantet Blanet - 37,5cl","p":1.99,"u":"5,31 €/L","img":"https://fd9-photos.leclercdrive.fr/image.ashx?id=2718611&use=l&cat=p&typeid=i","cat":289556},{"id":43669,"n":"AOC Puisseguin Saint-Émilion vin rouge Chantet Blanet - 75cl","p":6.49,"u":"8,65 €/L","img":"https://fd9-photos.leclercdrive.fr/image.ashx?id=2783431&use=l&cat=p&typeid=i","cat":289556},{"id":43670,"n":"AOC Juliénas vin rouge Antoine Barrier - 75cl","p":6.99,"u":"9,32 €/L","img":"https://fd9-photos.leclercdrive.fr/image.ashx?id=2723368&use=l&cat=p&typeid=i","cat":289556},{"id":43718,"n":"Croquettes chat Whiskas Stérilisé saumon - 1,75kg","p":5.25,"u":"3,00 €/KG","img":"https://fd9-photos.leclercdrive.fr/image.ashx?id=2915597&use=l&cat=p&typeid=i","cat":284680},{"id":43719,"n":"Croquettes chat Whiskas Stérilisé poulet - 1.75kg","p":5.36,"u":"3,06 €/KG","img":"https://fd9-photos.leclercdrive.fr/image.ashx?id=2952872&use=l&cat=p&typeid=i","cat":284680},{"id":43758,"n":"AOP Brouilly vin rouge Antoine Barrier - 75cl","p":6.79,"u":"9,05 €/L","img":"https://fd9-photos.leclercdrive.fr/image.ashx?id=3004552&use=l&cat=p&typeid=i","cat":289556},{"id":43769,"n":"Préservatifs Skyn Manix Original - x10","p":7.77,"img":"https://fd9-photos.leclercdrive.fr/image.ashx?id=2928810&use=l&cat=p&typeid=i","cat":284631},{"id":43771,"n":"Spray démelant  200ml","p":2.55,"u":"12,75 €/L","img":"https://fd9-photos.leclercdrive.fr/image.ashx?id=2712986&use=l&cat=p&typeid=i","cat":284608},{"id":43778,"n":"Morceaux de thon Listao Eco+ 130g","p":0.99,"u":"7,62 €/KG","img":"https://fd9-photos.leclercdrive.fr/image.ashx?id=2593809&use=l&cat=p&typeid=i","cat":303867},{"id":43844,"n":"Friandises chats Tous mes amis Sticks au Poulet - 3x5g - 15g","p":0.56,"u":"37,33 €/KG","img":"https://fd9-photos.leclercdrive.fr/image.ashx?id=1947507&use=l&cat=p&typeid=i","cat":285285},{"id":43845,"n":"Friandises chats Tous mes amis Sticks au Saumon  - 3x5g - 15g","p":0.56,"u":"37,33 €/KG","img":"https://fd9-photos.leclercdrive.fr/image.ashx?id=802043&use=l&cat=p&typeid=i","cat":285285},{"id":43924,"n":"AOP Vin blanc italien  Prosecco Vilaveroni 75cl","p":7.6,"u":"10,13 €/L","img":"https://fd9-photos.leclercdrive.fr/image.ashx?id=2492351&use=l&cat=p&typeid=i","cat":289461},{"id":43930,"n":"Vin mousseux blanc Festillant Sans alcool - 75cl","p":3.23,"u":"4,31 €/L","img":"https://fd9-photos.leclercdrive.fr/image.ashx?id=2980899&use=l&cat=p&typeid=i","cat":289460},{"id":43931,"n":"Pétillant Festillant Mojito Sans alcool - 75cl","p":2.92,"u":"3,89 €/L","img":"https://fd9-photos.leclercdrive.fr/image.ashx?id=2910118&use=l&cat=p&typeid=i","cat":289460},{"id":43933,"n":"Vin pétillant d'Allemagne Festillant Sans alcool - 75cl","p":3.2,"u":"4,27 €/L","img":"https://fd9-photos.leclercdrive.fr/image.ashx?id=2910115&use=l&cat=p&typeid=i","cat":289460},{"id":43938,"n":"Champagne Victoire Martel Brut 12%vol - 75cl","p":24.57,"u":"32,76 €/L","img":"https://fd9-photos.leclercdrive.fr/image.ashx?id=2050132&use=l&cat=p&typeid=i","cat":284542},{"id":43943,"n":"Champagne Cordon rouge Mumm Millésime - 75cl","p":37.95,"pp":34.95,"u":"46,60 €/L","img":"https://fd9-photos.leclercdrive.fr/image.ashx?id=2953758&use=l&cat=p&typeid=i","cat":284542},{"id":43964,"n":"Mini bûches Eskiss Fruits - x6 - 333g","p":2.29,"u":"6,88 €/KG","img":"https://fd9-photos.leclercdrive.fr/image.ashx?id=2791317&use=l&cat=p&typeid=i","cat":284266},{"id":44016,"n":"Bocal Morilles extra séchées   Borde - 25g","p":14.99,"pp":9.89,"u":"395,60 €/KG","img":"https://fd9-photos.leclercdrive.fr/image.ashx?id=2731081&use=l&cat=p&typeid=i","cat":284352},{"id":44040,"n":"Soufflé grignot' Tokapi  jambon fromage 90g","p":0.89,"u":"9,89 €/KG","img":"https://fd9-photos.leclercdrive.fr/image.ashx?id=803076&use=l&cat=p&typeid=i","cat":284449},{"id":44071,"n":"Boudins blancs Bahier Truffe x3 - 375g","p":4.12,"u":"10,99 €/KG","img":"https://fd9-photos.leclercdrive.fr/image.ashx?id=2967016&use=l&cat=p&typeid=i","cat":316012},{"id":44072,"n":"Boudin blanc Bahier aux noix de St Jacques x3 375g","p":4.14,"u":"11,04 €/KG","img":"https://fd9-photos.leclercdrive.fr/image.ashx?id=2967022&use=l&cat=p&typeid=i","cat":316012},{"id":44081,"n":"Eau aromatisée Volvic Juicy Fraise - 1,5L","p":1.35,"u":"0,90 €/L","img":"https://fd9-photos.leclercdrive.fr/image.ashx?id=2964664&use=l&cat=p&typeid=i","cat":284537},{"id":44082,"n":"Eau aromatisée Volvic juicy Fruits exotiques - 1,5L","p":1.35,"u":"0,90 €/L","img":"https://fd9-photos.leclercdrive.fr/image.ashx?id=2964667&use=l&cat=p&typeid=i","cat":284537},{"id":44083,"n":"Eau gazeuse  Badoit verte finement pétillante - 6x1l","p":3.47,"u":"0,58 €/L","img":"https://fd9-photos.leclercdrive.fr/image.ashx?id=2919259&use=l&cat=p&typeid=i","cat":284536},{"id":44085,"n":"Petit quatre quarts Bonne Maman x10 - 300g","p":3.12,"u":"10,40 €/KG","img":"https://fd9-photos.leclercdrive.fr/image.ashx?id=2936149&use=l&cat=p&typeid=i","cat":284492},{"id":44090,"n":"AOP Monbazillac vin blanc Moelleux Terrasses d'Autan-75cl","p":6.99,"u":"9,32 €/L","img":"https://fd9-photos.leclercdrive.fr/image.ashx?id=2756873&use=l&cat=p&typeid=i","cat":289557},{"id":44091,"n":"AOC Côtes du Rhône Villages vin rouge Rives & Terrasses - 75cl","p":3.89,"u":"5,19 €/L","img":"https://fd9-photos.leclercdrive.fr/image.ashx?id=2755064&use=l&cat=p&typeid=i","cat":289556},{"id":44092,"n":"AOC Lalande-de-Pomerol vin rouge Chantet Blanet - 75cl","p":8.49,"u":"11,32 €/L","img":"https://fd9-photos.leclercdrive.fr/image.ashx?id=2809665&use=l&cat=p&typeid=i","cat":289556},{"id":44094,"n":"Bière blonde Leffe 6,6% - 50cl canette","p":1.85,"u":"3,70 €/L","img":"https://fd9-photos.leclercdrive.fr/image.ashx?id=2948417&use=l&cat=p&typeid=i","cat":334853},{"id":44095,"n":"Bière blonde Leffe 6,6% - 75cl","p":2.46,"u":"3,28 €/L","img":"https://fd9-photos.leclercdrive.fr/image.ashx?id=1720789&use=l&cat=p&typeid=i","cat":334852},{"id":44097,"n":"Quinoa 500g","p":2.84,"u":"5,68 €/KG","img":"https://fd9-photos.leclercdrive.fr/image.ashx?id=3012845&use=l&cat=p&typeid=i","cat":284429},{"id":44166,"n":"Vinaigre de Riz Tanoshi Flacon 150ml","p":3.5,"u":"23,33 €/L","img":"https://fd9-photos.leclercdrive.fr/image.ashx?id=2907982&use=l&cat=p&typeid=i","cat":288992},{"id":44168,"n":"Guacamole en pot 300g","p":1.75,"u":"5,83 €/KG","img":"https://fd9-photos.leclercdrive.fr/image.ashx?id=2466072&use=l&cat=p&typeid=i","cat":288993},{"id":44170,"n":"Assaisonnement pour Fajitas Mélange d'épices - 30g","p":1.06,"u":"35,33 €/KG","img":"https://fd9-photos.leclercdrive.fr/image.ashx?id=2477565&use=l&cat=p&typeid=i","cat":288993},{"id":44171,"n":"6 wraps de blé nature 370g","p":1.99,"u":"5,38 €/KG","img":"https://fd9-photos.leclercdrive.fr/image.ashx?id=2679741&use=l&cat=p&typeid=i","cat":288993},{"id":44172,"n":"Assaisonnement pour Guacamole Tables du monde - 20g","p":0.95,"u":"47,50 €/KG","img":"https://fd9-photos.leclercdrive.fr/image.ashx?id=2489125&use=l&cat=p&typeid=i","cat":288993},{"id":44173,"n":"Après-shampooing Nateis Cheveux colorés - 250ml","p":1.63,"u":"6,52 €/L","img":"https://fd9-photos.leclercdrive.fr/image.ashx?id=1889788&use=l&cat=p&typeid=i","cat":284607},{"id":44174,"n":"Après-shampooing doux Nateis Cheveux secs - 250ml","p":1.35,"u":"5,40 €/KG","img":"https://fd9-photos.leclercdrive.fr/image.ashx?id=2626811&use=l&cat=p&typeid=i","cat":284607},{"id":44175,"n":"Masque nourrisant Natéïs Cheuveux secs et frisés - 300ml","p":2.63,"u":"8,77 €/L","img":"https://fd9-photos.leclercdrive.fr/image.ashx?id=1875848&use=l&cat=p&typeid=i","cat":284608},{"id":44181,"n":"Poivrons grillés Florelli Antipasti - 280g","p":3.3,"u":"11,79 €/KG","img":"https://fd9-photos.leclercdrive.fr/image.ashx?id=2633091&use=l&cat=p&typeid=i","cat":289010},{"id":44183,"n":"Tortillas Old El Paso de blé nature x8 - 326g","p":2.22,"u":"6,81 €/KG","img":"https://fd9-photos.leclercdrive.fr/image.ashx?id=2737642&use=l&cat=p&typeid=i","cat":288993},{"id":44184,"n":"Kit fajitas Old El Paso Original doux - 500g","p":4.77,"u":"9,54 €/KG","img":"https://fd9-photos.leclercdrive.fr/image.ashx?id=2940576&use=l&cat=p&typeid=i","cat":288993},{"id":44185,"n":"Kit Burritos Old El Paso Original paprika doux - 510g","p":4.55,"u":"8,92 €/KG","img":"https://fd9-photos.leclercdrive.fr/image.ashx?id=2940579&use=l&cat=p&typeid=i","cat":288993},{"id":44186,"n":"Kit Enchiladas Old El Paso au four doux - 657g","p":5.02,"u":"7,64 €/KG","img":"https://fd9-photos.leclercdrive.fr/image.ashx?id=2759502&use=l&cat=p&typeid=i","cat":288993},{"id":44195,"n":"Détachant avant lavage K2R  Action complète pistolet -750ml","p":3.16,"u":"4,21 €/L","img":"https://fd9-photos.leclercdrive.fr/image.ashx?id=2101180&use=l&cat=p&typeid=i","cat":284651},{"id":44197,"n":"Couches Activ+ Mots d'Enfants T4 : 7/18kg - x39 changes","p":12.89,"u":"0,33 €/P","img":"https://fd9-photos.leclercdrive.fr/image.ashx?id=2934715&use=l&cat=p&typeid=i","cat":284737},{"id":44198,"n":"Déodorant Carré Homme Vetiver Attirant - 100ml","p":1.12,"u":"11,20 €/L","img":"https://fd9-photos.leclercdrive.fr/image.ashx?id=2440751&use=l&cat=p&typeid=i","cat":284618},{"id":44226,"n":"Ciboulette Les Crudettes 11g","p":1.37,"u":"124,55 €/KG","img":"https://fd9-photos.leclercdrive.fr/image.ashx?id=2654629&use=l&cat=p&typeid=i","cat":293607},{"id":44273,"n":"Miettes de thon Petit Navire À l'huile d'olive - 160g","p":2.77,"u":"17,31 €/KG","img":"https://fd9-photos.leclercdrive.fr/image.ashx?id=2519642&use=l&cat=p&typeid=i","cat":303867},{"id":44278,"n":"Ravioli bolognaise Panzani - 400g","p":2.7,"u":"6,75 €/KG","img":"https://fd9-photos.leclercdrive.fr/image.ashx?id=2876059&use=l&cat=p&typeid=i","cat":284442},{"id":44279,"n":"Fromage apéritif Apericube Panier de campagne 24 cubes","p":2.47,"u":"19,76 €/KG","img":"https://fd9-photos.leclercdrive.fr/image.ashx?id=2882656&use=l&cat=p&typeid=i","cat":314027},{"id":44293,"n":"Emmental râpé  Entremont  français 160g","p":1.88,"u":"11,75 €/KG","img":"https://fd9-photos.leclercdrive.fr/image.ashx?id=2983153&use=l&cat=p&typeid=i","cat":314035},{"id":44298,"n":"L'Ortolan familial  Fromagerie Milleret-  330g","p":3.33,"u":"10,09 €/KG","img":"https://fd9-photos.leclercdrive.fr/image.ashx?id=2226400&use=l&cat=p&typeid=i","cat":314033},{"id":44300,"n":"Mini bûches de chèvre Soignon x6 - 150g","p":3.0,"u":"20,00 €/KG","img":"https://fd9-photos.leclercdrive.fr/image.ashx?id=2646560&use=l&cat=p&typeid=i","cat":314030},{"id":44307,"n":"Fromage Tomme noire NRT IGP  des Pyrénées - 200g","p":2.45,"u":"12,25 €/KG","img":"https://fd9-photos.leclercdrive.fr/image.ashx?id=2849596&use=l&cat=p&typeid=i","cat":329184},{"id":44327,"n":"Vin Union Européenne rosé Le Tonnelier - BIB 5L","p":8.56,"u":"1,71 €/L","img":"https://fd9-photos.leclercdrive.fr/image.ashx?id=2107474&use=l&cat=p&typeid=i","cat":289560},{"id":44330,"n":"IGP Pays d'Oc blanc Roche Mazet Chardonnay 12% vol BIB 3L","p":12.22,"u":"4,07 €/L","img":"https://fd9-photos.leclercdrive.fr/image.ashx?id=2597130&use=l&cat=p&typeid=i","cat":289557},{"id":44336,"n":"Savon Noir liquide Briochin Ecocert - 1L","p":2.76,"u":"2,76 €/L","img":"https://fd9-photos.leclercdrive.fr/image.ashx?id=3011389&use=l&cat=p&typeid=i","cat":325365},{"id":44340,"n":"Cire cheveux Taft Effet mat tenue forte - 75ml","p":3.19,"u":"42,53 €/L","img":"https://fd9-photos.leclercdrive.fr/image.ashx?id=2410937&use=l&cat=p&typeid=i","cat":284609},{"id":44350,"n":"Matière grasse 55%MG Primevère à tartiner - 1/2sel - 500g","p":2.87,"u":"5,74 €/KG","img":"https://fd9-photos.leclercdrive.fr/image.ashx?id=1740281&use=l&cat=p&typeid=i","cat":315229},{"id":44361,"n":"Chocolat Pâtissier Nestlé Dessert : Noir - 205g","p":3.01,"u":"14,68 €/KG","img":"https://fd9-photos.leclercdrive.fr/image.ashx?id=2938920&use=l&cat=p&typeid=i","cat":285562},{"id":44364,"n":"Bonbon Alpin Fresh Ricola Sans sucres - 50g","p":1.76,"u":"35,20 €/KG","img":"https://fd9-photos.leclercdrive.fr/image.ashx?id=2387831&use=l&cat=p&typeid=i","cat":304256},{"id":44370,"n":"Préservatifs perles et nervures X12","p":2.42,"u":"0,20 €/P","img":"https://fd9-photos.leclercdrive.fr/image.ashx?id=2856196&use=l&cat=p&typeid=i","cat":284631},{"id":44385,"n":"Saumon fumé Ronde des Mers   Sauvage Alaska x8T - 240g","p":12.49,"u":"52,04 €/KG","img":"https://fd9-photos.leclercdrive.fr/image.ashx?id=2976294&use=l&cat=p&typeid=i","cat":285188},{"id":44434,"n":"Nectar Bio Pressade Multifruits - 1,5L","p":2.14,"u":"1,43 €/L","img":"https://fd9-photos.leclercdrive.fr/image.ashx?id=2732533&use=l&cat=p&typeid=i","cat":284917},{"id":44445,"n":"Wraps Old El Paso de blé nature x6 - 350g","p":2.48,"u":"7,09 €/KG","img":"https://fd9-photos.leclercdrive.fr/image.ashx?id=2737645&use=l&cat=p&typeid=i","cat":288993},{"id":44567,"n":"Oeufs de Nos Régions Plein air Oméga 3 - x6","p":1.52,"u":"0,25 €/P","img":"https://fd9-photos.leclercdrive.fr/image.ashx?id=2969770&use=l&cat=p&typeid=i","cat":284378},{"id":44568,"n":"Oeufs frais De Nos Régions  Oméga 3 - Plein Air - x12","p":2.88,"u":"0,24 €/P","img":"https://fd9-photos.leclercdrive.fr/image.ashx?id=2969788&use=l&cat=p&typeid=i","cat":284378},{"id":44572,"n":"AOC Bordeaux Supérieur vin rouge Chantet Blanet - 75cl","p":3.49,"u":"4,65 €/L","img":"https://fd9-photos.leclercdrive.fr/image.ashx?id=2776570&use=l&cat=p&typeid=i","cat":289556},{"id":44573,"n":"Lingettes tableau de bord TECH9 x25","p":3.14,"u":"0,13 €/P","img":"https://fd9-photos.leclercdrive.fr/image.ashx?id=2162441&use=l&cat=p&typeid=i","cat":298252},{"id":44574,"n":"Nettoyant textiles TECH9 Avec brosse - 400ml","p":4.59,"u":"11,48 €/L","img":"https://fd9-photos.leclercdrive.fr/image.ashx?id=1543900&use=l&cat=p&typeid=i","cat":298252},{"id":44576,"n":"Dégivrant -25°C TECH9 400ml","p":2.65,"u":"6,63 €/L","img":"https://fd9-photos.leclercdrive.fr/image.ashx?id=1543909&use=l&cat=p&typeid=i","cat":298252},{"id":44577,"n":"Nettoyant jantes TECH9 500ml","p":3.99,"u":"7,98 €/L","img":"https://fd9-photos.leclercdrive.fr/image.ashx?id=2162450&use=l&cat=p&typeid=i","cat":298252},{"id":44578,"n":"Madeleines Saint Michel Pépites chocolat 400g","p":1.98,"u":"4,95 €/KG","img":"https://fd9-photos.leclercdrive.fr/image.ashx?id=2936200&use=l&cat=p&typeid=i","cat":284492},{"id":44657,"n":"Bière blonde Leffe Rituel 9% - 12x25cl","p":9.31,"u":"3,10 €/L","img":"https://fd9-photos.leclercdrive.fr/image.ashx?id=2548288&use=l&cat=p&typeid=i","cat":334852},{"id":44706,"n":"Palets bretons P'tit Déli 2x125g","p":1.84,"u":"7,36 €/KG","img":"https://fd9-photos.leclercdrive.fr/image.ashx?id=2820134&use=l&cat=p&typeid=i","cat":284487},{"id":44725,"n":"3 Légumes Bonduelle Choux carotte brocolis - 750g","p":3.17,"u":"4,23 €/KG","img":"https://fd9-photos.leclercdrive.fr/image.ashx?id=2876164&use=l&cat=p&typeid=i","cat":319805},{"id":44738,"n":"Haricots verts Notre Jardin cuits 750g","p":1.55,"u":"2,07 €/KG","img":"https://fd9-photos.leclercdrive.fr/image.ashx?id=1858229&use=l&cat=p&typeid=i","cat":319805},{"id":44739,"n":"Choux fleurs Notre Jardin  cuits 750g","p":1.74,"u":"2,32 €/KG","img":"https://fd9-photos.leclercdrive.fr/image.ashx?id=2900145&use=l&cat=p&typeid=i","cat":319805},{"id":44740,"n":"Frites allumettes Pom'lisse 2.5kg","p":4.59,"u":"1,84 €/KG","img":"https://fd9-photos.leclercdrive.fr/image.ashx?id=2699492&use=l&cat=p&typeid=i","cat":319791},{"id":44741,"n":"Riz sushi Table du monde 500g","p":1.19,"u":"2,38 €/KG","img":"https://fd9-photos.leclercdrive.fr/image.ashx?id=2679753&use=l&cat=p&typeid=i","cat":288992},{"id":44742,"n":"Duo de Fleurettes Bio  Bio Village - 600g","p":2.55,"u":"4,25 €/KG","img":"https://fd9-photos.leclercdrive.fr/image.ashx?id=2898065&use=l&cat=p&typeid=i","cat":319805},{"id":44743,"n":"Julienne de légumes Bio Village Bio - 600g","p":1.99,"u":"3,32 €/KG","img":"https://fd9-photos.leclercdrive.fr/image.ashx?id=2175780&use=l&cat=p&typeid=i","cat":319823},{"id":44745,"n":"Mini boulettes au boeuf Férial  x50 - 750g","p":6.99,"u":"9,32 €/KG","img":"https://fd9-photos.leclercdrive.fr/image.ashx?id=2966511&use=l&cat=p&typeid=i","cat":319779},{"id":44746,"n":"Glace Mystère Extrême Vanille Meringue x4 308.6g","p":5.14,"u":"16,63 €/KG","img":"https://fd9-photos.leclercdrive.fr/image.ashx?id=2878375&use=l&cat=p&typeid=i","cat":284266},{"id":44758,"n":"Grattugiato 29% MG Les Croisés  100g","p":1.49,"u":"14,90 €/KG","img":"https://fd9-photos.leclercdrive.fr/image.ashx?id=2806859&use=l&cat=p&typeid=i","cat":314035},{"id":44767,"n":"Dés Gouda cumin Les Croisés 30%MG - 150g","p":1.95,"u":"13,00 €/KG","img":"https://fd9-photos.leclercdrive.fr/image.ashx?id=2532844&use=l&cat=p&typeid=i","cat":314027},{"id":44808,"n":"AOC Côtes du Rhône rouge BIO Rives & Terrasses - 75cl","p":3.99,"u":"5,32 €/L","img":"https://fd9-photos.leclercdrive.fr/image.ashx?id=2928318&use=l&cat=p&typeid=i","cat":289556},{"id":44859,"n":"Olives Vertes -25% sel Tramier  Dénoyautées 160g","p":2.07,"u":"12,94 €/KG","img":"https://fd9-photos.leclercdrive.fr/image.ashx?id=2840823&use=l&cat=p&typeid=i","cat":284458},{"id":44861,"n":"Sauce pesto Tradizioni d'Italia A la génoise - 180g","p":1.79,"u":"9,94 €/KG","img":"https://fd9-photos.leclercdrive.fr/image.ashx?id=2840043&use=l&cat=p&typeid=i","cat":287599},{"id":44865,"n":"Dessert fruits mixés Sojasun Abricot / Goyave - 4x100g","p":1.7,"u":"4,25 €/KG","img":"https://fd9-photos.leclercdrive.fr/image.ashx?id=2355668&use=l&cat=p&typeid=i","cat":316071},{"id":44877,"n":"Nettoyant jantes TECH9 Ecocert - 500ml","p":4.65,"u":"9,30 €/L","img":"https://fd9-photos.leclercdrive.fr/image.ashx?id=2536869&use=l&cat=p&typeid=i","cat":298252},{"id":44884,"n":"Soupe Mouliné Bio Village Bio - Légumes variés - 1L","p":1.97,"u":"1,97 €/L","img":"https://fd9-photos.leclercdrive.fr/image.ashx?id=2133957&use=l&cat=p&typeid=i","cat":284462},{"id":44910,"n":"Crème dessert La Laitière Pot de crème chocolat - 8x100g","p":4.3,"u":"5,38 €/KG","img":"https://fd9-photos.leclercdrive.fr/image.ashx?id=2692116&use=l&cat=p&typeid=i","cat":285041},{"id":44939,"n":"Mini gratins Côté Table Pomme de terre salardaise 400g","p":3.89,"u":"9,73 €/KG","img":"https://fd9-photos.leclercdrive.fr/image.ashx?id=2641289&use=l&cat=p&typeid=i","cat":319802},{"id":44941,"n":"Mini gratins Côté Table Pomme de terre Epinard  x4 480g","p":3.85,"u":"8,02 €/KG","img":"https://fd9-photos.leclercdrive.fr/image.ashx?id=2641286&use=l&cat=p&typeid=i","cat":319802},{"id":44942,"n":"Mini gratins Côté Table Pomme de terre Champignons 400g","p":2.99,"u":"7,48 €/KG","img":"https://fd9-photos.leclercdrive.fr/image.ashx?id=2074431&use=l&cat=p&typeid=i","cat":319802},{"id":44944,"n":"Oeufs de caille De Nos Régions x18","p":2.39,"u":"0,13 €/P","img":"https://fd9-photos.leclercdrive.fr/image.ashx?id=1070469&use=l&cat=p&typeid=i","cat":284378},{"id":44947,"n":"Pâtes Tagliatelle Panzani Qualité Pâtes Fraîche - 400G","p":1.48,"u":"3,70 €/KG","img":"https://fd9-photos.leclercdrive.fr/image.ashx?id=2872856&use=l&cat=p&typeid=i","cat":284427},{"id":44948,"n":"Pâtes Fetucine Panzani Qualité Pâtes Fraîche - 400G","p":1.79,"u":"4,48 €/KG","img":"https://fd9-photos.leclercdrive.fr/image.ashx?id=2902948&use=l&cat=p&typeid=i","cat":284427},{"id":44953,"n":"Pâtes Sans gluten Barilla Spaghetti - 400g","p":2.03,"u":"5,08 €/KG","img":"https://fd9-photos.leclercdrive.fr/image.ashx?id=2647639&use=l&cat=p&typeid=i","cat":284427},{"id":44954,"n":"Pâtes Sans gluten Barilla Penne Rigate - 400g","p":2.05,"u":"5,13 €/KG","img":"https://fd9-photos.leclercdrive.fr/image.ashx?id=2975461&use=l&cat=p&typeid=i","cat":284427},{"id":44959,"n":"Lingettes démaquillantes Inell Eau micellaire x25","p":2.6,"u":"0,10 €/P","img":"https://fd9-photos.leclercdrive.fr/image.ashx?id=2764392&use=l&cat=p&typeid=i","cat":284603},{"id":44963,"n":"Stick lèvres Inell Miss pink - 1 pièce","p":1.69,"img":"https://fd9-photos.leclercdrive.fr/image.ashx?id=2691673&use=l&cat=p&typeid=i","cat":285485},{"id":44964,"n":"Alèses absorbantes Chorys 60x90cm - x16","p":6.99,"u":"0,44 €/P","img":"https://fd9-photos.leclercdrive.fr/image.ashx?id=2860076&use=l&cat=p&typeid=i","cat":284628},{"id":44967,"n":"Culottes bébé Mots d'Enfants  T5 : 12/18kg - x20 changes","p":5.45,"u":"0,27 €/P","img":"https://fd9-photos.leclercdrive.fr/image.ashx?id=2904580&use=l&cat=p&typeid=i","cat":290633},{"id":44968,"n":"Culottes bébé Mots d'Enfants  T6 : 16kg - x18 changes","p":4.99,"u":"0,28 €/P","img":"https://fd9-photos.leclercdrive.fr/image.ashx?id=2907201&use=l&cat=p&typeid=i","cat":290633},{"id":44976,"n":"Masque nourrisant Natéïs Cheveux secs ou abîmés - 300ml","p":2.63,"u":"8,77 €/L","img":"https://fd9-photos.leclercdrive.fr/image.ashx?id=2387340&use=l&cat=p&typeid=i","cat":284608},{"id":44977,"n":"Mousse nettoyante Inell Peaux sensibles 150ml","p":2.99,"u":"19,93 €/L","img":"https://fd9-photos.leclercdrive.fr/image.ashx?id=1993200&use=l&cat=p&typeid=i","cat":284603},{"id":44980,"n":"Gel lave-vaisselle Visior Classique x75 - 1,5L","p":4.75,"u":"3,17 €/L","img":"https://fd9-photos.leclercdrive.fr/image.ashx?id=1544234&use=l&cat=p&typeid=i","cat":284656},{"id":45002,"n":"Pain de mie Epi d'Or  Croque monsieur - 550g","p":1.46,"u":"2,65 €/KG","img":"https://fd9-photos.leclercdrive.fr/image.ashx?id=2860748&use=l&cat=p&typeid=i","cat":284477},{"id":45005,"n":"Fond de veau Rustica dégraissé 100g","p":2.18,"u":"21,80 €/KG","img":"https://fd9-photos.leclercdrive.fr/image.ashx?id=2979571&use=l&cat=p&typeid=i","cat":288379},{"id":45009,"n":"Cacahuètes grillées Tokapi salées 3x120g","p":1.49,"u":"4,14 €/KG","img":"https://fd9-photos.leclercdrive.fr/image.ashx?id=2793230&use=l&cat=p&typeid=i","cat":284448},{"id":45015,"n":"Biscuits P'tit Déli Pépites de chocolat 300g","p":2.49,"u":"8,30 €/KG","img":"https://fd9-photos.leclercdrive.fr/image.ashx?id=2390425&use=l&cat=p&typeid=i","cat":284487},{"id":45024,"n":"AOC Mâcon Villages vin blanc Antoine Barrier - 75cl","p":7.49,"u":"9,99 €/L","img":"https://fd9-photos.leclercdrive.fr/image.ashx?id=2677104&use=l&cat=p&typeid=i","cat":289557},{"id":45025,"n":"AOC Saumur-Champigny vin rouge Les Caractères - 37,5cl","p":3.49,"u":"9,31 €/L","img":"https://fd9-photos.leclercdrive.fr/image.ashx?id=1723537&use=l&cat=p&typeid=i","cat":289556},{"id":45029,"n":"AOP Vin blanc Muscadet Sèvre & Maine sur Lie - 75cl","p":4.19,"u":"5,59 €/L","img":"https://fd9-photos.leclercdrive.fr/image.ashx?id=2997949&use=l&cat=p&typeid=i","cat":289557},{"id":45033,"n":"AOC Côtes du Rhône vin blanc Rives & Terrasses - 75cl","p":3.99,"u":"5,32 €/L","img":"https://fd9-photos.leclercdrive.fr/image.ashx?id=2709677&use=l&cat=p&typeid=i","cat":289557},{"id":45034,"n":"AOC Crozes-Hermitage vin rouge Rives & Terrasses - 75cl","p":9.99,"u":"13,32 €/L","img":"https://fd9-photos.leclercdrive.fr/image.ashx?id=1946666&use=l&cat=p&typeid=i","cat":289556},{"id":45035,"n":"AOP Alsace Riesling vin blanc Rebmann - 75 cl","p":4.85,"u":"6,47 €/L","img":"https://fd9-photos.leclercdrive.fr/image.ashx?id=2953404&use=l&cat=p&typeid=i","cat":289557},{"id":45038,"n":"AOP Côtes du Rhône vin rouge Grégoire XI - 75 cl","p":2.99,"u":"3,99 €/L","img":"https://fd9-photos.leclercdrive.fr/image.ashx?id=2928222&use=l&cat=p&typeid=i","cat":289556},{"id":45050,"n":"AOP Bourgogne Pinot noir vin rouge Antoine Barrier - 75cl","p":7.99,"u":"10,65 €/L","img":"https://fd9-photos.leclercdrive.fr/image.ashx?id=2694106&use=l&cat=p&typeid=i","cat":289556},{"id":45051,"n":"AOP Chablis vin blanc Antoine Barrier - 75cl","p":12.99,"u":"17,32 €/L","img":"https://fd9-photos.leclercdrive.fr/image.ashx?id=2939067&use=l&cat=p&typeid=i","cat":289557},{"id":45054,"n":"Soupe Velouté Régal Soupe  Tomate vermicelles 2x30cl","p":1.66,"u":"2,77 €/L","img":"https://fd9-photos.leclercdrive.fr/image.ashx?id=2607575&use=l&cat=p&typeid=i","cat":284462},{"id":45055,"n":"Soupe velouté Régal Soupe Légumes du soleil 2x30cl","p":1.62,"u":"2,70 €/L","img":"https://fd9-photos.leclercdrive.fr/image.ashx?id=2983814&use=l&cat=p&typeid=i","cat":284462},{"id":45063,"n":"Biscuits sablés P'tit Déli Noix de coco - 120g","p":0.84,"u":"7,00 €/KG","img":"https://fd9-photos.leclercdrive.fr/image.ashx?id=2669750&use=l&cat=p&typeid=i","cat":284487},{"id":45065,"n":"Bretzels d'alsace NRT sachet 200g","p":0.74,"u":"3,70 €/KG","img":"https://fd9-photos.leclercdrive.fr/image.ashx?id=2638018&use=l&cat=p&typeid=i","cat":297000},{"id":45066,"n":"Petits biscuits salés NRT D'Alsace - 200g","p":0.99,"u":"4,95 €/KG","img":"https://fd9-photos.leclercdrive.fr/image.ashx?id=2638021&use=l&cat=p&typeid=i","cat":297000},{"id":45068,"n":"Pâtes Sans gluten Barilla Coquillettes - 400g","p":1.97,"u":"4,93 €/KG","img":"https://fd9-photos.leclercdrive.fr/image.ashx?id=2976113&use=l&cat=p&typeid=i","cat":284427},{"id":45097,"n":"Panettone Tradizioni d'Italia 500g","p":5.49,"u":"10,98 €/KG","img":"https://fd9-photos.leclercdrive.fr/image.ashx?id=2743921&use=l&cat=p&typeid=i","cat":293600},{"id":45101,"n":"Carrés de soin Mots d'Enfants Bébés - x100","p":1.99,"u":"0,02 €/P","img":"https://fd9-photos.leclercdrive.fr/image.ashx?id=3014245&use=l&cat=p&typeid=i","cat":284739},{"id":45102,"n":"Culottes bébé Mots d'Enfants  T4 : 8/15kg - x22 changes","p":5.35,"u":"0,24 €/P","img":"https://fd9-photos.leclercdrive.fr/image.ashx?id=2907198&use=l&cat=p&typeid=i","cat":290633},{"id":45138,"n":"Biscuits Bio Bjorg complets P'tit nature - 200g","p":1.39,"u":"6,95 €/KG","img":"https://fd9-photos.leclercdrive.fr/image.ashx?id=2906157&use=l&cat=p&typeid=i","cat":284487},{"id":45147,"n":"boisson végétale bio coco  bjorg 1L","p":2.49,"u":"2,49 €/L","img":"https://fd9-photos.leclercdrive.fr/image.ashx?id=2909530&use=l&cat=p&typeid=i","cat":316067},{"id":45148,"n":"Boisson végétale épeautre noisette Bjorg Bio - 1L","p":2.42,"u":"2,42 €/L","img":"https://fd9-photos.leclercdrive.fr/image.ashx?id=2960804&use=l&cat=p&typeid=i","cat":316067},{"id":45149,"n":"Boisson végétale lait d'amande  chocolat bjorg bio - 1l","p":2.74,"u":"2,74 €/L","img":"https://fd9-photos.leclercdrive.fr/image.ashx?id=2939412&use=l&cat=p&typeid=i","cat":316067},{"id":45157,"n":"Boulghour Tunisienne Céréal Bio Bio repas express - 220g","p":1.74,"u":"7,91 €/KG","img":"https://fd9-photos.leclercdrive.fr/image.ashx?id=2574062&use=l&cat=p&typeid=i","cat":287600},{"id":45159,"n":"Bouillon cube légumes Bjorg bio Déshydraté - x6 - 80g","p":1.4,"u":"17,50 €/KG","img":"https://fd9-photos.leclercdrive.fr/image.ashx?id=2304494&use=l&cat=p&typeid=i","cat":288379},{"id":45165,"n":"Pots soir bébé bio Babybio Légumes blé - 6 mois - 2x200g","p":2.44,"u":"6,10 €/KG","img":"https://fd9-photos.leclercdrive.fr/image.ashx?id=2827479&use=l&cat=p&typeid=i","cat":312239},{"id":45168,"n":"Bouillon cube bio Jardin Bio Légumes - 72g","p":1.55,"u":"21,53 €/KG","img":"https://fd9-photos.leclercdrive.fr/image.ashx?id=2535535&use=l&cat=p&typeid=i","cat":288379},{"id":45169,"n":"Bouillon cube bio Jardin Bio Volaille dégraissé x10 - 100g","p":2.17,"u":"21,70 €/KG","img":"https://fd9-photos.leclercdrive.fr/image.ashx?id=2535538&use=l&cat=p&typeid=i","cat":288379},{"id":45171,"n":"Chocolat noir Bio Ethiquable   70% Pérou - 100g","p":2.86,"u":"28,60 €/KG","img":"https://fd9-photos.leclercdrive.fr/image.ashx?id=2870896&use=l&cat=p&typeid=i","cat":284956},{"id":45172,"n":"Chocolat noir Bio Ethiquable 72% Haïti - 100g","p":2.94,"u":"29,40 €/KG","img":"https://fd9-photos.leclercdrive.fr/image.ashx?id=2870914&use=l&cat=p&typeid=i","cat":284956},{"id":45178,"n":"Coulis de tomate Bjorg bio 3x200g","p":1.67,"u":"2,78 €/KG","img":"https://fd9-photos.leclercdrive.fr/image.ashx?id=2757289&use=l&cat=p&typeid=i","cat":288384},{"id":45185,"n":"Tablette de chocolat Alter Eco  Pérou Bio Noir 90% - 100g","p":2.75,"u":"27,50 €/KG","img":"https://fd9-photos.leclercdrive.fr/image.ashx?id=2906544&use=l&cat=p&typeid=i","cat":284956},{"id":45191,"n":"Couscous Jardin Bio Bio légumes du soleil - 220g","p":2.05,"u":"9,32 €/KG","img":"https://fd9-photos.leclercdrive.fr/image.ashx?id=2535022&use=l&cat=p&typeid=i","cat":287600},{"id":45192,"n":"Pâtes bio Jardin Bio Coquillettes 3 min - 500g","p":1.75,"u":"3,50 €/KG","img":"https://fd9-photos.leclercdrive.fr/image.ashx?id=2939976&use=l&cat=p&typeid=i","cat":284427},{"id":45193,"n":"Chocolat noir Bio Ethiquable  85% Madagascar - 100g","p":2.79,"u":"27,90 €/KG","img":"https://fd9-photos.leclercdrive.fr/image.ashx?id=2870881&use=l&cat=p&typeid=i","cat":284956},{"id":45194,"n":"Chocolat noir Bio Ethiquable  80% Equateur - 100g","p":2.93,"u":"29,30 €/KG","img":"https://fd9-photos.leclercdrive.fr/image.ashx?id=2870917&use=l&cat=p&typeid=i","cat":284956},{"id":45197,"n":"Quinoa boulghour  Céréal Bio  à l'Indienne bio -220g","p":2.06,"u":"9,36 €/KG","img":"https://fd9-photos.leclercdrive.fr/image.ashx?id=2574068&use=l&cat=p&typeid=i","cat":287600},{"id":45198,"n":"Légumes et orge bio Céréal Bio  Compotée d'aubergines - 250g","p":1.87,"u":"7,48 €/KG","img":"https://fd9-photos.leclercdrive.fr/image.ashx?id=2574071&use=l&cat=p&typeid=i","cat":287600},{"id":45205,"n":"Biscuits fourrés Bio Bjorg  Chocolat lait noisette - 225g","p":3.92,"u":"17,42 €/KG","img":"https://fd9-photos.leclercdrive.fr/image.ashx?id=2970930&use=l&cat=p&typeid=i","cat":284488},{"id":45212,"n":"Duo de quinoa Jardin Bio  Bio aux légumes - 250g","p":2.02,"u":"8,08 €/KG","img":"https://fd9-photos.leclercdrive.fr/image.ashx?id=2535481&use=l&cat=p&typeid=i","cat":287600},{"id":45213,"n":"Flageolets Jardin Bio  Bio cuisinés - 680g","p":2.68,"u":"3,94 €/KG","img":"https://fd9-photos.leclercdrive.fr/image.ashx?id=2918319&use=l&cat=p&typeid=i","cat":312606},{"id":45217,"n":"Galette  Céréal Bio  Bio riz légumes Colombo x2 200g","p":2.44,"u":"12,20 €/KG","img":"https://fd9-photos.leclercdrive.fr/image.ashx?id=2573510&use=l&cat=p&typeid=i","cat":284953},{"id":45229,"n":"biscuits gaufres bio bjorg  Miel - 175g","p":2.28,"u":"13,03 €/KG","img":"https://fd9-photos.leclercdrive.fr/image.ashx?id=2915973&use=l&cat=p&typeid=i","cat":294777},{"id":45240,"n":"Boisson Végétale lait d'amande intense bio bjorg 3x20cl","p":2.76,"u":"13,80 €/L","img":"https://fd9-photos.leclercdrive.fr/image.ashx?id=2977342&use=l&cat=p&typeid=i","cat":316067},{"id":45243,"n":"Lait de coco fluide Bio Bjorg 200ml","p":1.77,"u":"8,85 €/L","img":"https://fd9-photos.leclercdrive.fr/image.ashx?id=2752995&use=l&cat=p&typeid=i","cat":288992},{"id":45244,"n":"boisson végétale lait d'amande  bio bjorg 1l","p":2.47,"u":"2,47 €/L","img":"https://fd9-photos.leclercdrive.fr/image.ashx?id=2967067&use=l&cat=p&typeid=i","cat":316067},{"id":45246,"n":"Biscuits lunettes Bio Bjorg Myrtilles - 200g","p":2.69,"u":"13,45 €/KG","img":"https://fd9-photos.leclercdrive.fr/image.ashx?id=2999979&use=l&cat=p&typeid=i","cat":284489},{"id":45247,"n":"Maïs bio Géant Vert extra croquant - 2x140g","p":2.02,"u":"7,21 €/KG","img":"https://fd9-photos.leclercdrive.fr/image.ashx?id=2840545&use=l&cat=p&typeid=i","cat":312611},{"id":45250,"n":"Infusion bio Jardin Bio Tilleul Oranger - x20 - 30g","p":2.26,"u":"75,33 €/KG","img":"https://fd9-photos.leclercdrive.fr/image.ashx?id=2792657&use=l&cat=p&typeid=i","cat":293234},{"id":45251,"n":"Lentilles vertes Jardin Bio  Bio saveur du terroir - 250g","p":1.64,"u":"6,56 €/KG","img":"https://fd9-photos.leclercdrive.fr/image.ashx?id=2535559&use=l&cat=p&typeid=i","cat":287600},{"id":45253,"n":"Infusion détox Bio Clipper Hibiscus fruits rouges - 40g","p":2.18,"u":"54,50 €/KG","img":"https://fd9-photos.leclercdrive.fr/image.ashx?id=2922083&use=l&cat=p&typeid=i","cat":293234},{"id":45254,"n":"Infusion Clipper Bio - Citron gingembre - 50g","p":2.05,"u":"41,00 €/KG","img":"https://fd9-photos.leclercdrive.fr/image.ashx?id=2909176&use=l&cat=p&typeid=i","cat":293234},{"id":45260,"n":"Pain bio Céréal Bio  Avoine Lin 500g","p":2.5,"u":"5,00 €/KG","img":"https://fd9-photos.leclercdrive.fr/image.ashx?id=2953800&use=l&cat=p&typeid=i","cat":325069},{"id":45261,"n":"Orge riz rouge bio Céréal Bio  lentilles repas express-220g","p":1.72,"u":"6,88 €/KG","img":"https://fd9-photos.leclercdrive.fr/image.ashx?id=2574080&use=l&cat=p&typeid=i","cat":287600},{"id":45262,"n":"Orge pruneaux bio Céréal Bio  Marocain repas express-220g","p":1.96,"u":"8,91 €/KG","img":"https://fd9-photos.leclercdrive.fr/image.ashx?id=2575075&use=l&cat=p&typeid=i","cat":287600},{"id":45263,"n":"pain complet bio bjorg  seigle - 500g","p":2.41,"u":"4,82 €/KG","img":"https://fd9-photos.leclercdrive.fr/image.ashx?id=2753973&use=l&cat=p&typeid=i","cat":325069},{"id":45274,"n":"Maïs doux Jardin Bio  Bio - 230g","p":1.81,"u":"7,87 €/KG","img":"https://fd9-photos.leclercdrive.fr/image.ashx?id=2903233&use=l&cat=p&typeid=i","cat":312611},{"id":45276,"n":"Pain de mie La Boulangère  Céréales Bio - 500g","p":2.26,"u":"4,52 €/KG","img":"https://fd9-photos.leclercdrive.fr/image.ashx?id=2912398&use=l&cat=p&typeid=i","cat":284477},{"id":45278,"n":"Purée potimarron Céréal Bio  lentilles bio-250g","p":1.67,"u":"6,68 €/KG","img":"https://fd9-photos.leclercdrive.fr/image.ashx?id=2574074&use=l&cat=p&typeid=i","cat":287600},{"id":45281,"n":"Riz cuisine Bio - Bjorg  20cl","p":1.24,"u":"6,20 €/L","img":"https://fd9-photos.leclercdrive.fr/image.ashx?id=2642411&use=l&cat=p&typeid=i","cat":316069},{"id":45287,"n":"Repas bébé Babybio - 4 mois Légumes Bio - 2x130g","p":1.86,"u":"7,15 €/KG","img":"https://fd9-photos.leclercdrive.fr/image.ashx?id=2827443&use=l&cat=p&typeid=i","cat":312234},{"id":45289,"n":"Petits pois bio Jardin Bio A l'étuvée extra fins - 230g","p":2.0,"u":"8,70 €/KG","img":"https://fd9-photos.leclercdrive.fr/image.ashx?id=2944732&use=l&cat=p&typeid=i","cat":312607},{"id":45290,"n":"Petits pois Le jardin Bio  Bio extra fins - 445g","p":2.83,"u":"6,36 €/KG","img":"https://fd9-photos.leclercdrive.fr/image.ashx?id=2944735&use=l&cat=p&typeid=i","cat":312607},{"id":45291,"n":"Quinoa Jardin Bio  Bio poulet et Sésame - 250g","p":2.31,"u":"9,24 €/KG","img":"https://fd9-photos.leclercdrive.fr/image.ashx?id=2956433&use=l&cat=p&typeid=i","cat":287600},{"id":45292,"n":"Biscuits sablés bio Jardin Bio Caramel au sel de guérande 150g","p":1.89,"u":"12,60 €/KG","img":"https://fd9-photos.leclercdrive.fr/image.ashx?id=2190326&use=l&cat=p&typeid=i","cat":284487},{"id":45294,"n":"Asperges blanches D'Aucy Grosses x2 410g","p":4.7,"u":"11,46 €/KG","img":"https://fd9-photos.leclercdrive.fr/image.ashx?id=2488854&use=l&cat=p&typeid=i","cat":312611},{"id":45295,"n":"Asperges vertes d'Aucy Grosses - x2 - 370g","p":4.7,"u":"12,70 €/KG","img":"https://fd9-photos.leclercdrive.fr/image.ashx?id=2217987&use=l&cat=p&typeid=i","cat":312611},{"id":45319,"n":"Pineau blanc Charentes NRT  17% vol - 75cl","p":7.95,"u":"10,60 €/L","img":"https://fd9-photos.leclercdrive.fr/image.ashx?id=2953743&use=l&cat=p&typeid=i","cat":284913},{"id":45320,"n":"Pineau rosé Charentes NRT  17% vol - 75cl","p":8.99,"u":"11,99 €/L","img":"https://fd9-photos.leclercdrive.fr/image.ashx?id=2953740&use=l&cat=p&typeid=i","cat":284913},{"id":45336,"n":"Quinoa Jardin Bio Bio - 220g","p":2.65,"u":"12,05 €/KG","img":"https://fd9-photos.leclercdrive.fr/image.ashx?id=2535550&use=l&cat=p&typeid=i","cat":287600},{"id":45339,"n":"Tartine sarrasin Céréal Bio Bio - 145g","p":1.58,"u":"10,90 €/KG","img":"https://fd9-photos.leclercdrive.fr/image.ashx?id=2810792&use=l&cat=p&typeid=i","cat":284479},{"id":45341,"n":"Tartines bio Céréal Bio  Riz et châtaigne - 145g","p":2.36,"u":"16,28 €/KG","img":"https://fd9-photos.leclercdrive.fr/image.ashx?id=2752912&use=l&cat=p&typeid=i","cat":284479},{"id":45342,"n":"Salade bio Céréal Bio Lentilles, légumes, tofu -220g","p":1.83,"u":"8,32 €/KG","img":"https://fd9-photos.leclercdrive.fr/image.ashx?id=2574077&use=l&cat=p&typeid=i","cat":287600},{"id":45351,"n":"Tartines bio Jardin Bio Sarrasin sans gluten - 150g","p":2.02,"u":"13,47 €/KG","img":"https://fd9-photos.leclercdrive.fr/image.ashx?id=2535547&use=l&cat=p&typeid=i","cat":318654},{"id":45353,"n":"Tartines bio Jardin Bio Multicéréales sans gluten -150g","p":2.17,"u":"14,47 €/KG","img":"https://fd9-photos.leclercdrive.fr/image.ashx?id=2537646&use=l&cat=p&typeid=i","cat":318654},{"id":45354,"n":"Tartines bio Jardin Bio Châtaigne sans gluten - 150g","p":2.02,"u":"13,47 €/KG","img":"https://fd9-photos.leclercdrive.fr/image.ashx?id=2537649&use=l&cat=p&typeid=i","cat":318654},{"id":45355,"n":"Thé vert Bio Clipper Au Citron - 20 sachets - 35g","p":2.18,"u":"62,29 €/KG","img":"https://fd9-photos.leclercdrive.fr/image.ashx?id=2922089&use=l&cat=p&typeid=i","cat":293233},{"id":45372,"n":"Tomates pelées Jardin Bio  Bio Entières au jus - 240g","p":1.32,"u":"5,50 €/KG","img":"https://fd9-photos.leclercdrive.fr/image.ashx?id=2967911&use=l&cat=p&typeid=i","cat":288384},{"id":45382,"n":"Déodorant Spray Femme Nivea Protect & Care - 200ml","p":3.01,"u":"15,05 €/L","img":"https://fd9-photos.leclercdrive.fr/image.ashx?id=2869188&use=l&cat=p&typeid=i","cat":284595},{"id":45415,"n":"Fromage Emmental Entremont Râpé  - 300g","p":3.43,"u":"11,43 €/KG","img":"https://fd9-photos.leclercdrive.fr/image.ashx?id=2983156&use=l&cat=p&typeid=i","cat":314035},{"id":45452,"n":"Pâtes Spaghetti plat Panzani 1kg","p":2.15,"u":"2,15 €/KG","img":"https://fd9-photos.leclercdrive.fr/image.ashx?id=2876071&use=l&cat=p&typeid=i","cat":284427},{"id":45456,"n":"Chips Bio Village Bio Nature - 6x30g","p":2.99,"u":"16,61 €/KG","img":"https://fd9-photos.leclercdrive.fr/image.ashx?id=2838957&use=l&cat=p&typeid=i","cat":284447},{"id":45478,"n":"Nettoyant lave-vaisselle Visior 3x40g","p":2.9,"u":"24,17 €/KG","img":"https://fd9-photos.leclercdrive.fr/image.ashx?id=2742694&use=l&cat=p&typeid=i","cat":284657},{"id":45482,"n":"Brosse à dents Petit Dentamyl Multicoloris - 2-6 ans -  x3","p":1.47,"u":"0,49 €/P","img":"https://fd9-photos.leclercdrive.fr/image.ashx?id=1962444&use=l&cat=p&typeid=i","cat":288897},{"id":45483,"n":"Pastilles javel Clair Parfum Menthe x42 - 168g","p":1.44,"u":"8,57 €/KG","img":"https://fd9-photos.leclercdrive.fr/image.ashx?id=2631447&use=l&cat=p&typeid=i","cat":284661},{"id":45498,"n":"Sacs poubelle 30L Elembal Ultra resist - x20","p":3.25,"u":"0,16 €/P","img":"https://fd9-photos.leclercdrive.fr/image.ashx?id=2958729&use=l&cat=p&typeid=i","cat":285168},{"id":45499,"n":"Sacs poubelle 50L Elembal Ultra résist - x15","p":3.9,"u":"0,26 €/P","img":"https://fd9-photos.leclercdrive.fr/image.ashx?id=2958732&use=l&cat=p&typeid=i","cat":285168},{"id":45500,"n":"Sacs poubelle 100L Elembal Ultra résist - x10","p":3.73,"u":"0,37 €/P","img":"https://fd9-photos.leclercdrive.fr/image.ashx?id=2958735&use=l&cat=p&typeid=i","cat":285168},{"id":45540,"n":"Pizza l'Ovale Sodebo Jambon et fromages - 200g","p":1.52,"u":"7,60 €/KG","img":"https://fd9-photos.leclercdrive.fr/image.ashx?id=2407211&use=l&cat=p&typeid=i","cat":333679},{"id":45541,"n":"Pizza l'Ovale Sodebo 3 fromages fondants - 200g","p":1.64,"u":"8,20 €/KG","img":"https://fd9-photos.leclercdrive.fr/image.ashx?id=2723644&use=l&cat=p&typeid=i","cat":333679},{"id":45576,"n":"Fromage raclette Les Croisés  Nature et fumé 400g","p":5.34,"u":"13,35 €/KG","img":"https://fd9-photos.leclercdrive.fr/image.ashx?id=2793233&use=l&cat=p&typeid=i","cat":314037},{"id":45610,"n":"Boudin blanc aux truffes Le Gaulois x3 - 300g","p":4.09,"u":"13,63 €/KG","img":"https://fd9-photos.leclercdrive.fr/image.ashx?id=2335226&use=l&cat=p&typeid=i","cat":327289},{"id":45636,"n":"Bouquet garni Ducros Epices à la provençale - 18g","p":1.23,"u":"68,33 €/KG","img":"https://fd9-photos.leclercdrive.fr/image.ashx?id=1715377&use=l&cat=p&typeid=i","cat":298297},{"id":45642,"n":"Ratatouille Cuisinée Cassegrain à la Provençale 185g","p":1.9,"u":"10,27 €/KG","img":"https://fd9-photos.leclercdrive.fr/image.ashx?id=2913007&use=l&cat=p&typeid=i","cat":312612},{"id":45671,"n":"Chips Bret's Chèvre/piment d'espelette -125g","p":1.33,"u":"10,64 €/KG","img":"https://fd9-photos.leclercdrive.fr/image.ashx?id=1941593&use=l&cat=p&typeid=i","cat":284447},{"id":45708,"n":"Yaourt à boire Mini Yop Aromatisé Fraise - 8x100g","p":2.39,"u":"2,99 €/KG","img":"https://fd9-photos.leclercdrive.fr/image.ashx?id=2985159&use=l&cat=p&typeid=i","cat":284415},{"id":45710,"n":"Fromage Burger cheddar/emmental Président - 20 tranches - 340g","p":2.68,"u":"7,88 €/KG","img":"https://fd9-photos.leclercdrive.fr/image.ashx?id=2628239&use=l&cat=p&typeid=i","cat":314028},{"id":45711,"n":"Fromage Croque emmental Président - 20 tranches - 340g","p":2.95,"u":"8,68 €/KG","img":"https://fd9-photos.leclercdrive.fr/image.ashx?id=2838163&use=l&cat=p&typeid=i","cat":314028},{"id":45712,"n":"Emmental râpé fondant Président 500g","p":4.73,"u":"9,46 €/KG","img":"https://fd9-photos.leclercdrive.fr/image.ashx?id=2489464&use=l&cat=p&typeid=i","cat":314035},{"id":45802,"n":"Fromage Raclette Lait Cru   400g","p":8.42,"u":"21,05 €/KG","img":"https://fd9-photos.leclercdrive.fr/image.ashx?id=824883&use=l&cat=p&typeid=i","cat":314036},{"id":45813,"n":"Cire divine Nair Monoï - 400g","p":7.25,"u":"18,13 €/KG","img":"https://fd9-photos.leclercdrive.fr/image.ashx?id=2903239&use=l&cat=p&typeid=i","cat":325351},{"id":45816,"n":"Limoncello Sorentini 50cl","p":9.51,"u":"19,02 €/L","img":"https://fd9-photos.leclercdrive.fr/image.ashx?id=2833537&use=l&cat=p&typeid=i","cat":286032},{"id":45825,"n":"Brosse à dents pro Dentamyl Souple x2","p":0.72,"u":"0,36 €/P","img":"https://fd9-photos.leclercdrive.fr/image.ashx?id=2790979&use=l&cat=p&typeid=i","cat":284614},{"id":45826,"n":"Brosse à dents pro Dentamyl Médium x2","p":0.65,"u":"0,33 €/P","img":"https://fd9-photos.leclercdrive.fr/image.ashx?id=2790982&use=l&cat=p&typeid=i","cat":284614},{"id":45863,"n":"Protège traversin Tissaia Anti-acarien microstop 90cm","p":8.95,"img":"https://fd9-photos.leclercdrive.fr/image.ashx?id=820393&use=l&cat=p&typeid=i","cat":288835},{"id":45867,"n":"Crème dessert Mont Blanc Coupelles Chocolat - 4x125g","p":3.22,"u":"6,44 €/KG","img":"https://fd9-photos.leclercdrive.fr/image.ashx?id=2961104&use=l&cat=p&typeid=i","cat":284506},{"id":45870,"n":"Vinaigre ménager Clair 100% naturel - 1L","p":1.08,"u":"1,08 €/L","img":"https://fd9-photos.leclercdrive.fr/image.ashx?id=2779199&use=l&cat=p&typeid=i","cat":325365},{"id":45908,"n":"Biscuits fourrés Prince Chocolat - 3x300g","p":3.62,"u":"4,02 €/KG","img":"https://fd9-photos.leclercdrive.fr/image.ashx?id=3014641&use=l&cat=p&typeid=i","cat":284488},{"id":45910,"n":"Thon entier Petit Navire Huile de tournesol 3x160g","p":5.59,"u":"34,94 €/KG","img":"https://fd9-photos.leclercdrive.fr/image.ashx?id=2543987&use=l&cat=p&typeid=i","cat":303867},{"id":45911,"n":"Thon en miette Petit Navire Huile de tournesol 3x160g","p":5.59,"u":"34,94 €/KG","img":"https://fd9-photos.leclercdrive.fr/image.ashx?id=2561571&use=l&cat=p&typeid=i","cat":303867},{"id":45914,"n":"Caramel beurre salé NRT De Guérande -200g","p":3.29,"u":"16,45 €/KG","img":"https://fd9-photos.leclercdrive.fr/image.ashx?id=2771408&use=l&cat=p&typeid=i","cat":284481},{"id":45923,"n":"Pur jus d'orange Bio Village Bio avec pulpe - 1L","p":3.11,"u":"3,11 €/L","img":"https://fd9-photos.leclercdrive.fr/image.ashx?id=2901542&use=l&cat=p&typeid=i","cat":284521},{"id":45965,"n":"Saucisses Knacki Herta Poulet x6 - 210g","p":1.76,"u":"8,38 €/KG","img":"https://fd9-photos.leclercdrive.fr/image.ashx?id=2290428&use=l&cat=p&typeid=i","cat":316012},{"id":46000,"n":"Jus innocent  orange avec pulpe 1.35L","p":3.61,"u":"2,67 €/L","img":"https://fd9-photos.leclercdrive.fr/image.ashx?id=2888527&use=l&cat=p&typeid=i","cat":285435},{"id":46006,"n":"AOP Jurançon vin blanc Moelleux Terrasses d'Autan-75cl","p":6.99,"u":"9,32 €/L","img":"https://fd9-photos.leclercdrive.fr/image.ashx?id=2989983&use=l&cat=p&typeid=i","cat":289557},{"id":46016,"n":"Chocolat Pâtissier Tablette dOr Chocolat Noir - 3x200g","p":5.35,"u":"8,92 €/KG","img":"https://fd9-photos.leclercdrive.fr/image.ashx?id=2958519&use=l&cat=p&typeid=i","cat":285562},{"id":46021,"n":"Brandade de morue Gastromer A l'huile d'olive - 600g","p":4.15,"u":"6,92 €/KG","img":"https://fd9-photos.leclercdrive.fr/image.ashx?id=2594630&use=l&cat=p&typeid=i","cat":285094},{"id":46028,"n":"IGP Pays d'Oc Rosé Grenache Cinsault JP Chenet 12.5% BIB 3L","p":10.9,"u":"3,63 €/L","img":"https://fd9-photos.leclercdrive.fr/image.ashx?id=2941715&use=l&cat=p&typeid=i","cat":289560},{"id":46037,"n":"Biscottes Toast Pelletier  Goût brioché - 150g","p":1.44,"u":"9,60 €/KG","img":"https://fd9-photos.leclercdrive.fr/image.ashx?id=1888023&use=l&cat=p&typeid=i","cat":284479},{"id":46042,"n":"Barre caramel Gerlinéa  Repas minceur x10 - 310g","p":5.26,"u":"16,97 €/KG","img":"https://fd9-photos.leclercdrive.fr/image.ashx?id=2654749&use=l&cat=p&typeid=i","cat":318652},{"id":46043,"n":"Barre 2 chocolats Gerlinéa  Repas minceur x10, 310g","p":6.29,"u":"20,29 €/KG","img":"https://fd9-photos.leclercdrive.fr/image.ashx?id=2638181&use=l&cat=p&typeid=i","cat":318652},{"id":46044,"n":"Barre chocolat orange GERLINEA  Repas minceur x10, 310g","p":6.29,"u":"20,29 €/KG","img":"https://fd9-photos.leclercdrive.fr/image.ashx?id=2654752&use=l&cat=p&typeid=i","cat":318652},{"id":46045,"n":"biscuits fourrés bio   bjorg myrtille - 175g","p":2.9,"u":"16,57 €/KG","img":"https://fd9-photos.leclercdrive.fr/image.ashx?id=2979734&use=l&cat=p&typeid=i","cat":284489},{"id":46046,"n":"biscuits fourrés bio  bjorg framboises - 175g","p":2.9,"u":"16,57 €/KG","img":"https://fd9-photos.leclercdrive.fr/image.ashx?id=2896991&use=l&cat=p&typeid=i","cat":284489},{"id":46047,"n":"Sirop d'érable  250g","p":3.3,"u":"13,20 €/KG","img":"https://fd9-photos.leclercdrive.fr/image.ashx?id=2480298&use=l&cat=p&typeid=i","cat":287643},{"id":46048,"n":"Céréales Tipiak De campagne - 330g","p":2.38,"u":"7,21 €/KG","img":"https://fd9-photos.leclercdrive.fr/image.ashx?id=2563721&use=l&cat=p&typeid=i","cat":284429},{"id":46051,"n":"Menus chat Tous mes amis Viande menus gourmands 24x100g","p":6.95,"u":"2,90 €/KG","img":"https://fd9-photos.leclercdrive.fr/image.ashx?id=2027607&use=l&cat=p&typeid=i","cat":285286},{"id":46052,"n":"Gelée pour chat Tous mes amis Poisson menus gourmands 24x100g","p":6.95,"u":"2,90 €/KG","img":"https://fd9-photos.leclercdrive.fr/image.ashx?id=2027604&use=l&cat=p&typeid=i","cat":285286},{"id":46098,"n":"Biscuits chocolat Prince Lu 6x300g","p":7.27,"u":"4,04 €/KG","img":"https://fd9-photos.leclercdrive.fr/image.ashx?id=2737165&use=l&cat=p&typeid=i","cat":284488},{"id":46160,"n":"Bière blanche Hoegaarden 4,9% - 12x25cl","p":8.48,"u":"2,83 €/L","img":"https://fd9-photos.leclercdrive.fr/image.ashx?id=2948420&use=l&cat=p&typeid=i","cat":334878},{"id":46166,"n":"Crackers bio Bio Village 3 graines - 200g","p":2.69,"u":"13,45 €/KG","img":"https://fd9-photos.leclercdrive.fr/image.ashx?id=2310504&use=l&cat=p&typeid=i","cat":297000},{"id":46224,"n":"Friandises chien Pedigree Récompense bœuf fromage - 140g","p":1.48,"u":"10,57 €/KG","img":"https://fd9-photos.leclercdrive.fr/image.ashx?id=2256203&use=l&cat=p&typeid=i","cat":294527},{"id":46381,"n":"Fromage Emmenta Les Croisés En dés - 150g","p":1.89,"u":"12,60 €/KG","img":"https://fd9-photos.leclercdrive.fr/image.ashx?id=2422550&use=l&cat=p&typeid=i","cat":314027},{"id":46433,"n":"Poivrons Tradizioni D'italia  Grillés/huile d'olive - 280g","p":3.49,"u":"12,46 €/KG","img":"https://fd9-photos.leclercdrive.fr/image.ashx?id=2840046&use=l&cat=p&typeid=i","cat":312608},{"id":46462,"n":"Mini coudes Turini 500g","p":0.99,"u":"1,98 €/KG","img":"https://fd9-photos.leclercdrive.fr/image.ashx?id=2607566&use=l&cat=p&typeid=i","cat":284427},{"id":46472,"n":"Pandoro Tradizioni D'italia 500g","p":5.99,"u":"11,98 €/KG","img":"https://fd9-photos.leclercdrive.fr/image.ashx?id=2743924&use=l&cat=p&typeid=i","cat":293600},{"id":46473,"n":"Rhum blanc Trois Rivières 40% vol - 70cl","p":11.94,"u":"17,06 €/L","img":"https://fd9-photos.leclercdrive.fr/image.ashx?id=2766334&use=l&cat=p&typeid=i","cat":284550},{"id":46498,"n":"Pomme de terre Bio Bio Village Four Potage - 1.5kg","p":2.99,"u":"1,99 €/KG","img":"https://fd9-photos.leclercdrive.fr/image.ashx?id=2959752&use=l&cat=p&typeid=i","cat":284352},{"id":46535,"n":"Passoire Ardence 24 cm - x1","p":2.5,"img":"https://fd9-photos.leclercdrive.fr/image.ashx?id=2777927&use=l&cat=p&typeid=i","cat":334135},{"id":46540,"n":"Croquette chat stérilisé Ultima Poulet - Sénior +10 ans - 1.5kg","p":6.53,"u":"4,35 €/KG","img":"https://fd9-photos.leclercdrive.fr/image.ashx?id=2922227&use=l&cat=p&typeid=i","cat":284680},{"id":46541,"n":"Croquette chat stérilisé Ultima Chat d'intérieur - Dinde -1.5kg","p":6.52,"u":"4,35 €/KG","img":"https://fd9-photos.leclercdrive.fr/image.ashx?id=2927009&use=l&cat=p&typeid=i","cat":284680},{"id":46547,"n":"Croquette chat stérilisé Ultima  Truite - Sensible - 1.5kg","p":6.69,"u":"4,46 €/KG","img":"https://fd9-photos.leclercdrive.fr/image.ashx?id=2937436&use=l&cat=p&typeid=i","cat":284680},{"id":46654,"n":"Bière blonde La Chouffe 33cl","p":2.44,"u":"7,39 €/L","img":"https://fd9-photos.leclercdrive.fr/image.ashx?id=2877073&use=l&cat=p&typeid=i","cat":334872},{"id":46667,"n":"Monster Munch Salé - 135g","p":1.37,"u":"10,15 €/KG","img":"https://fd9-photos.leclercdrive.fr/image.ashx?id=2996935&use=l&cat=p&typeid=i","cat":284449},{"id":46703,"n":"Spray désodorisant Airwick  Pure Douceur de Coton - 250ml","p":3.18,"u":"12,72 €/L","img":"https://fd9-photos.leclercdrive.fr/image.ashx?id=2858600&use=l&cat=p&typeid=i","cat":311626},{"id":46854,"n":"Pomme Fuji 1p","p":0.53,"img":"https://fd9-photos.leclercdrive.fr/image.ashx?id=1628403&use=l&cat=p&typeid=i","cat":284356},{"id":46984,"n":"Café et Chicorée Soluble Ricoré  Original Recharge - 180g","p":3.82,"u":"21,22 €/KG","img":"https://fd9-photos.leclercdrive.fr/image.ashx?id=2980112&use=l&cat=p&typeid=i","cat":284843},{"id":47034,"n":"Litière chats Tranquille Cristale - 4L","p":6.38,"u":"1,60 €/L","img":"https://fd9-photos.leclercdrive.fr/image.ashx?id=2092256&use=l&cat=p&typeid=i","cat":284683},{"id":47036,"n":"Litière chats Tranquille Végétale assainissant - 4L","p":5.27,"u":"1,32 €/L","img":"https://fd9-photos.leclercdrive.fr/image.ashx?id=2421868&use=l&cat=p&typeid=i","cat":284683},{"id":47038,"n":"Beurre de cacahuètes Ethiquable  Nicaragua - 350g","p":3.78,"u":"10,80 €/KG","img":"https://fd9-photos.leclercdrive.fr/image.ashx?id=2873396&use=l&cat=p&typeid=i","cat":284481},{"id":47127,"n":"Bière Red Desperados 5.9%vol. - 6x33cl","p":8.8,"u":"4,44 €/L","img":"https://fd9-photos.leclercdrive.fr/image.ashx?id=2766229&use=l&cat=p&typeid=i","cat":334878},{"id":47128,"n":"Vin Union Européenne rouge Le Tonnelier - BIB 5L","p":8.49,"u":"1,70 €/L","img":"https://fd9-photos.leclercdrive.fr/image.ashx?id=2107468&use=l&cat=p&typeid=i","cat":289560},{"id":47129,"n":"Vin Union Européenne rouge Cabernet Sauvignon - BIB 5L","p":11.99,"u":"2,40 €/L","img":"https://fd9-photos.leclercdrive.fr/image.ashx?id=2476491&use=l&cat=p&typeid=i","cat":289560},{"id":47130,"n":"Vin Union européenne blanc Le Tonnelier - BIB 5L","p":8.49,"img":"https://fd9-photos.leclercdrive.fr/image.ashx?id=2107471&use=l&cat=p&typeid=i","cat":289557},{"id":47132,"n":"IGP Pays d'Oc blanc Les Ormes De Cambras Sauvignon 12% BIB 5L","p":15.5,"u":"3,10 €/L","img":"https://fd9-photos.leclercdrive.fr/image.ashx?id=2192389&use=l&cat=p&typeid=i","cat":289557},{"id":47169,"n":"Sacs poubelle 10L Elembal Salle de bain - x20","p":0.8,"u":"0,04 €/P","img":"https://fd9-photos.leclercdrive.fr/image.ashx?id=1732829&use=l&cat=p&typeid=i","cat":285168},{"id":47180,"n":"Gel douche enfant Tahiti Fruits exotiques - 300ml","p":1.94,"u":"6,47 €/L","img":"https://fd9-photos.leclercdrive.fr/image.ashx?id=2687332&use=l&cat=p&typeid=i","cat":284594},{"id":47181,"n":"Essuie-tout compact 3=9 Eco+ x3","p":2.27,"u":"0,76 €/P","img":"https://fd9-photos.leclercdrive.fr/image.ashx?id=2726688&use=l&cat=p&typeid=i","cat":284635},{"id":47253,"n":"Escalope de dinde Le Gaulois x6 - 720g","p":12.66,"u":"17,58 €/KG","img":"https://fd9-photos.leclercdrive.fr/image.ashx?id=2405506&use=l&cat=p&typeid=i","cat":284337},{"id":47255,"n":"Pâtes linguine Turini  500g","p":0.91,"u":"1,82 €/KG","img":"https://fd9-photos.leclercdrive.fr/image.ashx?id=2607554&use=l&cat=p&typeid=i","cat":284427},{"id":47256,"n":"Pâtes Farfalles Turini  1kg","p":1.2,"u":"1,20 €/KG","img":"https://fd9-photos.leclercdrive.fr/image.ashx?id=2665574&use=l&cat=p&typeid=i","cat":284427},{"id":47257,"n":"Pâtes Spaghettoni Turini  500g","p":0.84,"u":"1,68 €/KG","img":"https://fd9-photos.leclercdrive.fr/image.ashx?id=2607557&use=l&cat=p&typeid=i","cat":284427},{"id":47258,"n":"Pâtes coquillettes Turini Blé complet  - 500g","p":1.09,"u":"2,18 €/KG","img":"https://fd9-photos.leclercdrive.fr/image.ashx?id=2607563&use=l&cat=p&typeid=i","cat":284427},{"id":47259,"n":"Pistaches Tokapi  Grillées à sec - 75g","p":1.65,"u":"22,00 €/KG","img":"https://fd9-photos.leclercdrive.fr/image.ashx?id=2795571&use=l&cat=p&typeid=i","cat":284448},{"id":47263,"n":"Brossettes Dentamyl Interdentaires - x5","p":2.49,"u":"0,50 €/P","img":"https://fd9-photos.leclercdrive.fr/image.ashx?id=2672879&use=l&cat=p&typeid=i","cat":285159},{"id":47290,"n":"Piles Energizer lr44/A76 - x4","p":5.14,"img":"https://fd9-photos.leclercdrive.fr/image.ashx?id=2024972&use=l&cat=p&typeid=i","cat":300572},{"id":47359,"n":"Sandwich Mega Club Sodebo  Pain Complet Poulet Mayo - 230g","p":2.0,"u":"8,70 €/KG","img":"https://fd9-photos.leclercdrive.fr/image.ashx?id=2960156&use=l&cat=p&typeid=i","cat":333658},{"id":47360,"n":"Fromage à tartiner Madame Loïk Fouetté Ail Fines Herbes - 150g","p":1.86,"u":"12,40 €/KG","img":"https://fd9-photos.leclercdrive.fr/image.ashx?id=2948021&use=l&cat=p&typeid=i","cat":314029},{"id":47361,"n":"Bûche de chèvre Président 250g","p":3.05,"u":"12,20 €/KG","img":"https://fd9-photos.leclercdrive.fr/image.ashx?id=2446647&use=l&cat=p&typeid=i","cat":314031},{"id":47382,"n":"Vin Union Européenne rouge Cramoisay - BIB 5L","p":12.95,"u":"2,59 €/L","img":"https://fd9-photos.leclercdrive.fr/image.ashx?id=2943861&use=l&cat=p&typeid=i","cat":289560},{"id":47404,"n":"Eau gazeuse aromatisée Badoit citron sans sucres - 6x50cl","p":2.94,"u":"0,98 €/L","img":"https://fd9-photos.leclercdrive.fr/image.ashx?id=2730643&use=l&cat=p&typeid=i","cat":284536},{"id":47409,"n":"Steack Haché Pur boeuf  Charolais Label 4x100G","p":6.91,"u":"17,28 €/KG","img":"https://fd9-photos.leclercdrive.fr/image.ashx?id=2352810&use=l&cat=p&typeid=i","cat":319778},{"id":47441,"n":"Cidre normand Les Goelleries Brut 4.5% - 2x75cl","p":3.69,"u":"2,46 €/L","img":"https://fd9-photos.leclercdrive.fr/image.ashx?id=2856546&use=l&cat=p&typeid=i","cat":334880},{"id":47472,"n":"Bouillon herbe Knorr Huile d'olive puget x15 - 150g","p":1.32,"u":"8,80 €/KG","img":"https://fd9-photos.leclercdrive.fr/image.ashx?id=2940681&use=l&cat=p&typeid=i","cat":288379},{"id":47473,"n":"Secret d'arôme Knorr Offre saisonnière - 60g","p":1.32,"u":"22,00 €/KG","img":"https://fd9-photos.leclercdrive.fr/image.ashx?id=2793134&use=l&cat=p&typeid=i","cat":298297},{"id":47474,"n":"Thon entier Le Savoureux À l'huile d'olive - 2x160g","p":5.44,"u":"17,00 €/KG","img":"https://fd9-photos.leclercdrive.fr/image.ashx?id=2170520&use=l&cat=p&typeid=i","cat":303867},{"id":47493,"n":"Tablette chocolat au lait Milka Morceaux de Oreo -  3x100g","p":4.17,"u":"13,90 €/KG","img":"https://fd9-photos.leclercdrive.fr/image.ashx?id=2617081&use=l&cat=p&typeid=i","cat":284497},{"id":47512,"n":"Whisky Jack Daniel's Old N°7 1,5L","p":44.86,"u":"29,91 €/L","img":"https://fd9-photos.leclercdrive.fr/image.ashx?id=2986840&use=l&cat=p&typeid=i","cat":284547},{"id":47528,"n":"Vin mousseux J.P Chenet Blanc 11%vol - 75cl","p":5.24,"u":"6,99 €/L","img":"https://fd9-photos.leclercdrive.fr/image.ashx?id=2794469&use=l&cat=p&typeid=i","cat":284544},{"id":47529,"n":"Vin mousseux de France Rosé J.P Chenet 11%vol - 75cl","p":5.53,"u":"7,37 €/L","img":"https://fd9-photos.leclercdrive.fr/image.ashx?id=2794472&use=l&cat=p&typeid=i","cat":284544},{"id":47542,"n":"Starmint Haribo Sachet bonbons menthe - 200g","p":1.46,"u":"7,30 €/KG","img":"https://fd9-photos.leclercdrive.fr/image.ashx?id=2984889&use=l&cat=p&typeid=i","cat":304252},{"id":47543,"n":"Sucettes Chupa Chups Au fruits, sachet - 192g","p":2.05,"u":"10,68 €/KG","img":"https://fd9-photos.leclercdrive.fr/image.ashx?id=2647651&use=l&cat=p&typeid=i","cat":304252},{"id":47563,"n":"Macédoine de Légumes Bonduelle 265g","p":0.92,"u":"3,47 €/KG","img":"https://fd9-photos.leclercdrive.fr/image.ashx?id=2910007&use=l&cat=p&typeid=i","cat":312612},{"id":47578,"n":"Yaourt de brebis Petit Basque Châtaignes - 2x125g","p":2.05,"u":"8,20 €/KG","img":"https://fd9-photos.leclercdrive.fr/image.ashx?id=2848839&use=l&cat=p&typeid=i","cat":314998},{"id":47592,"n":"Crêpe fourrée Whaou Cracky choco x8 - 256g","p":2.44,"u":"9,53 €/KG","img":"https://fd9-photos.leclercdrive.fr/image.ashx?id=2971029&use=l&cat=p&typeid=i","cat":284494},{"id":47593,"n":"Yaourts Mamie Nova Chocolat - 2x150g","p":1.38,"u":"4,60 €/KG","img":"https://fd9-photos.leclercdrive.fr/image.ashx?id=2909029&use=l&cat=p&typeid=i","cat":285041},{"id":47642,"n":"Beignets au pomme  10 p","p":3.99,"u":"0,40 €/P","img":"https://fd9-photos.leclercdrive.fr/image.ashx?id=849069&use=l&cat=p&typeid=i","cat":284984},{"id":47646,"n":"Pâtes Macaroni Panzani  3 Minutes - 500G","p":1.05,"u":"2,10 €/KG","img":"https://fd9-photos.leclercdrive.fr/image.ashx?id=2896081&use=l&cat=p&typeid=i","cat":284427},{"id":47648,"n":"Filets de maquereaux Saupiquet Vin blanc et aromates - 176g","p":2.08,"u":"11,82 €/KG","img":"https://fd9-photos.leclercdrive.fr/image.ashx?id=2829967&use=l&cat=p&typeid=i","cat":303868},{"id":47657,"n":"Bâtonnets Dentastix Pedigree Grand chien x56 - 2160g","p":17.48,"u":"8,09 €/KG","img":"https://fd9-photos.leclercdrive.fr/image.ashx?id=2980064&use=l&cat=p&typeid=i","cat":294527},{"id":47658,"n":"Bâtonnets  Dentastix Pedigree Petit chien x56 - 880g","p":10.88,"u":"12,36 €/KG","img":"https://fd9-photos.leclercdrive.fr/image.ashx?id=2937787&use=l&cat=p&typeid=i","cat":294527},{"id":47667,"n":"Pâtes Penne Rigate Panzani 3 Minutes - 500G","p":1.29,"u":"2,58 €/KG","img":"https://fd9-photos.leclercdrive.fr/image.ashx?id=2896087&use=l&cat=p&typeid=i","cat":284427},{"id":47675,"n":"Sardines Connétable Piment - 140g","p":1.67,"u":"11,93 €/KG","img":"https://fd9-photos.leclercdrive.fr/image.ashx?id=2807573&use=l&cat=p&typeid=i","cat":305146},{"id":47681,"n":"Sauce pizza Turini aux tomates et origan - 390g","p":0.99,"u":"2,54 €/KG","img":"https://fd9-photos.leclercdrive.fr/image.ashx?id=2412025&use=l&cat=p&typeid=i","cat":288384},{"id":47686,"n":"Fromage Spécialité Babybel Maxi - 200g","p":2.25,"u":"11,25 €/KG","img":"https://fd9-photos.leclercdrive.fr/image.ashx?id=2806913&use=l&cat=p&typeid=i","cat":314030},{"id":47687,"n":"IGP Sables de Camargue rosé Bio Les Embruns 12% vol - 75cl","p":5.66,"u":"7,55 €/L","img":"https://fd9-photos.leclercdrive.fr/image.ashx?id=2260698&use=l&cat=p&typeid=i","cat":289558},{"id":47698,"n":"AOC Madiran vin rouge  Terrasses d'Autan - 75cl","p":4.49,"u":"5,99 €/L","img":"https://fd9-photos.leclercdrive.fr/image.ashx?id=2800270&use=l&cat=p&typeid=i","cat":289556},{"id":47718,"n":"Boisson gourmande PAGO Cocktail Tropical Vitaminé - 75cl","p":1.91,"u":"2,55 €/L","img":"https://fd9-photos.leclercdrive.fr/image.ashx?id=2861854&use=l&cat=p&typeid=i","cat":284917},{"id":47722,"n":"Compotes Pom'Potes Gourdes  Pomme Nature - 12x90g","p":4.57,"u":"4,23 €/KG","img":"https://fd9-photos.leclercdrive.fr/image.ashx?id=2968082&use=l&cat=p&typeid=i","cat":284508},{"id":47724,"n":"Compotes Pom'Potes Gourdes  Sans sucres- 20x90g","p":6.8,"u":"3,78 €/KG","img":"https://fd9-photos.leclercdrive.fr/image.ashx?id=2883408&use=l&cat=p&typeid=i","cat":284508},{"id":47725,"n":"Bière blonde Lime Desperados 3%vol. - 3x33cl","p":4.63,"u":"4,68 €/L","img":"https://fd9-photos.leclercdrive.fr/image.ashx?id=2655868&use=l&cat=p&typeid=i","cat":334878},{"id":47726,"n":"Bière Red Desperados 5.9%vol. - 3x33cl","p":4.73,"u":"4,78 €/L","img":"https://fd9-photos.leclercdrive.fr/image.ashx?id=2918640&use=l&cat=p&typeid=i","cat":334878},{"id":47742,"n":"Lait nuage de lait Régilait Non sucré entier - 10x14g","p":0.98,"u":"7,00 €/KG","img":"https://fd9-photos.leclercdrive.fr/image.ashx?id=2018649&use=l&cat=p&typeid=i","cat":299162},{"id":47760,"n":"Gâteaux moelleux Milka Pépites de chocolat - 140g","p":2.09,"u":"14,93 €/KG","img":"https://fd9-photos.leclercdrive.fr/image.ashx?id=2192581&use=l&cat=p&typeid=i","cat":284495},{"id":47772,"n":"Chips Lay's Saveur cheeseburger - 120g","p":1.91,"u":"15,92 €/KG","img":"https://fd9-photos.leclercdrive.fr/image.ashx?id=3011134&use=l&cat=p&typeid=i","cat":284447},{"id":47796,"n":"Papier toilette humide Lotus Pure - x42 feuilles","p":1.65,"u":"0,04 €/P","img":"https://fd9-photos.leclercdrive.fr/image.ashx?id=2866070&use=l&cat=p&typeid=i","cat":284634},{"id":47812,"n":"Shampooing Gliss Ultimate  Cheveux sec flacon - 250ml","p":2.41,"u":"9,64 €/L","img":"https://fd9-photos.leclercdrive.fr/image.ashx?id=2868933&use=l&cat=p&typeid=i","cat":284606},{"id":47838,"n":"Speck Montorsi 100g","p":2.8,"u":"28,00 €/KG","img":"https://fd9-photos.leclercdrive.fr/image.ashx?id=2525843&use=l&cat=p&typeid=i","cat":316007},{"id":47839,"n":"Prosciutto Montorsi 90g","p":3.02,"u":"33,56 €/KG","img":"https://fd9-photos.leclercdrive.fr/image.ashx?id=2525849&use=l&cat=p&typeid=i","cat":316007},{"id":47841,"n":"Crème glacée l'Angélys Café - 450g","p":4.7,"u":"10,44 €/KG","img":"https://fd9-photos.leclercdrive.fr/image.ashx?id=2963568&use=l&cat=p&typeid=i","cat":284263},{"id":47843,"n":"Cordon bleu poulet Maître Coq 1kg","p":5.7,"u":"5,70 €/KG","img":"https://fd9-photos.leclercdrive.fr/image.ashx?id=2939475&use=l&cat=p&typeid=i","cat":319780},{"id":47926,"n":"Ktipiti Extra L'atelier blini - 175g","p":2.78,"u":"15,89 €/KG","img":"https://fd9-photos.leclercdrive.fr/image.ashx?id=2973706&use=l&cat=p&typeid=i","cat":315999},{"id":47927,"n":"Blinis Cocktail Blini x16 - 135g","p":1.9,"u":"14,07 €/KG","img":"https://fd9-photos.leclercdrive.fr/image.ashx?id=2947952&use=l&cat=p&typeid=i","cat":285191},{"id":48029,"n":"Sirop Moulin de Valdonne Pêche blanche - 70cl","p":3.23,"u":"4,61 €/L","img":"https://fd9-photos.leclercdrive.fr/image.ashx?id=2842678&use=l&cat=p&typeid=i","cat":295020},{"id":48030,"n":"Bâtonnets surimi Fleury Michon  Fromage et herbes MSC x16 -256g","p":3.45,"u":"13,48 €/KG","img":"https://fd9-photos.leclercdrive.fr/image.ashx?id=2936944&use=l&cat=p&typeid=i","cat":285189},{"id":48055,"n":"Hachis parmentier Marie  1kg","p":5.89,"u":"5,89 €/KG","img":"https://fd9-photos.leclercdrive.fr/image.ashx?id=2993385&use=l&cat=p&typeid=i","cat":284254},{"id":48079,"n":"Vinaigre de Cidre MAILLE au jus de pomme concentré 50cl","p":2.15,"u":"4,30 €/L","img":"https://fd9-photos.leclercdrive.fr/image.ashx?id=2945421&use=l&cat=p&typeid=i","cat":298543},{"id":48104,"n":"Sardines Parmentier Huile d'olive/hyacinte - 232g","p":3.12,"u":"13,45 €/KG","img":"https://fd9-photos.leclercdrive.fr/image.ashx?id=2826519&use=l&cat=p&typeid=i","cat":305146},{"id":48107,"n":"Thon mariné Petit Navire Citron/thym - 110g","p":1.97,"u":"17,91 €/KG","img":"https://fd9-photos.leclercdrive.fr/image.ashx?id=2986122&use=l&cat=p&typeid=i","cat":303867},{"id":48112,"n":"Poivre noir moulu Ducros Fort, N°9 - 35g","p":3.05,"u":"87,14 €/KG","img":"https://fd9-photos.leclercdrive.fr/image.ashx?id=2486593&use=l&cat=p&typeid=i","cat":284457},{"id":48113,"n":"Thym Ducros Flacon - 14g","p":1.48,"u":"105,71 €/KG","img":"https://fd9-photos.leclercdrive.fr/image.ashx?id=2983210&use=l&cat=p&typeid=i","cat":298297},{"id":48114,"n":"Persil Ducros 5g","p":1.52,"u":"304,00 €/KG","img":"https://fd9-photos.leclercdrive.fr/image.ashx?id=2490503&use=l&cat=p&typeid=i","cat":298297},{"id":48117,"n":"Sailor Jerry Boisson à base de Rhum - 40% - 70cl","p":16.43,"u":"23,47 €/L","img":"https://fd9-photos.leclercdrive.fr/image.ashx?id=2506645&use=l&cat=p&typeid=i","cat":284551},{"id":48152,"n":"Ecrasé de pdt Florette Huile d'olive - 2x200g","p":3.06,"u":"7,85 €/KG","img":"https://fd9-photos.leclercdrive.fr/image.ashx?id=2795144&use=l&cat=p&typeid=i","cat":333665},{"id":48155,"n":"Graines Maître Prunille Tournesol grillées, salées-250g","p":2.83,"u":"11,32 €/KG","img":"https://fd9-photos.leclercdrive.fr/image.ashx?id=2234024&use=l&cat=p&typeid=i","cat":284357},{"id":48164,"n":"Barres céréales Extra Kellogg's Chocolat et Amande - 4x32g","p":2.52,"u":"19,69 €/KG","img":"https://fd9-photos.leclercdrive.fr/image.ashx?id=2736601&use=l&cat=p&typeid=i","cat":285869},{"id":48200,"n":"Rillettes de poulet rôti Bordeau Chesnel - 220g","p":2.56,"u":"11,64 €/KG","img":"https://fd9-photos.leclercdrive.fr/image.ashx?id=2855046&use=l&cat=p&typeid=i","cat":316008},{"id":48203,"n":"Olives vertes Croc'frais A l'orientale Dénoyautées 200g","p":2.98,"u":"14,90 €/KG","img":"https://fd9-photos.leclercdrive.fr/image.ashx?id=2833702&use=l&cat=p&typeid=i","cat":316002},{"id":48210,"n":"Pâte d'amande Maître Prunille Tricolore - 250g","p":1.99,"u":"7,96 €/KG","img":"https://fd9-photos.leclercdrive.fr/image.ashx?id=2248330&use=l&cat=p&typeid=i","cat":284504},{"id":48211,"n":"Mélange de saison Florette 320g","p":2.38,"u":"7,44 €/KG","img":"https://fd9-photos.leclercdrive.fr/image.ashx?id=2844055&use=l&cat=p&typeid=i","cat":284353},{"id":48226,"n":"Petit Pois, Carotte Cassegrain Tendres et Fondants 130g","p":1.26,"u":"9,69 €/KG","img":"https://fd9-photos.leclercdrive.fr/image.ashx?id=2912977&use=l&cat=p&typeid=i","cat":312607},{"id":48255,"n":"Recharge EasyWax Expert Veet Bras Jambes Peaux Normales 50ml","p":7.52,"u":"150,40 €/L","img":"https://fd9-photos.leclercdrive.fr/image.ashx?id=2970789&use=l&cat=p&typeid=i","cat":325351},{"id":48257,"n":"Concentré detox GERLINEA  extrait d'artichaut x7, 70 ml","p":6.26,"u":"76,34 €/KG","img":"https://fd9-photos.leclercdrive.fr/image.ashx?id=2637042&use=l&cat=p&typeid=i","cat":318652},{"id":48258,"n":"Croquettes chat Ultima Stérilisé - Saumon - 3kg","p":12.06,"u":"4,02 €/KG","img":"https://fd9-photos.leclercdrive.fr/image.ashx?id=2922221&use=l&cat=p&typeid=i","cat":284680},{"id":48267,"n":"Rhum ambré Saint James 45%vol - 70cl","p":14.84,"u":"21,20 €/L","img":"https://fd9-photos.leclercdrive.fr/image.ashx?id=2970945&use=l&cat=p&typeid=i","cat":284550},{"id":48272,"n":"Liqueur de menthe Get 31 24° - 70cl","p":13.39,"u":"19,13 €/L","img":"https://fd9-photos.leclercdrive.fr/image.ashx?id=2840497&use=l&cat=p&typeid=i","cat":286032},{"id":48277,"n":"Coloration cheveux Kit Racines Schwarzkopf - R1 châtain clair","p":5.76,"img":"https://fd9-photos.leclercdrive.fr/image.ashx?id=2817482&use=l&cat=p&typeid=i","cat":288899},{"id":48299,"n":"Burger Le Charolais Daunat Boeuf emmental - 180g","p":3.29,"u":"18,28 €/KG","img":"https://fd9-photos.leclercdrive.fr/image.ashx?id=2967175&use=l&cat=p&typeid=i","cat":333671},{"id":48306,"n":"IGP Pays d'Oc rosé Grenache Les Ormes de Cambras 11.5% 75cl","p":3.17,"u":"4,23 €/L","img":"https://fd9-photos.leclercdrive.fr/image.ashx?id=2285234&use=l&cat=p&typeid=i","cat":289558},{"id":48310,"n":"Concentré à diluer Pulco Citron vert - 70cl","p":2.58,"u":"3,69 €/L","img":"https://fd9-photos.leclercdrive.fr/image.ashx?id=2686630&use=l&cat=p&typeid=i","cat":295020},{"id":48311,"n":"Concentré à diluer Pulco Orange Citron - 70cl","p":2.64,"u":"3,77 €/L","img":"https://fd9-photos.leclercdrive.fr/image.ashx?id=2686633&use=l&cat=p&typeid=i","cat":295020},{"id":48312,"n":"Eau minérale gazeuse Perrier  Fines bulles - 6x50cl","p":3.72,"u":"1,24 €/L","img":"https://fd9-photos.leclercdrive.fr/image.ashx?id=2737021&use=l&cat=p&typeid=i","cat":284536},{"id":48314,"n":"Spécialité laitière Délisse Oncteux Stracciatella - 4x120g","p":1.76,"u":"3,67 €/KG","img":"https://fd9-photos.leclercdrive.fr/image.ashx?id=2554834&use=l&cat=p&typeid=i","cat":314999},{"id":48339,"n":"Chocolat au lait Lindt  Praliné Noisette - 100g","p":2.06,"u":"20,60 €/KG","img":"https://fd9-photos.leclercdrive.fr/image.ashx?id=2751321&use=l&cat=p&typeid=i","cat":284497},{"id":48348,"n":"Chocolat au lait Lindt Création Caramel - 150g","p":3.08,"u":"20,53 €/KG","img":"https://fd9-photos.leclercdrive.fr/image.ashx?id=2685814&use=l&cat=p&typeid=i","cat":284497},{"id":48352,"n":"Tablette de chocolat noir Lindt Orange intense - 100g","p":2.24,"u":"22,40 €/KG","img":"https://fd9-photos.leclercdrive.fr/image.ashx?id=2689496&use=l&cat=p&typeid=i","cat":284956},{"id":48353,"n":"Tablette de chocolat noir Lindt 70% cacao - 100g","p":2.24,"u":"22,40 €/KG","img":"https://fd9-photos.leclercdrive.fr/image.ashx?id=2681592&use=l&cat=p&typeid=i","cat":284956},{"id":48354,"n":"Tablette de chocolat noir Lindt 85% cacao - 100g","p":2.25,"u":"22,50 €/KG","img":"https://fd9-photos.leclercdrive.fr/image.ashx?id=2681589&use=l&cat=p&typeid=i","cat":284956},{"id":48355,"n":"Tablette de chocolat noir Lindt Caramel Pointe de sel - 100g","p":2.25,"u":"22,50 €/KG","img":"https://fd9-photos.leclercdrive.fr/image.ashx?id=2689493&use=l&cat=p&typeid=i","cat":284956},{"id":48383,"n":"Gel Lubrifiant Massage 2 en 1 Durex Sensuel Ylang Ylang 200ml","p":7.65,"u":"38,25 €/L","img":"https://fd9-photos.leclercdrive.fr/image.ashx?id=2736562&use=l&cat=p&typeid=i","cat":285160},{"id":48392,"n":"Boules en cire naturelle Quies x12 paires","p":4.24,"u":"0,35 €/P","img":"https://fd9-photos.leclercdrive.fr/image.ashx?id=2159502&use=l&cat=p&typeid=i","cat":284630},{"id":48419,"n":"AOP Alsace Riesling blanc Wolfberger - 75cl","p":6.5,"pp":4.87,"u":"6,49 €/L","img":"https://fd9-photos.leclercdrive.fr/image.ashx?id=2905357&use=l&cat=p&typeid=i","cat":289557},{"id":48421,"n":"AOP Alsace Gewurztraminer blanc Wolfberger 13,5% - 75cl","p":7.85,"pp":5.89,"u":"7,85 €/L","img":"https://fd9-photos.leclercdrive.fr/image.ashx?id=2936368&use=l&cat=p&typeid=i","cat":289557},{"id":48471,"n":"Mélange 5 baies n°5 Ducros 70g","p":4.43,"u":"63,29 €/KG","img":"https://fd9-photos.leclercdrive.fr/image.ashx?id=2486602&use=l&cat=p&typeid=i","cat":284457},{"id":48504,"n":"Faux filet *** Charal  x1 - 200g","p":5.59,"u":"27,95 €/KG","img":"https://fd9-photos.leclercdrive.fr/image.ashx?id=1893008&use=l&cat=p&typeid=i","cat":284328},{"id":48508,"n":"Ketchup AMORA Flacon Souple - 550g","p":1.48,"u":"2,69 €/KG","img":"https://fd9-photos.leclercdrive.fr/image.ashx?id=2766649&use=l&cat=p&typeid=i","cat":284455},{"id":48512,"n":"Poivre noir n°6 Ducros Moulin - 28g","p":3.69,"u":"131,79 €/KG","img":"https://fd9-photos.leclercdrive.fr/image.ashx?id=2559472&use=l&cat=p&typeid=i","cat":284457},{"id":48515,"n":"Coriandre Ducros Moulue - 32g","p":1.25,"u":"39,06 €/KG","img":"https://fd9-photos.leclercdrive.fr/image.ashx?id=2490497&use=l&cat=p&typeid=i","cat":298297},{"id":48525,"n":"Tomato Ketchup Heinz - 700g","p":2.71,"u":"3,87 €/KG","img":"https://fd9-photos.leclercdrive.fr/image.ashx?id=2729326&use=l&cat=p&typeid=i","cat":284455},{"id":48575,"n":"Lasagnes bolognaise bio HippBio 250g","p":2.27,"u":"9,08 €/KG","img":"https://fd9-photos.leclercdrive.fr/image.ashx?id=2929080&use=l&cat=p&typeid=i","cat":312238},{"id":48589,"n":"Lait bébé poudre Gallia Calisma croissance Dès 12 mois 1,2kg","p":14.95,"u":"12,46 €/KG","img":"https://fd9-photos.leclercdrive.fr/image.ashx?id=2973553&use=l&cat=p&typeid=i","cat":290219},{"id":48595,"n":"Gourdes Bio bébé Hipp 4 variétés - 6 mois - 8x90g","p":6.3,"u":"8,75 €/KG","img":"https://fd9-photos.leclercdrive.fr/image.ashx?id=2904416&use=l&cat=p&typeid=i","cat":312393},{"id":48598,"n":"Cannelloni bio Hipp Bio Aux légumes - 250g","p":2.26,"u":"9,04 €/KG","img":"https://fd9-photos.leclercdrive.fr/image.ashx?id=2929083&use=l&cat=p&typeid=i","cat":312238},{"id":48603,"n":"Farine de blé Francine 1,4kg","p":1.55,"u":"1,11 €/KG","img":"https://fd9-photos.leclercdrive.fr/image.ashx?id=2881308&use=l&cat=p&typeid=i","cat":284503},{"id":48604,"n":"Farine fluide Francine 1.4kg","p":1.62,"u":"1,16 €/KG","img":"https://fd9-photos.leclercdrive.fr/image.ashx?id=2881305&use=l&cat=p&typeid=i","cat":284503},{"id":48611,"n":"Plat bébé soir Blédiner 12 mois Pâtes légumes - 2x200g","p":2.29,"u":"5,73 €/KG","img":"https://fd9-photos.leclercdrive.fr/image.ashx?id=2975068&use=l&cat=p&typeid=i","cat":312239},{"id":48646,"n":"Soda à l'orange Orangina Sans Sucres - 6x33cl","p":3.44,"u":"1,74 €/L","img":"https://fd9-photos.leclercdrive.fr/image.ashx?id=2946931&use=l&cat=p&typeid=i","cat":284532},{"id":48697,"n":"Sachet chat Purina One Sterillcat - 8x85g","p":4.17,"u":"6,13 €/KG","img":"https://fd9-photos.leclercdrive.fr/image.ashx?id=2899695&use=l&cat=p&typeid=i","cat":285286},{"id":48698,"n":"Croquettes chat Purina One Stérilisé/Intérieur-Poulet1.5kg","p":7.73,"u":"5,15 €/KG","img":"https://fd9-photos.leclercdrive.fr/image.ashx?id=2681257&use=l&cat=p&typeid=i","cat":284680},{"id":48704,"n":"Boîte chat Whiskas Gelée du pêcheur - 4x390g","p":4.76,"u":"3,05 €/KG","img":"https://fd9-photos.leclercdrive.fr/image.ashx?id=2759622&use=l&cat=p&typeid=i","cat":285601},{"id":48711,"n":"Friandises chien Fido  Dental Delicious - 130g","p":1.91,"u":"14,69 €/KG","img":"https://fd9-photos.leclercdrive.fr/image.ashx?id=2361614&use=l&cat=p&typeid=i","cat":294527},{"id":48715,"n":"Poires demi-fruits Eco+ Sirop léger - 455 g","p":1.67,"u":"3,67 €/KG","img":"https://fd9-photos.leclercdrive.fr/image.ashx?id=2783008&use=l&cat=p&typeid=i","cat":284507},{"id":48717,"n":"Barquettes chats Gourmet Gold Les mousselines - 24x85g","p":11.17,"u":"5,48 €/KG","img":"https://fd9-photos.leclercdrive.fr/image.ashx?id=2861500&use=l&cat=p&typeid=i","cat":285286},{"id":48725,"n":"Légumes pour Couscous D'Aucy Orientale - 800g","p":1.79,"u":"2,24 €/KG","img":"https://fd9-photos.leclercdrive.fr/image.ashx?id=2577800&use=l&cat=p&typeid=i","cat":312612},{"id":48734,"n":"Grand duc Ducros Touch'salade Provençale -180g","p":4.16,"u":"23,11 €/KG","img":"https://fd9-photos.leclercdrive.fr/image.ashx?id=1637670&use=l&cat=p&typeid=i","cat":298297},{"id":48745,"n":"Chocolat Pâtissier Nestlé Dessert Lait - 170g","p":3.05,"u":"17,94 €/KG","img":"https://fd9-photos.leclercdrive.fr/image.ashx?id=2961242&use=l&cat=p&typeid=i","cat":285562},{"id":48777,"n":"Confiture Confipote allégée en  Sucres - Pot Fraise - 350g","p":1.62,"u":"4,63 €/KG","img":"https://fd9-photos.leclercdrive.fr/image.ashx?id=2388436&use=l&cat=p&typeid=i","cat":284480},{"id":48786,"n":"Chocolat noir Bio Ethiquable  75% Nicaragua - 100g","p":2.9,"u":"29,00 €/KG","img":"https://fd9-photos.leclercdrive.fr/image.ashx?id=2870884&use=l&cat=p&typeid=i","cat":284956},{"id":48787,"n":"Chocolat noir Bio Ethiquable  Quinoa - 100g","p":2.76,"u":"27,60 €/KG","img":"https://fd9-photos.leclercdrive.fr/image.ashx?id=2870854&use=l&cat=p&typeid=i","cat":284956},{"id":48803,"n":"Confiture Confipote allégée en  Sucres - Pot Abricot - 350g","p":1.9,"u":"5,43 €/KG","img":"https://fd9-photos.leclercdrive.fr/image.ashx?id=2120959&use=l&cat=p&typeid=i","cat":284480},{"id":48807,"n":"Tartines bio Jardin Bio  Craquantes avoine - 150g","p":2.47,"u":"16,47 €/KG","img":"https://fd9-photos.leclercdrive.fr/image.ashx?id=2849187&use=l&cat=p&typeid=i","cat":318654},{"id":48809,"n":"Tartines bio Jardin Bio Craquantes au sarrasin - 300g","p":4.19,"u":"13,97 €/KG","img":"https://fd9-photos.leclercdrive.fr/image.ashx?id=2535562&use=l&cat=p&typeid=i","cat":284479},{"id":48810,"n":"Tortillas chili Jardin Bio Sans gluten bio - 125g","p":1.87,"u":"14,96 €/KG","img":"https://fd9-photos.leclercdrive.fr/image.ashx?id=2959475&use=l&cat=p&typeid=i","cat":318654},{"id":48811,"n":"Tortillas nature Jardin Bio Sans gluten bio - 125g","p":1.98,"u":"15,84 €/KG","img":"https://fd9-photos.leclercdrive.fr/image.ashx?id=2537643&use=l&cat=p&typeid=i","cat":318654},{"id":48817,"n":"Lait sucré Régilait Caramel beurre salé - 300g","p":3.26,"u":"10,87 €/KG","img":"https://fd9-photos.leclercdrive.fr/image.ashx?id=2018640&use=l&cat=p&typeid=i","cat":299162},{"id":48839,"n":"Lait concentré Régilait Non sucré, demi écrémé - 410g","p":1.61,"u":"3,93 €/KG","img":"https://fd9-photos.leclercdrive.fr/image.ashx?id=2405863&use=l&cat=p&typeid=i","cat":299162},{"id":48843,"n":"Préparation gâteau Nestlé Fondant chocolat - 317g","p":3.49,"u":"11,01 €/KG","img":"https://fd9-photos.leclercdrive.fr/image.ashx?id=2848379&use=l&cat=p&typeid=i","cat":284505},{"id":48844,"n":"Préparation gâteau Nestlé Moelleux chocolat - 344g","p":3.41,"u":"9,91 €/KG","img":"https://fd9-photos.leclercdrive.fr/image.ashx?id=2848376&use=l&cat=p&typeid=i","cat":284505},{"id":48846,"n":"Purée tomate bio Jardin Bio 200g","p":0.92,"u":"4,60 €/KG","img":"https://fd9-photos.leclercdrive.fr/image.ashx?id=2535034&use=l&cat=p&typeid=i","cat":288384},{"id":48859,"n":"Farine de blé épéautre du Gers  Bio 1kg","p":3.51,"u":"3,51 €/KG","img":"https://fd9-photos.leclercdrive.fr/image.ashx?id=2968406&use=l&cat=p&typeid=i","cat":284503},{"id":48862,"n":"Farine de blé semi complète  Gers Bio 1kg","p":3.0,"u":"3,00 €/KG","img":"https://fd9-photos.leclercdrive.fr/image.ashx?id=2916249&use=l&cat=p&typeid=i","cat":288382},{"id":48863,"n":"Quinoa bio Jardin Bio Graines gourmandes - 220g","p":2.23,"u":"10,14 €/KG","img":"https://fd9-photos.leclercdrive.fr/image.ashx?id=2535028&use=l&cat=p&typeid=i","cat":287600},{"id":48870,"n":"Infusion bio Jardin Bio Thym de France x20 - 28g","p":2.62,"u":"93,57 €/KG","img":"https://fd9-photos.leclercdrive.fr/image.ashx?id=2792840&use=l&cat=p&typeid=i","cat":293234},{"id":48879,"n":"Purée de piment Tables du Monde - 100g","p":1.19,"u":"11,90 €/KG","img":"https://fd9-photos.leclercdrive.fr/image.ashx?id=2679744&use=l&cat=p&typeid=i","cat":288992},{"id":48890,"n":"Pâtes De Cecco  Fusilli n°34 - 500g","p":1.47,"u":"2,94 €/KG","img":"https://fd9-photos.leclercdrive.fr/image.ashx?id=3004441&use=l&cat=p&typeid=i","cat":284427},{"id":48891,"n":"Pâtes De Cecco Penne rigate n°41 - 500g","p":1.84,"u":"3,68 €/KG","img":"https://fd9-photos.leclercdrive.fr/image.ashx?id=3005359&use=l&cat=p&typeid=i","cat":284427},{"id":48900,"n":"Corned beef gelée Dolo 340g","p":3.68,"u":"10,82 €/KG","img":"https://fd9-photos.leclercdrive.fr/image.ashx?id=3008047&use=l&cat=p&typeid=i","cat":305149},{"id":48915,"n":"Sauce Arôme Maggi 1kg","p":6.68,"u":"6,68 €/KG","img":"https://fd9-photos.leclercdrive.fr/image.ashx?id=2785352&use=l&cat=p&typeid=i","cat":288379},{"id":48977,"n":"Sauce brazil Colona Tube - 500ml","p":2.98,"u":"5,42 €/L","img":"https://fd9-photos.leclercdrive.fr/image.ashx?id=2179064&use=l&cat=p&typeid=i","cat":318431},{"id":48994,"n":"Sauce Pitta Kebab Colona Tube - 500ml","p":2.95,"u":"5,90 €/L","img":"https://fd9-photos.leclercdrive.fr/image.ashx?id=2687173&use=l&cat=p&typeid=i","cat":318431},{"id":49018,"n":"Beurre Moulé Paysan Breton Sel de guérande - 80% MG - 250g","p":3.44,"u":"13,76 €/KG","img":"https://fd9-photos.leclercdrive.fr/image.ashx?id=2869035&use=l&cat=p&typeid=i","cat":284379},{"id":49059,"n":"Piles Tech+ Foxter AAA/LR3 1,5V - x8","p":2.99,"img":"https://fd9-photos.leclercdrive.fr/image.ashx?id=2162327&use=l&cat=p&typeid=i","cat":300572},{"id":49070,"n":"Préparation gâteau Nestlé Coeur fondant - 305g","p":3.3,"u":"10,82 €/KG","img":"https://fd9-photos.leclercdrive.fr/image.ashx?id=2848385&use=l&cat=p&typeid=i","cat":284505},{"id":49078,"n":"Gaufrette P'tit Déli  Chocolat lait - 125g","p":1.29,"u":"10,32 €/KG","img":"https://fd9-photos.leclercdrive.fr/image.ashx?id=2858839&use=l&cat=p&typeid=i","cat":284490},{"id":49079,"n":"Petites madeleines P'tit Deli  Pépites de chocolat - 400g","p":1.69,"u":"4,23 €/KG","img":"https://fd9-photos.leclercdrive.fr/image.ashx?id=2999511&use=l&cat=p&typeid=i","cat":284492},{"id":49083,"n":"Biscuit palmier feuilleté Eco+ 100g","p":0.42,"u":"4,20 €/KG","img":"https://fd9-photos.leclercdrive.fr/image.ashx?id=2768016&use=l&cat=p&typeid=i","cat":284487},{"id":49131,"n":"Gin Bombay Sapphire 40° - 70cl","p":22.09,"u":"31,56 €/L","img":"https://fd9-photos.leclercdrive.fr/image.ashx?id=2842879&use=l&cat=p&typeid=i","cat":284550},{"id":49132,"n":"Gin Tanqueray 43.1%vol - 70cl","p":19.67,"u":"28,10 €/L","img":"https://fd9-photos.leclercdrive.fr/image.ashx?id=2414906&use=l&cat=p&typeid=i","cat":284550},{"id":49249,"n":"Gousse de vanille Bio Vahiné Madagascar Grand cru - 3g","p":4.68,"img":"https://fd9-photos.leclercdrive.fr/image.ashx?id=2559826&use=l&cat=p&typeid=i","cat":284504},{"id":49254,"n":"Gelifiant Vahiné Agar Agar - 8g","p":2.39,"u":"298,75 €/KG","img":"https://fd9-photos.leclercdrive.fr/image.ashx?id=2833342&use=l&cat=p&typeid=i","cat":284504},{"id":49282,"n":"Tablette de chocolat noir Lindt Zeste de citron vert - 100g","p":2.34,"u":"23,40 €/KG","img":"https://fd9-photos.leclercdrive.fr/image.ashx?id=2608160&use=l&cat=p&typeid=i","cat":284956},{"id":49288,"n":"Bols soir bébé bio Babybio Pâtes - 8 mois - 2x200g","p":2.52,"u":"6,30 €/KG","img":"https://fd9-photos.leclercdrive.fr/image.ashx?id=2838344&use=l&cat=p&typeid=i","cat":312239},{"id":49296,"n":"Barre Chocolat au Lait Lion x10 barres - 420g","p":3.7,"u":"8,81 €/KG","img":"https://fd9-photos.leclercdrive.fr/image.ashx?id=2736988&use=l&cat=p&typeid=i","cat":284498},{"id":49298,"n":"Biscuits croquant Nutella &Go! Pâte à tartiner x2 packs - 104g","p":2.2,"u":"21,15 €/KG","img":"https://fd9-photos.leclercdrive.fr/image.ashx?id=2737240&use=l&cat=p&typeid=i","cat":284488},{"id":49306,"n":"Gel anti-calcaire Calgon  Hygiène Plus - 2,25L","p":16.55,"u":"7,36 €/L","img":"https://fd9-photos.leclercdrive.fr/image.ashx?id=2953764&use=l&cat=p&typeid=i","cat":284653},{"id":49327,"n":"Déodorant Bille Homme Nivea Men Black&White Original - 50ml","p":2.2,"u":"44,00 €/L","img":"https://fd9-photos.leclercdrive.fr/image.ashx?id=2165815&use=l&cat=p&typeid=i","cat":284618},{"id":49337,"n":"Protège-slips Vania Confort Fresh - Normal - x28","p":1.88,"u":"0,07 €/P","img":"https://fd9-photos.leclercdrive.fr/image.ashx?id=2735203&use=l&cat=p&typeid=i","cat":284625},{"id":49340,"n":"Cornichons Eco+ Au vinaigre - 190g","p":0.88,"u":"4,63 €/KG","img":"https://fd9-photos.leclercdrive.fr/image.ashx?id=2974711&use=l&cat=p&typeid=i","cat":284458},{"id":49342,"n":"Moutarde Eco+ Forte au vinaigre - 850g","p":1.66,"u":"1,95 €/KG","img":"https://fd9-photos.leclercdrive.fr/image.ashx?id=2954325&use=l&cat=p&typeid=i","cat":288850},{"id":49344,"n":"Poivrons piquillos Olabe 225g","p":2.19,"u":"9,73 €/KG","img":"https://fd9-photos.leclercdrive.fr/image.ashx?id=2552039&use=l&cat=p&typeid=i","cat":312608},{"id":49348,"n":"Filet maquereaux Saupiquet Moutarde - 226g","p":2.72,"u":"12,04 €/KG","img":"https://fd9-photos.leclercdrive.fr/image.ashx?id=2826984&use=l&cat=p&typeid=i","cat":303868},{"id":49354,"n":"Olives Noires Grecques Tramier  Dénoyautées 220g","p":2.66,"u":"26,60 €/KG","img":"https://fd9-photos.leclercdrive.fr/image.ashx?id=2836340&use=l&cat=p&typeid=i","cat":284450},{"id":49401,"n":"Matière grasse Primevere Bio à tartiner - 55% MG - 250g","p":2.62,"u":"10,48 €/KG","img":"https://fd9-photos.leclercdrive.fr/image.ashx?id=2928456&use=l&cat=p&typeid=i","cat":315229},{"id":49417,"n":"Brumisateur Cristaline Eau de source - 150ml","p":2.77,"u":"18,47 €/L","img":"https://fd9-photos.leclercdrive.fr/image.ashx?id=873407&use=l&cat=p&typeid=i","cat":325356},{"id":49494,"n":"Snack soufflés bacon Tokapi Lot - 4x85g","p":2.72,"u":"8,00 €/KG","img":"https://fd9-photos.leclercdrive.fr/image.ashx?id=2691384&use=l&cat=p&typeid=i","cat":284449},{"id":49495,"n":"Soufflés Tornades Tokapi Fromage- 4x85g","p":2.88,"u":"8,47 €/KG","img":"https://fd9-photos.leclercdrive.fr/image.ashx?id=2691393&use=l&cat=p&typeid=i","cat":284449},{"id":49496,"n":"Soufflés  Tokapi Nature - 4x85g","p":2.76,"u":"8,12 €/KG","img":"https://fd9-photos.leclercdrive.fr/image.ashx?id=2691387&use=l&cat=p&typeid=i","cat":284449},{"id":49497,"n":"Soufflés Tornades Tokapi Paprika- 4x85g","p":2.92,"u":"8,59 €/KG","img":"https://fd9-photos.leclercdrive.fr/image.ashx?id=2691390&use=l&cat=p&typeid=i","cat":284449},{"id":49561,"n":"Gel Douche 5en1 Men Expert Pure carbon - 300ml","p":3.36,"u":"11,20 €/L","img":"https://fd9-photos.leclercdrive.fr/image.ashx?id=1603553&use=l&cat=p&typeid=i","cat":284619},{"id":49569,"n":"Boisson énergisante Monster Ultra zéro  - 50cl","p":1.57,"u":"3,14 €/L","img":"https://fd9-photos.leclercdrive.fr/image.ashx?id=2736697&use=l&cat=p&typeid=i","cat":284533},{"id":49624,"n":"Vin Union Européenne rosé Champlure - BIB 5L","p":12.95,"u":"2,59 €/L","img":"https://fd9-photos.leclercdrive.fr/image.ashx?id=2552523&use=l&cat=p&typeid=i","cat":289560},{"id":49632,"n":"Pain de mie 100% Mie Harrys Nature Longue conservation 325g","p":2.09,"u":"6,43 €/KG","img":"https://fd9-photos.leclercdrive.fr/image.ashx?id=2469647&use=l&cat=p&typeid=i","cat":284477},{"id":49636,"n":"Biscuits Baiocchi Mulino Bianco Chocolat noisette Snack - 336g","p":2.48,"u":"7,38 €/KG","img":"https://fd9-photos.leclercdrive.fr/image.ashx?id=2787962&use=l&cat=p&typeid=i","cat":284488},{"id":49649,"n":"Sauce Tomate Cuisinée Heinz Ail & Oignon x2 - 210g","p":1.63,"u":"3,88 €/KG","img":"https://fd9-photos.leclercdrive.fr/image.ashx?id=2926990&use=l&cat=p&typeid=i","cat":288384},{"id":49653,"n":"Chapelure dorée Tipiak 250g","p":0.77,"u":"3,08 €/KG","img":"https://fd9-photos.leclercdrive.fr/image.ashx?id=2563490&use=l&cat=p&typeid=i","cat":288382},{"id":49656,"n":"Sauce burger Amora 448g","p":1.97,"u":"4,40 €/KG","img":"https://fd9-photos.leclercdrive.fr/image.ashx?id=3014656&use=l&cat=p&typeid=i","cat":318431},{"id":49659,"n":"Huile de noix Cauvin Bouteille - 25cl","p":3.19,"u":"12,76 €/L","img":"https://fd9-photos.leclercdrive.fr/image.ashx?id=2482318&use=l&cat=p&typeid=i","cat":284453},{"id":49664,"n":"Farine complète Francine Boîte - 1kg","p":1.93,"u":"1,93 €/KG","img":"https://fd9-photos.leclercdrive.fr/image.ashx?id=2018898&use=l&cat=p&typeid=i","cat":284503},{"id":49667,"n":"Sauceline Maïzena 250g","p":1.93,"u":"7,72 €/KG","img":"https://fd9-photos.leclercdrive.fr/image.ashx?id=2915673&use=l&cat=p&typeid=i","cat":288382},{"id":49674,"n":"Fécule de pomme de terre Tipiak Substitut de farine - 250g","p":0.8,"u":"3,20 €/KG","img":"https://fd9-photos.leclercdrive.fr/image.ashx?id=2563487&use=l&cat=p&typeid=i","cat":288382},{"id":49681,"n":"Yaourt La Laitière Nature - 4x125g","p":1.87,"u":"3,74 €/KG","img":"https://fd9-photos.leclercdrive.fr/image.ashx?id=3007978&use=l&cat=p&typeid=i","cat":284409},{"id":49700,"n":"Matin Léger Bio de Lactel Sans lactose 1.2%mg - 6x1L","p":12.21,"u":"2,04 €/L","img":"https://fd9-photos.leclercdrive.fr/image.ashx?id=2883552&use=l&cat=p&typeid=i","cat":317169},{"id":49798,"n":"Nectar Goyave Caraibos Sans alcool - 75cl","p":2.23,"u":"2,97 €/L","img":"https://fd9-photos.leclercdrive.fr/image.ashx?id=3011281&use=l&cat=p&typeid=i","cat":284916},{"id":49800,"n":"Chorizo doux César Moroni   200g","p":2.93,"u":"14,65 €/KG","img":"https://fd9-photos.leclercdrive.fr/image.ashx?id=2854420&use=l&cat=p&typeid=i","cat":316006},{"id":49803,"n":"Chorizo fort César Moroni   200g","p":3.0,"u":"15,00 €/KG","img":"https://fd9-photos.leclercdrive.fr/image.ashx?id=2947841&use=l&cat=p&typeid=i","cat":316006},{"id":49805,"n":"Cocktail Piña colada Caraibos Sans alcool - 75cl","p":2.38,"u":"3,17 €/L","img":"https://fd9-photos.leclercdrive.fr/image.ashx?id=3011299&use=l&cat=p&typeid=i","cat":284549},{"id":49807,"n":"Sex on the beach Caraibos Sans alcool - 75cl","p":2.01,"u":"2,68 €/L","img":"https://fd9-photos.leclercdrive.fr/image.ashx?id=3011308&use=l&cat=p&typeid=i","cat":284549},{"id":49825,"n":"Croco Pik Haribo  Sachet bonbons acidulés - 275g","p":1.61,"u":"5,85 €/KG","img":"https://fd9-photos.leclercdrive.fr/image.ashx?id=2802350&use=l&cat=p&typeid=i","cat":304250},{"id":49828,"n":"Happy Life Haribo Sachet bonbons - 275g","p":1.65,"u":"6,00 €/KG","img":"https://fd9-photos.leclercdrive.fr/image.ashx?id=2803577&use=l&cat=p&typeid=i","cat":304250},{"id":49845,"n":"Jus multifruits Jafaden Brique, ABC - 2L","p":2.65,"u":"1,33 €/L","img":"https://fd9-photos.leclercdrive.fr/image.ashx?id=2759220&use=l&cat=p&typeid=i","cat":284917},{"id":49851,"n":"Limonade Sprink's 1.5L","p":0.95,"u":"0,63 €/L","img":"https://fd9-photos.leclercdrive.fr/image.ashx?id=2913721&use=l&cat=p&typeid=i","cat":284531},{"id":49852,"n":"Speck alto adige IGP Tradizioni d'Italia - 70g","p":1.95,"u":"27,86 €/KG","img":"https://fd9-photos.leclercdrive.fr/image.ashx?id=2925225&use=l&cat=p&typeid=i","cat":316007},{"id":49857,"n":"Mortadella bologna IGP Tradizioni d'Italia - 150g","p":2.59,"u":"17,27 €/KG","img":"https://fd9-photos.leclercdrive.fr/image.ashx?id=2925222&use=l&cat=p&typeid=i","cat":316009},{"id":49858,"n":"Prosciutto di parma AOP 18 mois Tradizioni d'Italia - 80g","p":3.79,"u":"47,38 €/KG","img":"https://fd9-photos.leclercdrive.fr/image.ashx?id=1961988&use=l&cat=p&typeid=i","cat":316007},{"id":49863,"n":"Pizza feu de bois  Turini  Saumon  - 420g","p":2.45,"u":"5,83 €/KG","img":"https://fd9-photos.leclercdrive.fr/image.ashx?id=2816579&use=l&cat=p&typeid=i","cat":284256},{"id":49865,"n":"Steak haché Authentique Charal Pur Bœuf 10% MG  8x125g - 1kg","p":15.23,"u":"15,23 €/KG","img":"https://fd9-photos.leclercdrive.fr/image.ashx?id=2741955&use=l&cat=p&typeid=i","cat":319778},{"id":49872,"n":"Tampons Tampax Compak Pearl Super - x18","p":3.21,"u":"0,18 €/P","img":"https://fd9-photos.leclercdrive.fr/image.ashx?id=2956616&use=l&cat=p&typeid=i","cat":284626},{"id":49880,"n":"Boisson concentrée Frucci Menthe avec édulcorants - 75cl","p":2.39,"u":"3,19 €/L","img":"https://fd9-photos.leclercdrive.fr/image.ashx?id=2909903&use=l&cat=p&typeid=i","cat":295020},{"id":49881,"n":"Sirop Frucci Zero Grenadine avec edulcorants-75cl","p":2.49,"u":"3,32 €/L","img":"https://fd9-photos.leclercdrive.fr/image.ashx?id=2956110&use=l&cat=p&typeid=i","cat":295020},{"id":49883,"n":"Soda tonic Sprink's 1.5L","p":1.05,"u":"0,70 €/L","img":"https://fd9-photos.leclercdrive.fr/image.ashx?id=2913739&use=l&cat=p&typeid=i","cat":284531},{"id":49930,"n":"Yaourt douceur Le Petit Basque Brebis nature - 4x100g","p":2.94,"u":"7,35 €/KG","img":"https://fd9-photos.leclercdrive.fr/image.ashx?id=2248084&use=l&cat=p&typeid=i","cat":314998},{"id":49931,"n":"Yaourt douceur Le Petit Basque Brebis citron - 4x100g","p":2.79,"u":"6,98 €/KG","img":"https://fd9-photos.leclercdrive.fr/image.ashx?id=2248087&use=l&cat=p&typeid=i","cat":314998},{"id":49932,"n":"Fromage Pavé d'Affinois Original - 180g","p":2.75,"u":"15,28 €/KG","img":"https://fd9-photos.leclercdrive.fr/image.ashx?id=2644070&use=l&cat=p&typeid=i","cat":314030},{"id":49933,"n":"Fromage Pavé d'Affinois Mini Mix 5 variétés - 130g","p":2.75,"u":"21,15 €/KG","img":"https://fd9-photos.leclercdrive.fr/image.ashx?id=2644076&use=l&cat=p&typeid=i","cat":314030},{"id":49952,"n":"Boisson énergisante Monster Canette refermable - 55.3cl","p":1.6,"u":"2,89 €/L","img":"https://fd9-photos.leclercdrive.fr/image.ashx?id=2883720&use=l&cat=p&typeid=i","cat":284533},{"id":49954,"n":"Limonade Sprink's 6x50cl","p":4.92,"u":"1,64 €/L","img":"https://fd9-photos.leclercdrive.fr/image.ashx?id=2956741&use=l&cat=p&typeid=i","cat":284531},{"id":49955,"n":"Soda 7UP Citron/citron vert zéro - 1.5L","p":1.28,"u":"0,85 €/L","img":"https://fd9-photos.leclercdrive.fr/image.ashx?id=2752462&use=l&cat=p&typeid=i","cat":284531},{"id":49956,"n":"Soda à l'orange Orangina Sans Sucres - 1,5L","p":1.68,"u":"1,12 €/L","img":"https://fd9-photos.leclercdrive.fr/image.ashx?id=2946496&use=l&cat=p&typeid=i","cat":284532},{"id":49971,"n":"Frites Pom Bistro à la Graisse de Canard - 500g","p":3.42,"u":"6,84 €/KG","img":"https://fd9-photos.leclercdrive.fr/image.ashx?id=2866412&use=l&cat=p&typeid=i","cat":319791},{"id":49979,"n":"Soupe liquide Liebig  Potiron Chataîgne - Brique 1L","p":2.66,"u":"2,66 €/L","img":"https://fd9-photos.leclercdrive.fr/image.ashx?id=2785358&use=l&cat=p&typeid=i","cat":284462},{"id":49981,"n":"Velouté Liebig Légumes du soleil - 1L","p":2.67,"u":"2,67 €/L","img":"https://fd9-photos.leclercdrive.fr/image.ashx?id=2750991&use=l&cat=p&typeid=i","cat":284462},{"id":49990,"n":"Tortillas fraiches 20cm x8 - 320g","p":1.59,"u":"4,97 €/KG","img":"https://fd9-photos.leclercdrive.fr/image.ashx?id=1553401&use=l&cat=p&typeid=i","cat":288993},{"id":49991,"n":"Tortillas wrap Poco Loco  25cmx6 - 370g","p":2.46,"u":"6,65 €/KG","img":"https://fd9-photos.leclercdrive.fr/image.ashx?id=2672542&use=l&cat=p&typeid=i","cat":288993},{"id":49997,"n":"Boisson aux fruits Oasis Mini Tropical - 6x25cl","p":2.91,"u":"1,94 €/L","img":"https://fd9-photos.leclercdrive.fr/image.ashx?id=2684443&use=l&cat=p&typeid=i","cat":295018},{"id":50003,"n":"Café soluble Maxwell House Qualité Filtre - 20g","p":7.68,"u":"38,40 €/KG","img":"https://fd9-photos.leclercdrive.fr/image.ashx?id=1755025&use=l&cat=p&typeid=i","cat":284843},{"id":50004,"n":"Kit Crousti Fajitas Old El Paso extra doux - 521g","p":4.79,"u":"9,19 €/KG","img":"https://fd9-photos.leclercdrive.fr/image.ashx?id=2765402&use=l&cat=p&typeid=i","cat":288993},{"id":50013,"n":"Sauce guacamole 300g","p":2.33,"u":"7,77 €/KG","img":"https://fd9-photos.leclercdrive.fr/image.ashx?id=2772332&use=l&cat=p&typeid=i","cat":284451},{"id":50016,"n":"Filet de thon huile Florelli  200g","p":5.59,"u":"27,95 €/KG","img":"https://fd9-photos.leclercdrive.fr/image.ashx?id=2908240&use=l&cat=p&typeid=i","cat":289010},{"id":50017,"n":"Confit de tomates séchées  Les Tartinables Florelli 190g","p":2.5,"u":"13,16 €/KG","img":"https://fd9-photos.leclercdrive.fr/image.ashx?id=3011671&use=l&cat=p&typeid=i","cat":289010},{"id":50018,"n":"Légumes grillés Florelli 280g","p":2.95,"u":"10,54 €/KG","img":"https://fd9-photos.leclercdrive.fr/image.ashx?id=2664199&use=l&cat=p&typeid=i","cat":289010},{"id":50022,"n":"Nouilles cup Tanoshi Boeuf teppanyaki - 65g","p":1.62,"u":"24,92 €/KG","img":"https://fd9-photos.leclercdrive.fr/image.ashx?id=2906172&use=l&cat=p&typeid=i","cat":288992},{"id":50052,"n":"Lait bébé en poudre Galliagest croissance Dès 12 mois 900g","p":12.69,"u":"14,10 €/KG","img":"https://fd9-photos.leclercdrive.fr/image.ashx?id=2616844&use=l&cat=p&typeid=i","cat":290219},{"id":50053,"n":"Eau gazeuse minérale Salvetat pauvre en sodium - 6x50cl","p":2.77,"u":"0,92 €/L","img":"https://fd9-photos.leclercdrive.fr/image.ashx?id=2533469&use=l&cat=p&typeid=i","cat":284536},{"id":50072,"n":"Soupe Liquide Douceur Knorr 8 légumes à la crème - 50cl","p":1.78,"u":"3,56 €/L","img":"https://fd9-photos.leclercdrive.fr/image.ashx?id=2738023&use=l&cat=p&typeid=i","cat":284462},{"id":50078,"n":"Quinoa Bio Ethiquable Croquant Equateur - 500g","p":3.97,"u":"7,94 €/KG","img":"https://fd9-photos.leclercdrive.fr/image.ashx?id=2876821&use=l&cat=p&typeid=i","cat":284429},{"id":50082,"n":"Dessert fruits mixés Sojasun Myrtilles - 4x100g","p":1.79,"u":"4,48 €/KG","img":"https://fd9-photos.leclercdrive.fr/image.ashx?id=2355680&use=l&cat=p&typeid=i","cat":316071},{"id":50091,"n":"Lait de coco Kara - brique 200ml","p":1.13,"u":"5,65 €/L","img":"https://fd9-photos.leclercdrive.fr/image.ashx?id=2906895&use=l&cat=p&typeid=i","cat":288992},{"id":50106,"n":"Nems au Porc Tables du Monde x4 - 280g","p":1.76,"u":"6,29 €/KG","img":"https://fd9-photos.leclercdrive.fr/image.ashx?id=2967670&use=l&cat=p&typeid=i","cat":333673},{"id":50123,"n":"Vinaigrette Puget  Ciboulette/échalotes - 33cl","p":2.57,"u":"7,79 €/L","img":"https://fd9-photos.leclercdrive.fr/image.ashx?id=2912146&use=l&cat=p&typeid=i","cat":284456},{"id":50131,"n":"Compotes Pom'Potes Gourdes  Multivariétés - 20x90g","p":7.09,"u":"3,94 €/KG","img":"https://fd9-photos.leclercdrive.fr/image.ashx?id=3010930&use=l&cat=p&typeid=i","cat":284508},{"id":50132,"n":"Compotes Pom'Potes Gourdes  Multivariétés Inédits - 12x90g","p":5.54,"u":"5,13 €/KG","img":"https://fd9-photos.leclercdrive.fr/image.ashx?id=2870170&use=l&cat=p&typeid=i","cat":284508},{"id":50135,"n":"Lingettes Textil Anti-transfert - x40","p":3.71,"u":"0,09 €/P","img":"https://fd9-photos.leclercdrive.fr/image.ashx?id=2964574&use=l&cat=p&typeid=i","cat":290450},{"id":50211,"n":"Pain Bruschetta La Boulangère 400g","p":2.7,"u":"6,75 €/KG","img":"https://fd9-photos.leclercdrive.fr/image.ashx?id=2912404&use=l&cat=p&typeid=i","cat":284985},{"id":50212,"n":"Pain suédois La Boulangère 180g","p":2.07,"u":"11,50 €/KG","img":"https://fd9-photos.leclercdrive.fr/image.ashx?id=2445376&use=l&cat=p&typeid=i","cat":284985},{"id":50214,"n":"Laque  Fixation forte - 75ml","p":1.29,"u":"17,20 €/L","img":"https://fd9-photos.leclercdrive.fr/image.ashx?id=2324399&use=l&cat=p&typeid=i","cat":284609},{"id":50218,"n":"Tronches de Cake St Michel 175g","p":2.29,"u":"13,09 €/KG","img":"https://fd9-photos.leclercdrive.fr/image.ashx?id=2949946&use=l&cat=p&typeid=i","cat":284495},{"id":50220,"n":"Biscuits Duo Mini BN  190g","p":1.97,"u":"10,37 €/KG","img":"https://fd9-photos.leclercdrive.fr/image.ashx?id=2219606&use=l&cat=p&typeid=i","cat":284488},{"id":50224,"n":"Cookies Milka Pépites de chocolat - 168g","p":1.79,"u":"10,65 €/KG","img":"https://fd9-photos.leclercdrive.fr/image.ashx?id=3002285&use=l&cat=p&typeid=i","cat":325066},{"id":50225,"n":"Biscuits Choco suprême Milka Chocolat - 180g","p":2.55,"u":"14,17 €/KG","img":"https://fd9-photos.leclercdrive.fr/image.ashx?id=2990991&use=l&cat=p&typeid=i","cat":284488},{"id":50226,"n":"Biscuits sablés Granola Chocolat au lait - 3x200g","p":4.29,"u":"7,15 €/KG","img":"https://fd9-photos.leclercdrive.fr/image.ashx?id=3009125&use=l&cat=p&typeid=i","cat":284488},{"id":50227,"n":"Biscuits Granola Chocolat au lait - 200g","p":1.45,"u":"7,25 €/KG","img":"https://fd9-photos.leclercdrive.fr/image.ashx?id=2324282&use=l&cat=p&typeid=i","cat":284488},{"id":50229,"n":"Biscuits Florentin Kambly 125g","p":2.5,"u":"20,00 €/KG","img":"https://fd9-photos.leclercdrive.fr/image.ashx?id=2886337&use=l&cat=p&typeid=i","cat":284487},{"id":50231,"n":"Biscuit Dinosaurus Lotus Chocolat au lait - 225g","p":2.09,"u":"9,29 €/KG","img":"https://fd9-photos.leclercdrive.fr/image.ashx?id=2859815&use=l&cat=p&typeid=i","cat":284488},{"id":50235,"n":"Cookies Bonne Maman  Chocolat noisette - 225g","p":2.47,"u":"10,98 €/KG","img":"https://fd9-photos.leclercdrive.fr/image.ashx?id=2936164&use=l&cat=p&typeid=i","cat":325066},{"id":50262,"n":"Kebab de poulet Fleury Michon Semoule à l'orientale - 280g","p":3.24,"u":"11,57 €/KG","img":"https://fd9-photos.leclercdrive.fr/image.ashx?id=2680167&use=l&cat=p&typeid=i","cat":333665},{"id":50360,"n":"Mousse à Raser Nivea Men Peaux Sensibles - 200 ml","p":2.88,"u":"14,40 €/L","img":"https://fd9-photos.leclercdrive.fr/image.ashx?id=3005212&use=l&cat=p&typeid=i","cat":284617},{"id":50365,"n":"Moelleux Pépites Choco GERBLE  sans sucre - 196g","p":3.57,"u":"18,21 €/KG","img":"https://fd9-photos.leclercdrive.fr/image.ashx?id=2812705&use=l&cat=p&typeid=i","cat":318653},{"id":50398,"n":"Pâtes pour potage Turini Estrelinhas - 250g","p":0.58,"u":"2,32 €/KG","img":"https://fd9-photos.leclercdrive.fr/image.ashx?id=2578511&use=l&cat=p&typeid=i","cat":284427},{"id":50399,"n":"Haricots noirs Notre Jardin Alubias Marca Guia - 850g","p":1.65,"u":"1,94 €/KG","img":"https://fd9-photos.leclercdrive.fr/image.ashx?id=1964573&use=l&cat=p&typeid=i","cat":312606},{"id":50400,"n":"Haricots Notre jardin Alubia canela Marca Guia - 850g","p":1.65,"u":"1,94 €/KG","img":"https://fd9-photos.leclercdrive.fr/image.ashx?id=1962849&use=l&cat=p&typeid=i","cat":312606},{"id":50401,"n":"Haricots cornille Notre jardin Marca Guia - 850g","p":1.65,"u":"1,94 €/KG","img":"https://fd9-photos.leclercdrive.fr/image.ashx?id=1962846&use=l&cat=p&typeid=i","cat":312606},{"id":50405,"n":"Encornets en sauce Pêche Océan 120g","p":1.46,"u":"12,17 €/KG","img":"https://fd9-photos.leclercdrive.fr/image.ashx?id=2304851&use=l&cat=p&typeid=i","cat":289009},{"id":50406,"n":"Chips allumettes Marca Guia  300g","p":1.99,"u":"6,63 €/KG","img":"https://fd9-photos.leclercdrive.fr/image.ashx?id=2948465&use=l&cat=p&typeid=i","cat":289009},{"id":50407,"n":"Lupins Rustica Pot - 500g","p":1.45,"u":"2,90 €/KG","img":"https://fd9-photos.leclercdrive.fr/image.ashx?id=1962813&use=l&cat=p&typeid=i","cat":312611},{"id":50409,"n":"Biscottes Crac'form Gerblé 250g","p":3.08,"u":"12,32 €/KG","img":"https://fd9-photos.leclercdrive.fr/image.ashx?id=2662994&use=l&cat=p&typeid=i","cat":284479},{"id":50415,"n":"Pâtes Pevides Turini 250g","p":0.58,"u":"2,32 €/KG","img":"https://fd9-photos.leclercdrive.fr/image.ashx?id=2578508&use=l&cat=p&typeid=i","cat":289009},{"id":50418,"n":"Moutarde Rustica Marca Guia Typique Portugal - 250g","p":1.05,"u":"4,20 €/KG","img":"https://fd9-photos.leclercdrive.fr/image.ashx?id=2304906&use=l&cat=p&typeid=i","cat":289009},{"id":50419,"n":"Mayonnaise Rustica Marca Guia Typique Portugal - 225ml","p":1.32,"u":"5,87 €/L","img":"https://fd9-photos.leclercdrive.fr/image.ashx?id=2304902&use=l&cat=p&typeid=i","cat":289009},{"id":50422,"n":"Pickles Rustica Marca Guia 530g","p":2.15,"u":"4,06 €/KG","img":"https://fd9-photos.leclercdrive.fr/image.ashx?id=2304842&use=l&cat=p&typeid=i","cat":289009},{"id":50434,"n":"Saucisses Marca Guia  Type portugaises - 350g","p":1.1,"u":"3,14 €/KG","img":"https://fd9-photos.leclercdrive.fr/image.ashx?id=981002&use=l&cat=p&typeid=i","cat":289009},{"id":50459,"n":"Fromage à Tartiner St Môret  Nature - 150g","p":2.0,"u":"13,33 €/KG","img":"https://fd9-photos.leclercdrive.fr/image.ashx?id=2755468&use=l&cat=p&typeid=i","cat":314029},{"id":50491,"n":"Bière blanche Hoegaarden 4,9% - 6x25cl","p":4.47,"u":"2,98 €/L","img":"https://fd9-photos.leclercdrive.fr/image.ashx?id=2963922&use=l&cat=p&typeid=i","cat":334878},{"id":50524,"n":"Crème soin Nivea visage Sensitive soin de jour - 50ml","p":4.47,"u":"89,40 €/L","img":"https://fd9-photos.leclercdrive.fr/image.ashx?id=2221581&use=l&cat=p&typeid=i","cat":325345},{"id":50530,"n":"Bonbons Tic Tac Acidulé Fruit du dragon - x100 - 49g","p":1.81,"u":"36,94 €/KG","img":"https://fd9-photos.leclercdrive.fr/image.ashx?id=2985597&use=l&cat=p&typeid=i","cat":304256},{"id":50548,"n":"Lait de croissance Lactel Nature - 6x1L","p":9.49,"u":"1,58 €/L","img":"https://fd9-photos.leclercdrive.fr/image.ashx?id=2927438&use=l&cat=p&typeid=i","cat":284728},{"id":50568,"n":"Eau aromatisée Cristaline Jus de pêche - 1.5L","p":1.19,"u":"0,79 €/L","img":"https://fd9-photos.leclercdrive.fr/image.ashx?id=2344615&use=l&cat=p&typeid=i","cat":284537},{"id":50570,"n":"Eau aromatisée Cristaline Fraise - 1.5L","p":1.12,"u":"0,75 €/L","img":"https://fd9-photos.leclercdrive.fr/image.ashx?id=2417255&use=l&cat=p&typeid=i","cat":284537},{"id":50590,"n":"Lentilles préparées D'aucy  530g","p":1.66,"u":"3,13 €/KG","img":"https://fd9-photos.leclercdrive.fr/image.ashx?id=2560597&use=l&cat=p&typeid=i","cat":312609},{"id":50592,"n":"Pois chiches Sultanines 265g","p":0.98,"u":"3,70 €/KG","img":"https://fd9-photos.leclercdrive.fr/image.ashx?id=1920223&use=l&cat=p&typeid=i","cat":312609},{"id":50599,"n":"Crème soyeuse Bio Lait d'anesse So'Bio Etic - 50 ml","p":7.81,"u":"156,20 €/L","img":"https://fd9-photos.leclercdrive.fr/image.ashx?id=2906463&use=l&cat=p&typeid=i","cat":325345},{"id":50600,"n":"Crème onctueuse lait d'anesse Bio - So'Bio Etic - 50 ml","p":7.57,"u":"151,40 €/L","img":"https://fd9-photos.leclercdrive.fr/image.ashx?id=2909062&use=l&cat=p&typeid=i","cat":325345},{"id":50604,"n":"Lotion micellaire So Bio Etic Aloe vera bio - 500 ml","p":5.05,"u":"10,10 €/L","img":"https://fd9-photos.leclercdrive.fr/image.ashx?id=2493508&use=l&cat=p&typeid=i","cat":284603},{"id":50609,"n":"Savon crème lait d'anesse SoBIO Distrinat bio - 100g","p":2.64,"u":"26,40 €/KG","img":"https://fd9-photos.leclercdrive.fr/image.ashx?id=2494728&use=l&cat=p&typeid=i","cat":284597},{"id":50626,"n":"AOC Saint-Émilion vin rouge Chantet Blanet - 37,5cl","p":4.79,"u":"12,77 €/L","img":"https://fd9-photos.leclercdrive.fr/image.ashx?id=2805981&use=l&cat=p&typeid=i","cat":289556},{"id":50640,"n":"IGP Méditerranée vin rosé Terres Ocrées 12.5% vol BIB 5L","p":12.99,"u":"2,60 €/L","img":"https://fd9-photos.leclercdrive.fr/image.ashx?id=2883318&use=l&cat=p&typeid=i","cat":289560},{"id":50659,"n":"Confisuc gelée Saint Louis 1kg","p":2.23,"u":"2,23 €/KG","img":"https://fd9-photos.leclercdrive.fr/image.ashx?id=1943688&use=l&cat=p&typeid=i","cat":284502},{"id":50662,"n":"Chocolat en poudre Nesquik Extra Choco - 600g","p":5.47,"u":"9,12 €/KG","img":"https://fd9-photos.leclercdrive.fr/image.ashx?id=3004438&use=l&cat=p&typeid=i","cat":293235},{"id":50672,"n":"Biscuits à la cuillère x30 Bonne Maman - 250g","p":4.97,"u":"19,88 €/KG","img":"https://fd9-photos.leclercdrive.fr/image.ashx?id=2936152&use=l&cat=p&typeid=i","cat":284487},{"id":50673,"n":"Financier amandes Bonne Maman 250g","p":3.64,"u":"14,56 €/KG","img":"https://fd9-photos.leclercdrive.fr/image.ashx?id=2936176&use=l&cat=p&typeid=i","cat":284492},{"id":50674,"n":"Quatre quarts Bonne Maman 500g","p":3.12,"u":"6,24 €/KG","img":"https://fd9-photos.leclercdrive.fr/image.ashx?id=2936158&use=l&cat=p&typeid=i","cat":294776},{"id":50675,"n":"Gâteau Bonne Maman  Marbré chocolat - 475g","p":3.24,"u":"6,82 €/KG","img":"https://fd9-photos.leclercdrive.fr/image.ashx?id=2936161&use=l&cat=p&typeid=i","cat":294776},{"id":50676,"n":"Madeleine coquille St Michel  Oeuf plein air x24 - 600g","p":3.37,"u":"5,62 €/KG","img":"https://fd9-photos.leclercdrive.fr/image.ashx?id=2936197&use=l&cat=p&typeid=i","cat":284492},{"id":50678,"n":"IGP Vinaigre balsamique Modène Maille - 75cl","p":4.84,"u":"6,45 €/L","img":"https://fd9-photos.leclercdrive.fr/image.ashx?id=2805666&use=l&cat=p&typeid=i","cat":298543},{"id":50680,"n":"Barre Chocolatée KINDER Country  Céréales chocolat x15 - 352,5g","p":4.05,"u":"11,51 €/KG","img":"https://fd9-photos.leclercdrive.fr/image.ashx?id=2231903&use=l&cat=p&typeid=i","cat":284498},{"id":50682,"n":"Gâteau Ker Cadélac Le Moelleux Original - 500g","p":2.75,"u":"5,50 €/KG","img":"https://fd9-photos.leclercdrive.fr/image.ashx?id=2955797&use=l&cat=p&typeid=i","cat":294776},{"id":50683,"n":"Barre marbré  Ker Cadélac  Cacao - 500g","p":2.18,"u":"4,36 €/KG","img":"https://fd9-photos.leclercdrive.fr/image.ashx?id=2939508&use=l&cat=p&typeid=i","cat":294776},{"id":50688,"n":"Pains au chocolat Pasquier  x16 - 720g","p":4.45,"u":"6,18 €/KG","img":"https://fd9-photos.leclercdrive.fr/image.ashx?id=2686837&use=l&cat=p&typeid=i","cat":296366},{"id":50689,"n":"Croissants Pasquier x8 - 320g","p":1.97,"u":"6,16 €/KG","img":"https://fd9-photos.leclercdrive.fr/image.ashx?id=2853053&use=l&cat=p&typeid=i","cat":296366},{"id":50690,"n":"Brioche tressée Pasquier Tranchée nature - 500g","p":2.57,"u":"5,14 €/KG","img":"https://fd9-photos.leclercdrive.fr/image.ashx?id=2978706&use=l&cat=p&typeid=i","cat":284478},{"id":50710,"n":"Chocolats  Lindt Mignonnettes - 500g","p":13.02,"u":"26,04 €/KG","img":"https://fd9-photos.leclercdrive.fr/image.ashx?id=2209197&use=l&cat=p&typeid=i","cat":284499},{"id":50712,"n":"Biscuits Choco Pause Milka Chocolat au lait - 260g","p":1.59,"u":"6,12 €/KG","img":"https://fd9-photos.leclercdrive.fr/image.ashx?id=2192572&use=l&cat=p&typeid=i","cat":284488},{"id":50713,"n":"Biscuits Oreo Vanille / chocolat blanc - 246g","p":2.27,"u":"9,23 €/KG","img":"https://fd9-photos.leclercdrive.fr/image.ashx?id=2989447&use=l&cat=p&typeid=i","cat":284488},{"id":50714,"n":"Biscottes Heudebert  Goût brioché - 290g","p":1.66,"u":"5,72 €/KG","img":"https://fd9-photos.leclercdrive.fr/image.ashx?id=3001979&use=l&cat=p&typeid=i","cat":284479},{"id":50715,"n":"Biscottes Gourmande Pelletier Goût brioché - 260g","p":2.36,"u":"9,08 €/KG","img":"https://fd9-photos.leclercdrive.fr/image.ashx?id=2961825&use=l&cat=p&typeid=i","cat":284479},{"id":50734,"n":"Soda Sprink's Orange - 1.5L","p":0.92,"u":"0,61 €/L","img":"https://fd9-photos.leclercdrive.fr/image.ashx?id=2925979&use=l&cat=p&typeid=i","cat":284532},{"id":50736,"n":"Blancs de poulet Eco+ 4 tranches - 180g","p":1.31,"u":"7,28 €/KG","img":"https://fd9-photos.leclercdrive.fr/image.ashx?id=2683634&use=l&cat=p&typeid=i","cat":316010},{"id":50739,"n":"Bacon fumé Eco+ 12 tranches - 150g","p":1.46,"u":"9,73 €/KG","img":"https://fd9-photos.leclercdrive.fr/image.ashx?id=2837111&use=l&cat=p&typeid=i","cat":316007},{"id":50760,"n":"Sablés Bonne Maman  Tout Chocolat - 150g","p":1.65,"u":"11,00 €/KG","img":"https://fd9-photos.leclercdrive.fr/image.ashx?id=2923687&use=l&cat=p&typeid=i","cat":325066},{"id":50761,"n":"Coppa Saint Azay Chiffonnade - 100g","p":2.99,"u":"29,90 €/KG","img":"https://fd9-photos.leclercdrive.fr/image.ashx?id=2708351&use=l&cat=p&typeid=i","cat":316007},{"id":50770,"n":"Pâtes serpentin Turini  Cuisson rapide - 500g","p":1.16,"u":"2,32 €/KG","img":"https://fd9-photos.leclercdrive.fr/image.ashx?id=2607560&use=l&cat=p&typeid=i","cat":284427},{"id":50773,"n":"Dés de jambon Eco+ 2x100G","p":1.65,"u":"8,25 €/KG","img":"https://fd9-photos.leclercdrive.fr/image.ashx?id=2930936&use=l&cat=p&typeid=i","cat":316011},{"id":50778,"n":"Jambon qualité choix Eco+ 10 tranches - 500g","p":4.21,"u":"8,42 €/KG","img":"https://fd9-photos.leclercdrive.fr/image.ashx?id=2715010&use=l&cat=p&typeid=i","cat":316009},{"id":50779,"n":"Saucisse de Strasbourg Eco+ x10 - 350g","p":1.19,"u":"3,40 €/KG","img":"https://fd9-photos.leclercdrive.fr/image.ashx?id=2794856&use=l&cat=p&typeid=i","cat":316012},{"id":50805,"n":"Sauce Tomates Barilla Olive - 400g","p":1.78,"u":"4,45 €/KG","img":"https://fd9-photos.leclercdrive.fr/image.ashx?id=2832515&use=l&cat=p&typeid=i","cat":287599},{"id":50810,"n":"Sauce Tomates Barilla Arrabbiata - 400g","p":1.82,"u":"4,55 €/KG","img":"https://fd9-photos.leclercdrive.fr/image.ashx?id=2832509&use=l&cat=p&typeid=i","cat":287599},{"id":50842,"n":"Rhum ambré La martiniquaise Flask 40%vol - 20cl","p":3.16,"u":"15,80 €/L","img":"https://fd9-photos.leclercdrive.fr/image.ashx?id=2955155&use=l&cat=p&typeid=i","cat":284550},{"id":50863,"n":"Savon verveine Petit Olivier 2x100g","p":2.12,"u":"10,60 €/KG","img":"https://fd9-photos.leclercdrive.fr/image.ashx?id=2144839&use=l&cat=p&typeid=i","cat":284597},{"id":50864,"n":"Savon Petit Olivier Fleur d'oranger - 2x100g","p":2.28,"u":"11,40 €/KG","img":"https://fd9-photos.leclercdrive.fr/image.ashx?id=2660862&use=l&cat=p&typeid=i","cat":284597},{"id":50865,"n":"Savon rose Le Petit Olivier Savonnette extra douce - 2x100g","p":2.31,"u":"11,55 €/KG","img":"https://fd9-photos.leclercdrive.fr/image.ashx?id=2660865&use=l&cat=p&typeid=i","cat":284597},{"id":50866,"n":"Savon doux karité Petit Olivier Surgras - 250g","p":2.48,"u":"9,92 €/KG","img":"https://fd9-photos.leclercdrive.fr/image.ashx?id=2144848&use=l&cat=p&typeid=i","cat":284597},{"id":50867,"n":"Petit Olivier savon Marseille Avec ou sans pompe -  300ml","p":2.87,"u":"9,57 €/L","img":"https://fd9-photos.leclercdrive.fr/image.ashx?id=2683793&use=l&cat=p&typeid=i","cat":284597},{"id":50887,"n":"Pavé aux céréales 350g","p":1.8,"u":"5,14 €/KG","img":"https://fd9-photos.leclercdrive.fr/image.ashx?id=2063107&use=l&cat=p&typeid=i","cat":284359},{"id":50899,"n":"Sandwich baguette Daunat XXL Poulet crudités - 230g","p":2.28,"u":"9,91 €/KG","img":"https://fd9-photos.leclercdrive.fr/image.ashx?id=2623229&use=l&cat=p&typeid=i","cat":333658},{"id":50908,"n":"Gélule bien-être foie Juvamine Artichaut/Radis noir - x50","p":3.26,"img":"https://fd9-photos.leclercdrive.fr/image.ashx?id=2785850&use=l&cat=p&typeid=i","cat":313217},{"id":50915,"n":"Gnocchi à poêler Lustucru Fromage - 300g","p":1.76,"u":"5,87 €/KG","img":"https://fd9-photos.leclercdrive.fr/image.ashx?id=3014482&use=l&cat=p&typeid=i","cat":333682},{"id":50942,"n":"Crêpes  6x1p","p":2.8,"u":"0,47 €/P","img":"https://fd9-photos.leclercdrive.fr/image.ashx?id=723649&use=l&cat=p&typeid=i","cat":284494},{"id":50955,"n":"Maison toilette chat Ptit ami  x1","p":9.9,"img":"https://fd9-photos.leclercdrive.fr/image.ashx?id=1008830&use=l&cat=p&typeid=i","cat":284682},{"id":50956,"n":"Bougies chauffe plats Ardence x25","p":2.39,"img":"https://fd9-photos.leclercdrive.fr/image.ashx?id=2635550&use=l&cat=p&typeid=i","cat":335913},{"id":50984,"n":"Soda zéro Sprink's Agrumes - 1,5L","p":0.76,"u":"0,51 €/L","img":"https://fd9-photos.leclercdrive.fr/image.ashx?id=2913724&use=l&cat=p&typeid=i","cat":284532},{"id":50990,"n":"Fruits au sirop St Mamet Ananas en morceaux - 345g","p":2.58,"u":"7,48 €/KG","img":"https://fd9-photos.leclercdrive.fr/image.ashx?id=2927309&use=l&cat=p&typeid=i","cat":284507},{"id":50991,"n":"Fruits au sirop St Mamet Ananas en tranches - 345g","p":2.9,"u":"8,41 €/KG","img":"https://fd9-photos.leclercdrive.fr/image.ashx?id=2630226&use=l&cat=p&typeid=i","cat":284507},{"id":51004,"n":"Sucre de canne Daddy Demi morceaux - 750g","p":2.22,"u":"2,96 €/KG","img":"https://fd9-photos.leclercdrive.fr/image.ashx?id=2907950&use=l&cat=p&typeid=i","cat":284502},{"id":51046,"n":"Mouchoirs blancs 3 plis Eco+ x15","p":0.97,"u":"0,06 €/P","img":"https://fd9-photos.leclercdrive.fr/image.ashx?id=2824244&use=l&cat=p&typeid=i","cat":284638},{"id":51047,"n":"Biscuits Petit Brun extra 300g","p":1.46,"u":"4,87 €/KG","img":"https://fd9-photos.leclercdrive.fr/image.ashx?id=3002264&use=l&cat=p&typeid=i","cat":284487},{"id":51048,"n":"Lentilles Notre Jardin 3x130g","p":2.09,"u":"5,36 €/KG","img":"https://fd9-photos.leclercdrive.fr/image.ashx?id=3002617&use=l&cat=p&typeid=i","cat":312609},{"id":51050,"n":"Chips Pom'lisse Barbecue - 6x30g","p":1.99,"u":"11,06 €/KG","img":"https://fd9-photos.leclercdrive.fr/image.ashx?id=2809668&use=l&cat=p&typeid=i","cat":284447},{"id":51086,"n":"Crevettes Argentine Pêche Océan sauvages rouge - 400G","p":6.99,"u":"17,48 €/KG","img":"https://fd9-photos.leclercdrive.fr/image.ashx?id=2340036&use=l&cat=p&typeid=i","cat":319787},{"id":51089,"n":"Soda Sprink's Aux agrumes - 1.5L","p":1.4,"u":"0,93 €/L","img":"https://fd9-photos.leclercdrive.fr/image.ashx?id=2913727&use=l&cat=p&typeid=i","cat":284532},{"id":51094,"n":"AOP Champagne Montaudon Blanc de Noirs - 75cl","p":26.9,"pp":20.17,"u":"26,89 €/L","img":"https://fd9-photos.leclercdrive.fr/image.ashx?id=2516311&use=l&cat=p&typeid=i","cat":284542},{"id":51100,"n":"Assiette Fromagère médium Sélection Les Médailles - 370g","p":14.9,"u":"40,27 €/KG","img":"https://fd9-photos.leclercdrive.fr/image.ashx?id=2837187&use=l&cat=p&typeid=i","cat":314036},{"id":51203,"n":"Filets de maqueraux Saupiquet  Vin blanc - 3x176g","p":5.99,"u":"11,34 €/KG","img":"https://fd9-photos.leclercdrive.fr/image.ashx?id=2826969&use=l&cat=p&typeid=i","cat":303868},{"id":51227,"n":"Papier cuisson Alfapac Naturel 10M x 0.37","p":2.24,"img":"https://fd9-photos.leclercdrive.fr/image.ashx?id=2887734&use=l&cat=p&typeid=i","cat":334134},{"id":51250,"n":"Yaourt nature Activia bifidus 0%MG  - 8x125g","p":2.9,"u":"2,90 €/KG","img":"https://fd9-photos.leclercdrive.fr/image.ashx?id=2741688&use=l&cat=p&typeid=i","cat":315000},{"id":51257,"n":"Eau aromatisée O'Fresh Citron vert - 1.5L","p":0.75,"u":"0,50 €/L","img":"https://fd9-photos.leclercdrive.fr/image.ashx?id=2450038&use=l&cat=p&typeid=i","cat":284537},{"id":51265,"n":"Eau aromatisée O'Fresh Citron - 1.5L","p":0.75,"u":"0,50 €/L","img":"https://fd9-photos.leclercdrive.fr/image.ashx?id=2450041&use=l&cat=p&typeid=i","cat":284537},{"id":51268,"n":"Eau aromatisée O'Fresh Fraise - 1.5L","p":0.75,"u":"0,50 €/L","img":"https://fd9-photos.leclercdrive.fr/image.ashx?id=3002812&use=l&cat=p&typeid=i","cat":284537},{"id":51270,"n":"Tablette chocolat Côte d'Or Chocolat au lait - 3x100g","p":4.66,"u":"15,53 €/KG","img":"https://fd9-photos.leclercdrive.fr/image.ashx?id=2875561&use=l&cat=p&typeid=i","cat":284497},{"id":51271,"n":"Tablette chocolat Côte d'Or Noir extra - 3x100g","p":3.87,"u":"12,90 €/KG","img":"https://fd9-photos.leclercdrive.fr/image.ashx?id=2875564&use=l&cat=p&typeid=i","cat":284956},{"id":51274,"n":"Tablette chocolat Côte d'Or Chocolar lait/ Raisin - 180g","p":3.48,"u":"19,33 €/KG","img":"https://fd9-photos.leclercdrive.fr/image.ashx?id=2961272&use=l&cat=p&typeid=i","cat":284497},{"id":51275,"n":"Tablette chocolat Côte d'Or Chocolat lait/Noisettes - 180g","p":3.38,"u":"18,78 €/KG","img":"https://fd9-photos.leclercdrive.fr/image.ashx?id=2993140&use=l&cat=p&typeid=i","cat":284497},{"id":51276,"n":"Tablette chocolat Côte d'Or Chocolat noir/Noisettes - 180g","p":3.07,"u":"17,06 €/KG","img":"https://fd9-photos.leclercdrive.fr/image.ashx?id=2993143&use=l&cat=p&typeid=i","cat":284956},{"id":51277,"n":"Tablette chocolat Côte d'Or Chocolat noir Amandes - 180g","p":3.74,"u":"20,78 €/KG","img":"https://fd9-photos.leclercdrive.fr/image.ashx?id=2993146&use=l&cat=p&typeid=i","cat":284956},{"id":51278,"n":"Île flottante La Laitière  Sachet caramel liquide - 4x100g","p":3.43,"u":"8,58 €/KG","img":"https://fd9-photos.leclercdrive.fr/image.ashx?id=2628218&use=l&cat=p&typeid=i","cat":284419},{"id":51289,"n":"Fromage Blanc Calin Nature - 0% extra - 850g","p":2.36,"u":"2,78 €/KG","img":"https://fd9-photos.leclercdrive.fr/image.ashx?id=2973724&use=l&cat=p&typeid=i","cat":315000},{"id":51291,"n":"Fromage blanc Soignon Nature lait de chèvre - 4x100g","p":2.7,"u":"6,75 €/KG","img":"https://fd9-photos.leclercdrive.fr/image.ashx?id=2539902&use=l&cat=p&typeid=i","cat":314998},{"id":51292,"n":"Yaourts Douceur satinée Délisse Nature - 8x125g","p":2.59,"u":"2,59 €/KG","img":"https://fd9-photos.leclercdrive.fr/image.ashx?id=2465047&use=l&cat=p&typeid=i","cat":284409},{"id":51297,"n":"Compotes Andros Pomme nature - 8x100g","p":2.47,"u":"3,09 €/KG","img":"https://fd9-photos.leclercdrive.fr/image.ashx?id=2884006&use=l&cat=p&typeid=i","cat":284416},{"id":51300,"n":"Yaourt Nature Sucré Yoplait - 4x125g","p":1.21,"u":"2,42 €/KG","img":"https://fd9-photos.leclercdrive.fr/image.ashx?id=2799898&use=l&cat=p&typeid=i","cat":284409},{"id":51342,"n":"Oeufs Tout Frais Tout Français Datés du jour de ponte - x12","p":2.94,"u":"0,25 €/P","img":"https://fd9-photos.leclercdrive.fr/image.ashx?id=2988641&use=l&cat=p&typeid=i","cat":284378},{"id":51346,"n":"Dessert liégeois Viennois Vanille lit de caramel - 4x100g","p":1.77,"u":"4,43 €/KG","img":"https://fd9-photos.leclercdrive.fr/image.ashx?id=2692122&use=l&cat=p&typeid=i","cat":285042},{"id":51353,"n":"Fromage Cantal jeune NRT AOP  200g","p":3.19,"u":"15,95 €/KG","img":"https://fd9-photos.leclercdrive.fr/image.ashx?id=2934832&use=l&cat=p&typeid=i","cat":314034},{"id":51354,"n":"Mascarpone gorgonzola Tradizioni d'Italia - 200g","p":2.69,"u":"13,45 €/KG","img":"https://fd9-photos.leclercdrive.fr/image.ashx?id=2966535&use=l&cat=p&typeid=i","cat":314032},{"id":51361,"n":"Brassé Poire vanille Good Goût Bio Dès 6 mois - 90g","p":1.52,"u":"16,89 €/KG","img":"https://fd9-photos.leclercdrive.fr/image.ashx?id=2736178&use=l&cat=p&typeid=i","cat":312392},{"id":51392,"n":"Yaourts à la Grecque Délisse Lit de fruit jaunes - 4x150g","p":1.99,"u":"3,32 €/KG","img":"https://fd9-photos.leclercdrive.fr/image.ashx?id=2699699&use=l&cat=p&typeid=i","cat":314999},{"id":51395,"n":"Profiteroles Délisse 4x90g","p":2.49,"u":"6,92 €/KG","img":"https://fd9-photos.leclercdrive.fr/image.ashx?id=2844842&use=l&cat=p&typeid=i","cat":284419},{"id":51573,"n":"Briquets Bic J25 mini x3","p":3.58,"u":"1,19 €/P","img":"https://fd9-photos.leclercdrive.fr/image.ashx?id=2730907&use=l&cat=p&typeid=i","cat":300578},{"id":51607,"n":"Fromage enfant Kiri Goûter 8 portions barquettes - 280g","p":3.58,"u":"12,79 €/KG","img":"https://fd9-photos.leclercdrive.fr/image.ashx?id=2972886&use=l&cat=p&typeid=i","cat":314030},{"id":51653,"n":"Bananes Panier du Primeur x5","p":1.69,"u":"0,34 €/P","img":"https://fd9-photos.leclercdrive.fr/image.ashx?id=2302456&use=l&cat=p&typeid=i","cat":284356},{"id":51669,"n":"IGP Pays d'Oc blanc Viognier Jean-Claude Mas 13.5%vol - 75cl","p":4.5,"u":"6,00 €/L","img":"https://fd9-photos.leclercdrive.fr/image.ashx?id=2490314&use=l&cat=p&typeid=i","cat":289557},{"id":51722,"n":"Bâtonnet Magic Smicy Mutlifruits x8 - 320g","p":2.51,"u":"7,84 €/KG","img":"https://fd9-photos.leclercdrive.fr/image.ashx?id=2133942&use=l&cat=p&typeid=i","cat":285250},{"id":51745,"n":"Crayons à papier HB Esquisse x10","p":1.09,"u":"0,11 €/P","img":"https://fd9-photos.leclercdrive.fr/image.ashx?id=2943166&use=l&cat=p&typeid=i","cat":284696},{"id":51750,"n":"Sel fin La Baleine Iodé - 500g","p":0.53,"u":"1,06 €/KG","img":"https://fd9-photos.leclercdrive.fr/image.ashx?id=1752100&use=l&cat=p&typeid=i","cat":284457},{"id":51822,"n":"Thé glacé Lipton Ice Tea Pêche - 4x50cl","p":3.89,"u":"1,95 €/L","img":"https://fd9-photos.leclercdrive.fr/image.ashx?id=2505471&use=l&cat=p&typeid=i","cat":295019},{"id":51831,"n":"Eau gazeuse Rozana 6x50cl","p":3.01,"u":"1,00 €/L","img":"https://fd9-photos.leclercdrive.fr/image.ashx?id=2870608&use=l&cat=p&typeid=i","cat":284536},{"id":51865,"n":"Bière blonde Kronenbourg 4,2° - 10x25cl","p":5.17,"u":"2,07 €/L","img":"https://fd9-photos.leclercdrive.fr/image.ashx?id=2992750&use=l&cat=p&typeid=i","cat":334873},{"id":51866,"n":"Lait Croissance Mots d'Enfants 12 à 36 mois - 6x1L","p":8.04,"u":"1,34 €/L","img":"https://fd9-photos.leclercdrive.fr/image.ashx?id=2770684&use=l&cat=p&typeid=i","cat":284728},{"id":51935,"n":"Goûter laitier Récré O'Lé Gourdes Saveur Vanille - 12x85g","p":5.79,"u":"5,68 €/KG","img":"https://fd9-photos.leclercdrive.fr/image.ashx?id=2795213&use=l&cat=p&typeid=i","cat":284506},{"id":51939,"n":"Trio salade Florette Mâche roquette betterave - 175g","p":2.49,"u":"14,23 €/KG","img":"https://fd9-photos.leclercdrive.fr/image.ashx?id=2650534&use=l&cat=p&typeid=i","cat":284353},{"id":51979,"n":"Boisson au soja Vanille Végé 1L Végé - 200g","p":1.35,"u":"1,35 €/L","img":"https://fd9-photos.leclercdrive.fr/image.ashx?id=2872703&use=l&cat=p&typeid=i","cat":316067},{"id":51980,"n":"Lait demi-écrémé Délisse UHT -  6x25cl","p":3.36,"u":"2,24 €/L","img":"https://fd9-photos.leclercdrive.fr/image.ashx?id=2971503&use=l&cat=p&typeid=i","cat":284377},{"id":51981,"n":"Lait demi-écrémé Délisse Bouteille - 25cl","p":0.56,"u":"2,24 €/L","img":"https://fd9-photos.leclercdrive.fr/image.ashx?id=2981879&use=l&cat=p&typeid=i","cat":284377},{"id":51989,"n":"Lait sans lactose Délisse UHT Bouteille -  6x50cl","p":5.76,"u":"1,92 €/L","img":"https://fd9-photos.leclercdrive.fr/image.ashx?id=2492267&use=l&cat=p&typeid=i","cat":317169},{"id":51990,"n":"Lait demi-écrémé Délisse Délactosé bouteille - 50cl","p":0.94,"u":"1,88 €/L","img":"https://fd9-photos.leclercdrive.fr/image.ashx?id=2610232&use=l&cat=p&typeid=i","cat":317169},{"id":51995,"n":"Spécialité laitière Délisse Epaisse - 7% MG - 50cl","p":1.43,"u":"2,86 €/L","img":"https://fd9-photos.leclercdrive.fr/image.ashx?id=2363802&use=l&cat=p&typeid=i","cat":284381},{"id":52000,"n":"Spécialité laitière Délisse Epaisse - 7% MG - 20cl","p":0.95,"u":"4,75 €/L","img":"https://fd9-photos.leclercdrive.fr/image.ashx?id=2375583&use=l&cat=p&typeid=i","cat":284381},{"id":52001,"n":"Pâte à pizza fine Herta Rectangulaire - 390g","p":1.66,"u":"4,26 €/KG","img":"https://fd9-photos.leclercdrive.fr/image.ashx?id=2976110&use=l&cat=p&typeid=i","cat":333681},{"id":52002,"n":"HERTA Pâte à pizza fine & ronde 265g","p":1.34,"u":"5,06 €/KG","img":"https://fd9-photos.leclercdrive.fr/image.ashx?id=2975674&use=l&cat=p&typeid=i","cat":333681},{"id":52003,"n":"Eau aromatisée O'Fresh Fraise - 6x50cl","p":2.99,"u":"1,00 €/L","img":"https://fd9-photos.leclercdrive.fr/image.ashx?id=2441378&use=l&cat=p&typeid=i","cat":284537},{"id":52004,"n":"AOC Alsace Edelzwicker  vin blanc Rebmann - 75 cl","p":4.49,"u":"5,99 €/L","img":"https://fd9-photos.leclercdrive.fr/image.ashx?id=2775472&use=l&cat=p&typeid=i","cat":289557},{"id":52006,"n":"Blinis Ronde des Mers Medium x8 - 160g","p":1.69,"u":"10,56 €/KG","img":"https://fd9-photos.leclercdrive.fr/image.ashx?id=2981888&use=l&cat=p&typeid=i","cat":285191},{"id":52071,"n":"Tortillas Table du Monde De maïs - 320g","p":1.69,"u":"5,28 €/KG","img":"https://fd9-photos.leclercdrive.fr/image.ashx?id=2679759&use=l&cat=p&typeid=i","cat":288993},{"id":52080,"n":"Emmental fromage rapé Les Croisés - 1kg","p":7.97,"u":"7,97 €/KG","img":"https://fd9-photos.leclercdrive.fr/image.ashx?id=2832990&use=l&cat=p&typeid=i","cat":314035},{"id":52081,"n":"Boisson à base de vin rosé  saveur fraise Festalie - 75 cl","p":2.4,"u":"3,20 €/L","img":"https://fd9-photos.leclercdrive.fr/image.ashx?id=2774903&use=l&cat=p&typeid=i","cat":304569},{"id":52082,"n":"Roulés Les Croisés Jambon fumé Fromage ail fines herbes - 100g","p":2.79,"u":"27,90 €/KG","img":"https://fd9-photos.leclercdrive.fr/image.ashx?id=2501682&use=l&cat=p&typeid=i","cat":314027},{"id":52093,"n":"Salade Menu Fraîcheur Lentilles aux oignons - 300g","p":1.52,"u":"5,07 €/KG","img":"https://fd9-photos.leclercdrive.fr/image.ashx?id=2645954&use=l&cat=p&typeid=i","cat":333657},{"id":52094,"n":"Poulet rôti purée Côté Table Barquette - 300g","p":2.38,"u":"7,93 €/KG","img":"https://fd9-photos.leclercdrive.fr/image.ashx?id=2624001&use=l&cat=p&typeid=i","cat":284953},{"id":52096,"n":"Confit de figues NRT De Provence - 150g","p":1.87,"u":"12,47 €/KG","img":"https://fd9-photos.leclercdrive.fr/image.ashx?id=2839995&use=l&cat=p&typeid=i","cat":284480},{"id":52104,"n":"Gaufres P'tit Deli Poudrées - 260g","p":1.69,"u":"6,50 €/KG","img":"https://fd9-photos.leclercdrive.fr/image.ashx?id=2932417&use=l&cat=p&typeid=i","cat":294777},{"id":52105,"n":"Mini brownies chocolat  Sans gluten - 240g","p":3.24,"u":"13,50 €/KG","img":"https://fd9-photos.leclercdrive.fr/image.ashx?id=2463404&use=l&cat=p&typeid=i","cat":318654},{"id":52113,"n":"Jambon sec Saint Azay  8 tranches - 200g","p":4.09,"u":"20,45 €/KG","img":"https://fd9-photos.leclercdrive.fr/image.ashx?id=2872451&use=l&cat=p&typeid=i","cat":316007},{"id":52115,"n":"Ail Rustica  250g","p":3.29,"u":"13,16 €/KG","img":"https://fd9-photos.leclercdrive.fr/image.ashx?id=2341894&use=l&cat=p&typeid=i","cat":319804},{"id":52117,"n":"Persil et ail Rustica   250g","p":3.33,"u":"13,32 €/KG","img":"https://fd9-photos.leclercdrive.fr/image.ashx?id=2341897&use=l&cat=p&typeid=i","cat":319804},{"id":52118,"n":"Persil Rustica 250g","p":3.29,"u":"13,16 €/KG","img":"https://fd9-photos.leclercdrive.fr/image.ashx?id=2835205&use=l&cat=p&typeid=i","cat":319804},{"id":52122,"n":"Limonade Sprink's Zero - 1.5L","p":0.59,"u":"0,39 €/L","img":"https://fd9-photos.leclercdrive.fr/image.ashx?id=2913681&use=l&cat=p&typeid=i","cat":284531},{"id":52128,"n":"Dés de saumon Ronde des Mers  Fumé nature - 90g","p":4.1,"u":"45,56 €/KG","img":"https://fd9-photos.leclercdrive.fr/image.ashx?id=2966246&use=l&cat=p&typeid=i","cat":285188},{"id":52134,"n":"Emmental -30% sel fromage bloc  Les Croisés - 200g","p":2.59,"u":"12,95 €/KG","img":"https://fd9-photos.leclercdrive.fr/image.ashx?id=2897790&use=l&cat=p&typeid=i","cat":314034},{"id":52135,"n":"Emmental -30% sel fromage râpé Les Croisés - 150g","p":1.99,"u":"13,27 €/KG","img":"https://fd9-photos.leclercdrive.fr/image.ashx?id=2949197&use=l&cat=p&typeid=i","cat":314035},{"id":52139,"n":"Confit d'oignons NRT 150g","p":1.87,"u":"12,47 €/KG","img":"https://fd9-photos.leclercdrive.fr/image.ashx?id=2839998&use=l&cat=p&typeid=i","cat":284458},{"id":52141,"n":"Bâtonnets Dentastix Pedigree Moyen chien x7 - 180g","p":2.25,"u":"12,50 €/KG","img":"https://fd9-photos.leclercdrive.fr/image.ashx?id=2981301&use=l&cat=p&typeid=i","cat":294527},{"id":52142,"n":"Bâtonnets Dentastix Pedigree Grand chien x7 - 270g","p":3.25,"u":"12,04 €/KG","img":"https://fd9-photos.leclercdrive.fr/image.ashx?id=2877046&use=l&cat=p&typeid=i","cat":294527},{"id":52143,"n":"Bâtonnets Dentastix Pedigree Petit chien x7 - 110g","p":1.77,"u":"16,09 €/KG","img":"https://fd9-photos.leclercdrive.fr/image.ashx?id=2832338&use=l&cat=p&typeid=i","cat":294527},{"id":52148,"n":"Filet de poulet Fleury Michon pommes de terre - 300g","p":3.42,"u":"11,40 €/KG","img":"https://fd9-photos.leclercdrive.fr/image.ashx?id=2656754&use=l&cat=p&typeid=i","cat":333665},{"id":52170,"n":"Amandes effilées Vahiné 125g","p":3.51,"u":"28,08 €/KG","img":"https://fd9-photos.leclercdrive.fr/image.ashx?id=2490575&use=l&cat=p&typeid=i","cat":284504},{"id":52171,"n":"Noix de coco Vahiné  Râpée - 115g","p":1.79,"u":"15,57 €/KG","img":"https://fd9-photos.leclercdrive.fr/image.ashx?id=2559811&use=l&cat=p&typeid=i","cat":284504},{"id":52172,"n":"Noisettes en poudre Vahiné 100g","p":2.9,"u":"29,00 €/KG","img":"https://fd9-photos.leclercdrive.fr/image.ashx?id=2559823&use=l&cat=p&typeid=i","cat":284504},{"id":52174,"n":"Raisins blond Vahiné  125g","p":1.62,"u":"12,96 €/KG","img":"https://fd9-photos.leclercdrive.fr/image.ashx?id=2606253&use=l&cat=p&typeid=i","cat":284357},{"id":52175,"n":"Raisins secs Vahiné  125g","p":1.6,"u":"12,80 €/KG","img":"https://fd9-photos.leclercdrive.fr/image.ashx?id=2559820&use=l&cat=p&typeid=i","cat":284357},{"id":52176,"n":"Cerneaux de noix Vahiné 50g","p":1.7,"u":"34,00 €/KG","img":"https://fd9-photos.leclercdrive.fr/image.ashx?id=2606247&use=l&cat=p&typeid=i","cat":284504},{"id":52177,"n":"Pignons de pin Vahiné 50g","p":3.92,"u":"78,40 €/KG","img":"https://fd9-photos.leclercdrive.fr/image.ashx?id=2559799&use=l&cat=p&typeid=i","cat":284357},{"id":52203,"n":"boisson végétale soja bio  bjorg chocolat - 1l","p":2.58,"u":"2,58 €/L","img":"https://fd9-photos.leclercdrive.fr/image.ashx?id=2939433&use=l&cat=p&typeid=i","cat":316067},{"id":52246,"n":"Spray retouche L'Oréal Paris Magic Retouch Noir","p":8.56,"u":"114,13 €/L","img":"https://fd9-photos.leclercdrive.fr/image.ashx?id=2586420&use=l&cat=p&typeid=i","cat":288899},{"id":52247,"n":"Spray racine Magic Retouch 6 Chatain/acajou - 75ml","p":8.56,"u":"114,13 €/L","img":"https://fd9-photos.leclercdrive.fr/image.ashx?id=2618011&use=l&cat=p&typeid=i","cat":288899},{"id":52248,"n":"Spray racine Magic Retouch 5 Blond - 75ml","p":8.56,"u":"114,13 €/L","img":"https://fd9-photos.leclercdrive.fr/image.ashx?id=2597193&use=l&cat=p&typeid=i","cat":288899},{"id":52249,"n":"Spray retouche L'Oréal Paris Magic Retouch Blond foncé","p":8.6,"u":"114,67 €/L","img":"https://fd9-photos.leclercdrive.fr/image.ashx?id=2586429&use=l&cat=p&typeid=i","cat":288899},{"id":52250,"n":"Spray Coloration L'Oréal Paris Magic Retouch Châtain","p":9.15,"u":"122,00 €/L","img":"https://fd9-photos.leclercdrive.fr/image.ashx?id=2586426&use=l&cat=p&typeid=i","cat":288899},{"id":52254,"n":"IGP Comté Tolosan vin blanc Bernard Cordelier - 75 cl","p":1.99,"u":"2,65 €/L","img":"https://fd9-photos.leclercdrive.fr/image.ashx?id=2905198&use=l&cat=p&typeid=i","cat":289557},{"id":52335,"n":"Sauce tomate cuisinée Panzani Tube légumes - 180g","p":0.98,"u":"5,44 €/KG","img":"https://fd9-photos.leclercdrive.fr/image.ashx?id=2984751&use=l&cat=p&typeid=i","cat":288384},{"id":52351,"n":"Navet  1p","p":0.5,"img":"https://fd9-photos.leclercdrive.fr/image.ashx?id=1632668&use=l&cat=p&typeid=i","cat":284352},{"id":52362,"n":"Biscuit sablé Beurre Gerblé Sans Gluten - 160g","p":3.14,"u":"17,94 €/KG","img":"https://fd9-photos.leclercdrive.fr/image.ashx?id=2662823&use=l&cat=p&typeid=i","cat":318654},{"id":52367,"n":"Whisky Ballantine's Finest Blended Scotch 40% vol - 1,5L","p":31.55,"u":"21,03 €/L","img":"https://fd9-photos.leclercdrive.fr/image.ashx?id=3000833&use=l&cat=p&typeid=i","cat":284547},{"id":52388,"n":"Crème anti-âge So Bio Etic Plaisir d'argan bio - 50ml","p":9.15,"u":"183,00 €/L","img":"https://fd9-photos.leclercdrive.fr/image.ashx?id=2988587&use=l&cat=p&typeid=i","cat":325345},{"id":52389,"n":"Gelée nuit anti âge So Bio Etic Argan bio - 40ml","p":9.14,"u":"228,50 €/L","img":"https://fd9-photos.leclercdrive.fr/image.ashx?id=2494734&use=l&cat=p&typeid=i","cat":325345},{"id":52391,"n":"Lotion micellaire So Bio Etic Tonifiante bio - 500ml","p":6.0,"u":"12,00 €/L","img":"https://fd9-photos.leclercdrive.fr/image.ashx?id=2909065&use=l&cat=p&typeid=i","cat":284603},{"id":52392,"n":"Contour yeux lèvres So Bio Etic Anti-âge Argan bio - 15ml","p":9.73,"u":"648,67 €/L","img":"https://fd9-photos.leclercdrive.fr/image.ashx?id=2494740&use=l&cat=p&typeid=i","cat":325345},{"id":52412,"n":"Poélée Parisienne D'Aucy 2x580g","p":4.69,"u":"4,04 €/KG","img":"https://fd9-photos.leclercdrive.fr/image.ashx?id=2197558&use=l&cat=p&typeid=i","cat":312612},{"id":52430,"n":"Brosse à dent Aquafresh Flex souple x3","p":4.23,"img":"https://fd9-photos.leclercdrive.fr/image.ashx?id=2303852&use=l&cat=p&typeid=i","cat":284614},{"id":52539,"n":"Pur jus de citron Jardin Bio Bio - 50cl","p":3.14,"u":"6,28 €/L","img":"https://fd9-photos.leclercdrive.fr/image.ashx?id=3014524&use=l&cat=p&typeid=i","cat":288383},{"id":52582,"n":"Sauce Bolognaise Panzani - 210G","p":1.42,"u":"6,76 €/KG","img":"https://fd9-photos.leclercdrive.fr/image.ashx?id=2977927&use=l&cat=p&typeid=i","cat":287599},{"id":52618,"n":"Crème brulée Rians  3x100g","p":3.21,"u":"10,70 €/KG","img":"https://fd9-photos.leclercdrive.fr/image.ashx?id=2396246&use=l&cat=p&typeid=i","cat":284419},{"id":52625,"n":"Sauce Pommes de Terre Bénédicta - 255g","p":1.61,"u":"6,19 €/KG","img":"https://fd9-photos.leclercdrive.fr/image.ashx?id=2689925&use=l&cat=p&typeid=i","cat":318430},{"id":52631,"n":"Sauce Béarnaise Bénédicta - 260g","p":1.39,"u":"5,35 €/KG","img":"https://fd9-photos.leclercdrive.fr/image.ashx?id=2689931&use=l&cat=p&typeid=i","cat":318430},{"id":52632,"n":"Sauce au Poivre Bénédicta - 260g","p":1.57,"u":"6,04 €/KG","img":"https://fd9-photos.leclercdrive.fr/image.ashx?id=2689937&use=l&cat=p&typeid=i","cat":318430},{"id":52633,"n":"Sauce Tartare Bénédicta - 260g","p":1.6,"u":"6,15 €/KG","img":"https://fd9-photos.leclercdrive.fr/image.ashx?id=2689940&use=l&cat=p&typeid=i","cat":318430},{"id":52634,"n":"Sauce Bourguignonne Bénédicta - 260g","p":1.39,"u":"5,15 €/KG","img":"https://fd9-photos.leclercdrive.fr/image.ashx?id=2689943&use=l&cat=p&typeid=i","cat":318430},{"id":52673,"n":"Fromage Burger cheddar/emmental Président - 12 tranches - 200g","p":1.63,"u":"8,15 €/KG","img":"https://fd9-photos.leclercdrive.fr/image.ashx?id=2445024&use=l&cat=p&typeid=i","cat":314028},{"id":52679,"n":"Fromage cabecou Rians 22%mg - 3x35g","p":2.17,"u":"20,67 €/KG","img":"https://fd9-photos.leclercdrive.fr/image.ashx?id=2668455&use=l&cat=p&typeid=i","cat":314031},{"id":52682,"n":"Seau + essoreur Vileda Pour balai, super mocio x1","p":10.28,"img":"https://fd9-photos.leclercdrive.fr/image.ashx?id=2463338&use=l&cat=p&typeid=i","cat":284669},{"id":52688,"n":"Burrata Di Andria IGP  Tradizioni d'italia - 200g","p":4.79,"u":"23,95 €/KG","img":"https://fd9-photos.leclercdrive.fr/image.ashx?id=2904025&use=l&cat=p&typeid=i","cat":314026},{"id":52699,"n":"Comté Entremont Râpé - 2x70g","p":2.62,"u":"18,71 €/KG","img":"https://fd9-photos.leclercdrive.fr/image.ashx?id=2983162&use=l&cat=p&typeid=i","cat":314035},{"id":52701,"n":"Fromage Richesmonts Tartiflette - 450g","p":6.82,"u":"15,16 €/KG","img":"https://fd9-photos.leclercdrive.fr/image.ashx?id=3008182&use=l&cat=p&typeid=i","cat":314037},{"id":52757,"n":"Biscuits sablés Granola Chocolat au lait - 2x200g","p":2.67,"u":"6,68 €/KG","img":"https://fd9-photos.leclercdrive.fr/image.ashx?id=2347275&use=l&cat=p&typeid=i","cat":284488},{"id":52773,"n":"Céréales Crousti avoine Bjorg Chocolat  bio - 500g","p":4.64,"u":"9,28 €/KG","img":"https://fd9-photos.leclercdrive.fr/image.ashx?id=2906184&use=l&cat=p&typeid=i","cat":318651},{"id":52787,"n":"Velouté Pursoup' Liebig Légumes du soleil - 2x1L","p":5.44,"u":"2,72 €/L","img":"https://fd9-photos.leclercdrive.fr/image.ashx?id=2385425&use=l&cat=p&typeid=i","cat":284462},{"id":52788,"n":"Velouté Pursoup' Liebig Légumes facon pôelée - 2x1L","p":4.88,"u":"2,44 €/L","img":"https://fd9-photos.leclercdrive.fr/image.ashx?id=2385428&use=l&cat=p&typeid=i","cat":284462},{"id":52790,"n":"Fromage mi-chèvre Soignon 180g","p":2.19,"u":"12,17 €/KG","img":"https://fd9-photos.leclercdrive.fr/image.ashx?id=2734357&use=l&cat=p&typeid=i","cat":314031},{"id":52797,"n":"AOP Parmigiano Reggiano Tradizioni d'Italia - 60g","p":1.9,"u":"31,67 €/KG","img":"https://fd9-photos.leclercdrive.fr/image.ashx?id=2904028&use=l&cat=p&typeid=i","cat":314035},{"id":52804,"n":"Fromage à Raclette RichesMonts  Classique 18 Tranches - 420g","p":5.12,"u":"12,19 €/KG","img":"https://fd9-photos.leclercdrive.fr/image.ashx?id=2953489&use=l&cat=p&typeid=i","cat":314037},{"id":52806,"n":"Fromage à Tartiner St Môret  Nature Léger - 300g","p":3.92,"u":"13,07 €/KG","img":"https://fd9-photos.leclercdrive.fr/image.ashx?id=2914507&use=l&cat=p&typeid=i","cat":314029},{"id":52809,"n":"Fromage raclette Les Croisés 28%mg - 800g","p":7.39,"u":"9,24 €/KG","img":"https://fd9-photos.leclercdrive.fr/image.ashx?id=2969761&use=l&cat=p&typeid=i","cat":314037},{"id":52811,"n":"Fromage raclette fumée Les Croisés 26%mg - 250g","p":2.99,"u":"11,96 €/KG","img":"https://fd9-photos.leclercdrive.fr/image.ashx?id=2793236&use=l&cat=p&typeid=i","cat":314037},{"id":52816,"n":"yaourt nature bifidus Activia 8x125g","p":2.88,"u":"2,88 €/KG","img":"https://fd9-photos.leclercdrive.fr/image.ashx?id=2741709&use=l&cat=p&typeid=i","cat":315000},{"id":52818,"n":"Fromage à tartiner Boursin Figue et 3 noix - 150g","p":2.45,"u":"16,33 €/KG","img":"https://fd9-photos.leclercdrive.fr/image.ashx?id=2962062&use=l&cat=p&typeid=i","cat":314029},{"id":52819,"n":"Fromage Gruyère râpé IGP NRT 150g","p":2.23,"u":"14,87 €/KG","img":"https://fd9-photos.leclercdrive.fr/image.ashx?id=2771085&use=l&cat=p&typeid=i","cat":314035},{"id":52958,"n":"Café dosettes Tassimo L'Or Espresso Classique x16","p":4.36,"u":"41,92 €/KG","img":"https://fd9-photos.leclercdrive.fr/image.ashx?id=2507335&use=l&cat=p&typeid=i","cat":293240},{"id":52961,"n":"Gnocchi Bio Village Bio - 300g","p":2.18,"u":"7,27 €/KG","img":"https://fd9-photos.leclercdrive.fr/image.ashx?id=2607960&use=l&cat=p&typeid=i","cat":333682},{"id":52962,"n":"Biscuits fourrés Prince Chocolat - 300g","p":1.36,"u":"4,53 €/KG","img":"https://fd9-photos.leclercdrive.fr/image.ashx?id=3014638&use=l&cat=p&typeid=i","cat":284488},{"id":52964,"n":"Essuie-tout blanc Mimosa Super absorbant - x4 compacts","p":4.95,"u":"1,24 €/P","img":"https://fd9-photos.leclercdrive.fr/image.ashx?id=2727398&use=l&cat=p&typeid=i","cat":284635},{"id":52979,"n":"Truite fumée de Bretagne NRT x4 - 120g","p":5.39,"u":"44,92 €/KG","img":"https://fd9-photos.leclercdrive.fr/image.ashx?id=2663851&use=l&cat=p&typeid=i","cat":285188},{"id":53003,"n":"Vin d'Espagne rouge Merlot Adrien Champaud - BIB 5L","p":9.99,"u":"2,00 €/L","img":"https://fd9-photos.leclercdrive.fr/image.ashx?id=2960496&use=l&cat=p&typeid=i","cat":289560},{"id":53006,"n":"Vin d'Espagne Merlot rouge Adrien Champaud - BIB 10L","p":18.99,"u":"1,90 €/L","img":"https://fd9-photos.leclercdrive.fr/image.ashx?id=2959614&use=l&cat=p&typeid=i","cat":289560},{"id":53064,"n":"Eponges grattantes Mamison  Vaisselle délicate - x2","p":1.26,"u":"0,63 €/P","img":"https://fd9-photos.leclercdrive.fr/image.ashx?id=2202440&use=l&cat=p&typeid=i","cat":284667},{"id":53065,"n":"Eponges grattantes Mamison  Récurage difficile - x2","p":1.27,"u":"0,64 €/P","img":"https://fd9-photos.leclercdrive.fr/image.ashx?id=2207733&use=l&cat=p&typeid=i","cat":284667},{"id":53067,"n":"Recharge désodorisant Bien Air  Floral - 15ml","p":1.55,"u":"103,33 €/L","img":"https://fd9-photos.leclercdrive.fr/image.ashx?id=2467655&use=l&cat=p&typeid=i","cat":311629},{"id":53091,"n":"Crème anti-rides Nivea Q10+ Soin de jour-Peau terne-2x50ml","p":25.24,"u":"252,40 €/L","img":"https://fd9-photos.leclercdrive.fr/image.ashx?id=2225390&use=l&cat=p&typeid=i","cat":325345},{"id":53116,"n":"Rhum blanc agricole Damoiseau 50%vol - 1L","p":19.34,"u":"19,34 €/L","img":"https://fd9-photos.leclercdrive.fr/image.ashx?id=2021214&use=l&cat=p&typeid=i","cat":284550},{"id":53135,"n":"Crozets de Savoie NRT Nature - 400g","p":2.35,"u":"5,88 €/KG","img":"https://fd9-photos.leclercdrive.fr/image.ashx?id=2856226&use=l&cat=p&typeid=i","cat":284427},{"id":53167,"n":"Gaufres liégoise P'tit Déli Nappée chocolat - x7 - 402g","p":2.61,"u":"6,49 €/KG","img":"https://fd9-photos.leclercdrive.fr/image.ashx?id=1965560&use=l&cat=p&typeid=i","cat":294777},{"id":53168,"n":"Snacks chats Tous mes amis Hygiène dentaire mini - 40g","p":0.99,"u":"24,75 €/KG","img":"https://fd9-photos.leclercdrive.fr/image.ashx?id=1946868&use=l&cat=p&typeid=i","cat":285285},{"id":53170,"n":"Dés fromage de Brebis Herbes de Provence Les Croisés - 300g","p":2.83,"u":"9,43 €/KG","img":"https://fd9-photos.leclercdrive.fr/image.ashx?id=2900531&use=l&cat=p&typeid=i","cat":314027},{"id":53174,"n":"Chocolat noir Equador Caramel salé - 100g","p":1.39,"u":"13,90 €/KG","img":"https://fd9-photos.leclercdrive.fr/image.ashx?id=2553339&use=l&cat=p&typeid=i","cat":284956},{"id":53289,"n":"Gel Douche Cottage Monoi - 560ml","p":3.16,"u":"5,64 €/L","img":"https://fd9-photos.leclercdrive.fr/image.ashx?id=2063416&use=l&cat=p&typeid=i","cat":284594},{"id":53396,"n":"Yaourt nature bifidus Activia 4x125g","p":1.45,"u":"2,90 €/KG","img":"https://fd9-photos.leclercdrive.fr/image.ashx?id=2885944&use=l&cat=p&typeid=i","cat":315000},{"id":53412,"n":"Activateur biologique Eparcyl  Fosse septique - 864g x24","p":7.34,"u":"8,50 €/KG","img":"https://fd9-photos.leclercdrive.fr/image.ashx?id=2890085&use=l&cat=p&typeid=i","cat":284908},{"id":53432,"n":"Cidre normand Les Goelleries Doux, 2% - 2x75cl","p":3.69,"u":"2,46 €/L","img":"https://fd9-photos.leclercdrive.fr/image.ashx?id=2856540&use=l&cat=p&typeid=i","cat":334880},{"id":53434,"n":"Salade d'Alaska Menu Fraîcheur 300g","p":2.59,"u":"8,63 €/KG","img":"https://fd9-photos.leclercdrive.fr/image.ashx?id=2727638&use=l&cat=p&typeid=i","cat":333657},{"id":53469,"n":"Cidre breton Les Goelleries Doux, 2%vol - 2x75cl","p":3.85,"u":"2,57 €/L","img":"https://fd9-photos.leclercdrive.fr/image.ashx?id=2856534&use=l&cat=p&typeid=i","cat":334880},{"id":53470,"n":"Cidre breton Les Goelleries Brut, 5%vol - 2x75cl","p":3.85,"u":"2,57 €/L","img":"https://fd9-photos.leclercdrive.fr/image.ashx?id=2856531&use=l&cat=p&typeid=i","cat":334880},{"id":53474,"n":"Bloc de foie gras pour apéritif Pierre De Chaumeyrac - 100g","p":6.09,"u":"60,90 €/KG","img":"https://fd9-photos.leclercdrive.fr/image.ashx?id=2804332&use=l&cat=p&typeid=i","cat":316008},{"id":53508,"n":"Fine chapelure de pain Tipiak 275g","p":0.62,"u":"2,25 €/KG","img":"https://fd9-photos.leclercdrive.fr/image.ashx?id=2594124&use=l&cat=p&typeid=i","cat":288382},{"id":53600,"n":"Recharge spray Bien Air Automatique japon - 250ml","p":2.39,"u":"9,56 €/L","img":"https://fd9-photos.leclercdrive.fr/image.ashx?id=2974963&use=l&cat=p&typeid=i","cat":311629},{"id":53601,"n":"Recharge spray Bien Air Vanille ambré automatique 250ml","p":2.39,"u":"9,56 €/L","img":"https://fd9-photos.leclercdrive.fr/image.ashx?id=2991136&use=l&cat=p&typeid=i","cat":311629},{"id":53606,"n":"Salade Mexicaine Côté Snack Au thon - 250g","p":1.9,"u":"7,60 €/KG","img":"https://fd9-photos.leclercdrive.fr/image.ashx?id=2884255&use=l&cat=p&typeid=i","cat":284437},{"id":53607,"n":"Salade Piémontaise Côté Snack Thon - 250g","p":1.9,"u":"7,60 €/KG","img":"https://fd9-photos.leclercdrive.fr/image.ashx?id=2868319&use=l&cat=p&typeid=i","cat":284437},{"id":53662,"n":"Jambon Torchon Fleury Michon -25% de sel x2 - 80g","p":1.95,"u":"12,19 €/KG","img":"https://fd9-photos.leclercdrive.fr/image.ashx?id=2923636&use=l&cat=p&typeid=i","cat":316009},{"id":53675,"n":"AOP Proscuitto di Parma  70g - Montorsi","p":3.21,"u":"45,86 €/KG","img":"https://fd9-photos.leclercdrive.fr/image.ashx?id=2525840&use=l&cat=p&typeid=i","cat":316007},{"id":53679,"n":"Dissolvant Diadermine Douceur - 125ml","p":2.2,"u":"17,60 €/L","img":"https://fd9-photos.leclercdrive.fr/image.ashx?id=2334926&use=l&cat=p&typeid=i","cat":325347},{"id":53776,"n":"Brioche tressée Pasquier Nature - 630g","p":2.84,"u":"4,51 €/KG","img":"https://fd9-photos.leclercdrive.fr/image.ashx?id=2850946&use=l&cat=p&typeid=i","cat":284478},{"id":53777,"n":"Brioche tressée Pasquier  Pépites - 630g","p":2.87,"u":"4,56 €/KG","img":"https://fd9-photos.leclercdrive.fr/image.ashx?id=2848809&use=l&cat=p&typeid=i","cat":284478},{"id":53783,"n":"Lait de coco Suzi Wan 200ml","p":1.35,"u":"6,75 €/L","img":"https://fd9-photos.leclercdrive.fr/image.ashx?id=3002177&use=l&cat=p&typeid=i","cat":288992},{"id":53789,"n":"Pelle à litiere Ptit Ami Gris x1","p":0.84,"img":"https://fd9-photos.leclercdrive.fr/image.ashx?id=1189550&use=l&cat=p&typeid=i","cat":284682},{"id":53816,"n":"Chocolats Ferrero Collection Assortiments x32- 359g","p":12.48,"u":"34,76 €/KG","img":"https://fd9-photos.leclercdrive.fr/image.ashx?id=2940507&use=l&cat=p&typeid=i","cat":327595},{"id":53820,"n":"Madeleines Armor Délices x13 - 430g","p":3.68,"u":"8,56 €/KG","img":"https://fd9-photos.leclercdrive.fr/image.ashx?id=2788688&use=l&cat=p&typeid=i","cat":284492},{"id":53839,"n":"Râpé 3 saveurs Président 200g","p":3.07,"u":"15,35 €/KG","img":"https://fd9-photos.leclercdrive.fr/image.ashx?id=2786006&use=l&cat=p&typeid=i","cat":314035},{"id":53899,"n":"Eau minérale gazeuse Perrier  Naturelle - 6x1L","p":4.02,"u":"0,67 €/L","img":"https://fd9-photos.leclercdrive.fr/image.ashx?id=2454463&use=l&cat=p&typeid=i","cat":284536},{"id":53902,"n":"Eau minérale gazeuse Perrier  Fines bulles - 6x1L","p":3.65,"u":"0,61 €/L","img":"https://fd9-photos.leclercdrive.fr/image.ashx?id=2830924&use=l&cat=p&typeid=i","cat":284536},{"id":53936,"n":"Dés de fromage salade Boursin Echalote ciboulette - 120g","p":2.3,"u":"19,17 €/KG","img":"https://fd9-photos.leclercdrive.fr/image.ashx?id=2865671&use=l&cat=p&typeid=i","cat":314027},{"id":53944,"n":"Fromage à tartiner Boursin Ail et fines herbes - 250g","p":3.5,"u":"14,00 €/KG","img":"https://fd9-photos.leclercdrive.fr/image.ashx?id=2999853&use=l&cat=p&typeid=i","cat":314029},{"id":53946,"n":"Fromage à tartiner Boursin Echalote et ciboulette - 150g","p":2.38,"u":"15,87 €/KG","img":"https://fd9-photos.leclercdrive.fr/image.ashx?id=2962059&use=l&cat=p&typeid=i","cat":314029},{"id":53986,"n":"Marrons glacés en coffret Artisan Provençal x12 - 240g","p":16.89,"u":"70,38 €/KG","img":"https://fd9-photos.leclercdrive.fr/image.ashx?id=1985636&use=l&cat=p&typeid=i","cat":327603},{"id":54052,"n":"Herbe dépurative Ptit Ami 190g","p":1.98,"u":"10,42 €/KG","img":"https://fd9-photos.leclercdrive.fr/image.ashx?id=1009867&use=l&cat=p&typeid=i","cat":285286},{"id":54112,"n":"Absolut Vodka 40%vol - 1L","p":26.22,"u":"26,22 €/L","img":"https://fd9-photos.leclercdrive.fr/image.ashx?id=2550261&use=l&cat=p&typeid=i","cat":284550},{"id":54120,"n":"Vin effervescent d'Allemagne Fraise  Sans alcool - 75cl","p":3.03,"u":"4,04 €/L","img":"https://fd9-photos.leclercdrive.fr/image.ashx?id=2762540&use=l&cat=p&typeid=i","cat":289460},{"id":54171,"n":"Sauce Béarnaise Férial 120g","p":1.69,"u":"14,08 €/KG","img":"https://fd9-photos.leclercdrive.fr/image.ashx?id=2636239&use=l&cat=p&typeid=i","cat":284382},{"id":54172,"n":"Sauce aux 3 poivres  120g","p":1.69,"u":"14,08 €/KG","img":"https://fd9-photos.leclercdrive.fr/image.ashx?id=2636242&use=l&cat=p&typeid=i","cat":284382},{"id":54173,"n":"Sauce Forestière Férial 120g","p":1.69,"u":"14,08 €/KG","img":"https://fd9-photos.leclercdrive.fr/image.ashx?id=2636248&use=l&cat=p&typeid=i","cat":284382},{"id":54176,"n":"Pâte feuilletée sans gluten Chaque Jour Sans Gluten - 280g","p":1.99,"u":"7,11 €/KG","img":"https://fd9-photos.leclercdrive.fr/image.ashx?id=3002806&use=l&cat=p&typeid=i","cat":333681},{"id":54244,"n":"Liqueur de menthe Get 31 Edition Limitée 24° - 70cl","p":13.89,"u":"19,84 €/L","img":"https://fd9-photos.leclercdrive.fr/image.ashx?id=2989051&use=l&cat=p&typeid=i","cat":286032},{"id":54297,"n":"Désodorisant Bien Air Mèches actives, lavande - 375ml","p":1.65,"u":"4,40 €/L","img":"https://fd9-photos.leclercdrive.fr/image.ashx?id=2934721&use=l&cat=p&typeid=i","cat":311628},{"id":54298,"n":"Désodorisant Bien Air Mèche active muguet - 375ml","p":1.65,"u":"4,40 €/L","img":"https://fd9-photos.leclercdrive.fr/image.ashx?id=2777803&use=l&cat=p&typeid=i","cat":311628},{"id":54299,"n":"Désodorisant Bien Air Mèche active Fruit rouge 375ml","p":1.65,"u":"4,40 €/L","img":"https://fd9-photos.leclercdrive.fr/image.ashx?id=2777806&use=l&cat=p&typeid=i","cat":311628},{"id":54300,"n":"Désodorisant Bien Air Mèche active agrume 375ml","p":1.65,"u":"4,40 €/L","img":"https://fd9-photos.leclercdrive.fr/image.ashx?id=2777809&use=l&cat=p&typeid=i","cat":311628},{"id":54311,"n":"Bière blonde Bio Jade 4.5%vol - 6x25cl","p":4.98,"u":"3,32 €/L","img":"https://fd9-photos.leclercdrive.fr/image.ashx?id=2511282&use=l&cat=p&typeid=i","cat":334873},{"id":54312,"n":"Bière Sans gluten Jade Bio - 4.5%vol - 6x25cl","p":5.1,"u":"3,40 €/L","img":"https://fd9-photos.leclercdrive.fr/image.ashx?id=2672161&use=l&cat=p&typeid=i","cat":334873},{"id":54316,"n":"AOC Coteaux du Layon vin blanc Les Caractères - 75cl","p":6.99,"u":"9,32 €/L","img":"https://fd9-photos.leclercdrive.fr/image.ashx?id=2898762&use=l&cat=p&typeid=i","cat":289557},{"id":54344,"n":"Tablette chocolat Côte d'Or Chocolat lait/Amandes - 180g","p":3.63,"u":"20,17 €/KG","img":"https://fd9-photos.leclercdrive.fr/image.ashx?id=3009143&use=l&cat=p&typeid=i","cat":284497},{"id":54346,"n":"Barre Chocolatée KINDER Country  Céréales chocolat x10 - 235g","p":3.6,"u":"15,32 €/KG","img":"https://fd9-photos.leclercdrive.fr/image.ashx?id=2231942&use=l&cat=p&typeid=i","cat":284498},{"id":54372,"n":"Spécialité au soja Nat&Vie Caramel - 4x100g","p":1.5,"u":"3,75 €/P","img":"https://fd9-photos.leclercdrive.fr/image.ashx?id=2901467&use=l&cat=p&typeid=i","cat":316071},{"id":54386,"n":"Gâteau multicouche P'tit Déli Genoise fourré chocolat - 175g","p":1.27,"u":"7,26 €/KG","img":"https://fd9-photos.leclercdrive.fr/image.ashx?id=1756935&use=l&cat=p&typeid=i","cat":284495},{"id":54387,"n":"Pains Hot Dog Epi d'Or x4 - 250g","p":1.41,"u":"5,64 €/KG","img":"https://fd9-photos.leclercdrive.fr/image.ashx?id=2147414&use=l&cat=p&typeid=i","cat":284985},{"id":54396,"n":"Salade Catalane Côté Snack Thon à la catalane - 250g","p":2.17,"u":"8,68 €/KG","img":"https://fd9-photos.leclercdrive.fr/image.ashx?id=2910589&use=l&cat=p&typeid=i","cat":284437},{"id":54404,"n":"Sauce Tomacouli Panzani - 3X200G","p":1.69,"u":"2,82 €/KG","img":"https://fd9-photos.leclercdrive.fr/image.ashx?id=2744623&use=l&cat=p&typeid=i","cat":288384},{"id":54405,"n":"Sauce Tomacouli Panzani - 700G","p":1.6,"u":"2,29 €/KG","img":"https://fd9-photos.leclercdrive.fr/image.ashx?id=2744632&use=l&cat=p&typeid=i","cat":288384},{"id":54415,"n":"Bâtonnet à mâcher Dentalife  Petit chien - x21 - 345g","p":4.16,"u":"12,06 €/KG","img":"https://fd9-photos.leclercdrive.fr/image.ashx?id=2897339&use=l&cat=p&typeid=i","cat":294527},{"id":54416,"n":"Bâtonnet à macher Dentalife Chien moyen - 345g","p":3.96,"u":"11,48 €/KG","img":"https://fd9-photos.leclercdrive.fr/image.ashx?id=2896426&use=l&cat=p&typeid=i","cat":294527},{"id":54417,"n":"Barre chocolat lait P'tit Déli x5 - 130g","p":1.5,"u":"11,54 €/KG","img":"https://fd9-photos.leclercdrive.fr/image.ashx?id=2568936&use=l&cat=p&typeid=i","cat":284488},{"id":54418,"n":"Bâtonnet à mâche Dentalife Grand chien x12 - 426g","p":4.09,"u":"9,60 €/KG","img":"https://fd9-photos.leclercdrive.fr/image.ashx?id=2897342&use=l&cat=p&typeid=i","cat":294527},{"id":54422,"n":"Spray automatique Bien Air + recharge - 250ml","p":5.98,"u":"23,92 €/L","img":"https://fd9-photos.leclercdrive.fr/image.ashx?id=2330493&use=l&cat=p&typeid=i","cat":311629},{"id":54429,"n":"Jambon cru fumé forêt noire  Saint Azay - 6 tranches - 100g","p":1.99,"u":"19,90 €/KG","img":"https://fd9-photos.leclercdrive.fr/image.ashx?id=1975243&use=l&cat=p&typeid=i","cat":316007},{"id":54430,"n":"Salade Italienne Côté Snack Au thon - 250g","p":2.18,"u":"8,72 €/KG","img":"https://fd9-photos.leclercdrive.fr/image.ashx?id=2927910&use=l&cat=p&typeid=i","cat":284437},{"id":54471,"n":"Madeleines longues Le Ster Marbrées choco - 250g","p":1.87,"u":"7,48 €/KG","img":"https://fd9-photos.leclercdrive.fr/image.ashx?id=2962548&use=l&cat=p&typeid=i","cat":284492},{"id":54473,"n":"Madeleines longues Le Ster Nature  - 250g","p":1.45,"u":"5,80 €/KG","img":"https://fd9-photos.leclercdrive.fr/image.ashx?id=2962545&use=l&cat=p&typeid=i","cat":284492},{"id":54491,"n":"Croûton Provençal Roger 250g","p":2.91,"u":"11,64 €/KG","img":"https://fd9-photos.leclercdrive.fr/image.ashx?id=2680137&use=l&cat=p&typeid=i","cat":284464},{"id":54492,"n":"Tortillas chips Bio village Bio Nature - 150g","p":1.75,"u":"11,67 €/KG","img":"https://fd9-photos.leclercdrive.fr/image.ashx?id=2538385&use=l&cat=p&typeid=i","cat":287899},{"id":54496,"n":"Gâteaux fourrés Milka Chocolat - 175g","p":1.79,"u":"10,23 €/KG","img":"https://fd9-photos.leclercdrive.fr/image.ashx?id=3005338&use=l&cat=p&typeid=i","cat":284495},{"id":54497,"n":"Pâté aux sardines 4x22g","p":1.75,"u":"19,89 €/KG","img":"https://fd9-photos.leclercdrive.fr/image.ashx?id=2578517&use=l&cat=p&typeid=i","cat":289009},{"id":54513,"n":"Falafels Végé - 200g","p":1.99,"u":"9,95 €/KG","img":"https://fd9-photos.leclercdrive.fr/image.ashx?id=2865266&use=l&cat=p&typeid=i","cat":316036},{"id":54520,"n":"Pâte a pizza Tablier Blanc Rectangle - 385g","p":1.3,"u":"3,38 €/KG","img":"https://fd9-photos.leclercdrive.fr/image.ashx?id=2635925&use=l&cat=p&typeid=i","cat":333681},{"id":54522,"n":"Pâte feuilletée Tablier Blanc A dérouler - x2 - 460g","p":1.48,"u":"3,22 €/KG","img":"https://fd9-photos.leclercdrive.fr/image.ashx?id=2635928&use=l&cat=p&typeid=i","cat":333681},{"id":54523,"n":"Nuggets végétales Végé - 200g","p":1.52,"u":"7,60 €/KG","img":"https://fd9-photos.leclercdrive.fr/image.ashx?id=2865263&use=l&cat=p&typeid=i","cat":316036},{"id":54532,"n":"Liqueur de Whisky Jack Daniel's Fire 70cL","p":19.95,"pp":17.95,"u":"25,64 €/L","img":"https://fd9-photos.leclercdrive.fr/image.ashx?id=3001473&use=l&cat=p&typeid=i","cat":286032},{"id":54540,"n":"AOC Crémant Limoux Aguila Brut - 75cl","p":6.37,"u":"8,49 €/L","img":"https://fd9-photos.leclercdrive.fr/image.ashx?id=2792243&use=l&cat=p&typeid=i","cat":284544},{"id":54543,"n":"AOP Crémant de Loire Ackerman Blanc Brut - 11.5%vol - 75cl","p":8.31,"u":"11,08 €/L","img":"https://fd9-photos.leclercdrive.fr/image.ashx?id=2379185&use=l&cat=p&typeid=i","cat":284545},{"id":54560,"n":"Nappe papier 6m x 1,18m Argent - x1","p":2.9,"img":"https://fd9-photos.leclercdrive.fr/image.ashx?id=1049483&use=l&cat=p&typeid=i","cat":334134},{"id":54612,"n":"Corn Flakes bio Bio Village Nature - 375g","p":2.4,"u":"6,40 €/KG","img":"https://fd9-photos.leclercdrive.fr/image.ashx?id=2835226&use=l&cat=p&typeid=i","cat":309513},{"id":54655,"n":"Sauce truffe noire Maître Coq 120g","p":3.99,"u":"33,25 €/KG","img":"https://fd9-photos.leclercdrive.fr/image.ashx?id=2540523&use=l&cat=p&typeid=i","cat":327293},{"id":54656,"n":"Sauce morilles Maître Coq 120g","p":3.99,"u":"33,25 €/KG","img":"https://fd9-photos.leclercdrive.fr/image.ashx?id=2164711&use=l&cat=p&typeid=i","cat":327293},{"id":54658,"n":"Sauce foie gras Maître Coq 120g","p":4.99,"u":"41,58 €/KG","img":"https://fd9-photos.leclercdrive.fr/image.ashx?id=2164714&use=l&cat=p&typeid=i","cat":327293},{"id":54659,"n":"Rôti de dinde Maître Coq Marrons & Figues - 700g","p":15.99,"u":"22,84 €/KG","img":"https://fd9-photos.leclercdrive.fr/image.ashx?id=2238936&use=l&cat=p&typeid=i","cat":327289},{"id":54660,"n":"Rôti de dinde Maître Coq Forestier cuit - 700g","p":15.99,"u":"22,84 €/KG","img":"https://fd9-photos.leclercdrive.fr/image.ashx?id=2238939&use=l&cat=p&typeid=i","cat":327289},{"id":54725,"n":"Tartelettes au citron meringué  2x1 p","p":3.25,"u":"1,63 €/P","img":"https://fd9-photos.leclercdrive.fr/image.ashx?id=920530&use=l&cat=p&typeid=i","cat":284360},{"id":54726,"n":"Tartelettes au citron  2x1 p","p":3.5,"u":"1,75 €/P","img":"https://fd9-photos.leclercdrive.fr/image.ashx?id=820617&use=l&cat=p&typeid=i","cat":284360},{"id":54744,"n":"Soupe Délice Liebig Potiron/châtaigne - 2x1L","p":4.86,"u":"2,43 €/L","img":"https://fd9-photos.leclercdrive.fr/image.ashx?id=2926257&use=l&cat=p&typeid=i","cat":284462},{"id":54857,"n":"Polenta Turini  500g","p":1.19,"u":"2,38 €/KG","img":"https://fd9-photos.leclercdrive.fr/image.ashx?id=2682792&use=l&cat=p&typeid=i","cat":284431},{"id":54865,"n":"Tablette chocolat Villars Chocolat au Lait Suisse - 100g","p":2.2,"u":"22,00 €/KG","img":"https://fd9-photos.leclercdrive.fr/image.ashx?id=2464276&use=l&cat=p&typeid=i","cat":284497},{"id":54926,"n":"Mousse liégeoise Viennois  Café - 4x90g","p":1.89,"u":"5,25 €/KG","img":"https://fd9-photos.leclercdrive.fr/image.ashx?id=2729788&use=l&cat=p&typeid=i","cat":284417},{"id":54944,"n":"Cône Nestlé Extrême  Café intense - 6x71g","p":3.51,"u":"8,24 €/KG","img":"https://fd9-photos.leclercdrive.fr/image.ashx?id=3000435&use=l&cat=p&typeid=i","cat":284264},{"id":54957,"n":"Cône Extrême Nestle Vanille Fraise - 6x71g","p":3.53,"u":"8,29 €/KG","img":"https://fd9-photos.leclercdrive.fr/image.ashx?id=2353113&use=l&cat=p&typeid=i","cat":284264},{"id":54958,"n":"Cône Extrême Nestle Menthe chocolat - 6x71g","p":3.59,"u":"8,43 €/KG","img":"https://fd9-photos.leclercdrive.fr/image.ashx?id=2737048&use=l&cat=p&typeid=i","cat":284264},{"id":54959,"n":"Cône Extrême Intense Nestle Pistache Chocolat - 6x71g","p":3.53,"u":"8,29 €/KG","img":"https://fd9-photos.leclercdrive.fr/image.ashx?id=2353116&use=l&cat=p&typeid=i","cat":284264},{"id":55000,"n":"Protège-slips Vania Protect Aloe Vera - Large - x36","p":3.16,"u":"0,09 €/P","img":"https://fd9-photos.leclercdrive.fr/image.ashx?id=2735206&use=l&cat=p&typeid=i","cat":284625},{"id":55033,"n":"Fromage à Tartiner Tartare Ail et Fines Herbes 16P - 250g","p":3.39,"u":"13,56 €/KG","img":"https://fd9-photos.leclercdrive.fr/image.ashx?id=2732887&use=l&cat=p&typeid=i","cat":314029},{"id":55065,"n":"AOP Champagne Tsarine Brut Cuvée Premium - 75cl","p":26.3,"u":"35,07 €/L","img":"https://fd9-photos.leclercdrive.fr/image.ashx?id=2757749&use=l&cat=p&typeid=i","cat":284542},{"id":55069,"n":"Bière La Rousse aux 3 malts 6.5%vol - 75cl","p":4.35,"u":"5,80 €/L","img":"https://fd9-photos.leclercdrive.fr/image.ashx?id=2432964&use=l&cat=p&typeid=i","cat":334872},{"id":55085,"n":"Fine chapelure de pain Tipiak  500g","p":1.26,"u":"2,52 €/KG","img":"https://fd9-photos.leclercdrive.fr/image.ashx?id=2648277&use=l&cat=p&typeid=i","cat":288382},{"id":55088,"n":"AOP Saint Estephe Vin rouge Marquis de St Estephe - 75cl","p":11.64,"u":"15,52 €/L","img":"https://fd9-photos.leclercdrive.fr/image.ashx?id=1758421&use=l&cat=p&typeid=i","cat":289556},{"id":55090,"n":"AOP Bordeaux rouge Mouton Cadet - 75cl","p":6.95,"u":"9,27 €/L","img":"https://fd9-photos.leclercdrive.fr/image.ashx?id=2959940&use=l&cat=p&typeid=i","cat":289556},{"id":55097,"n":"Fil interdentaire Efiseptyl Antibactérien 40m","p":2.58,"img":"https://fd9-photos.leclercdrive.fr/image.ashx?id=2923477&use=l&cat=p&typeid=i","cat":285159},{"id":55101,"n":"AOP Médoc rouge Merrain - 75cl","p":9.28,"u":"12,37 €/L","img":"https://fd9-photos.leclercdrive.fr/image.ashx?id=2989282&use=l&cat=p&typeid=i","cat":289556},{"id":55102,"n":"Dentifrice expert Bionaïa Menthe Bio - 75ml","p":1.79,"u":"23,87 €/L","img":"https://fd9-photos.leclercdrive.fr/image.ashx?id=2529540&use=l&cat=p&typeid=i","cat":284612},{"id":55115,"n":"Lingettes Mots d'Enfants Pockets - x20","p":1.19,"u":"0,06 €/P","img":"https://fd9-photos.leclercdrive.fr/image.ashx?id=2856549&use=l&cat=p&typeid=i","cat":284738},{"id":55144,"n":"Emincés de poulet Fleury Michon Rôti sans nitrite 2x75g","p":2.57,"u":"17,13 €/KG","img":"https://fd9-photos.leclercdrive.fr/image.ashx?id=2649804&use=l&cat=p&typeid=i","cat":316011},{"id":55145,"n":"Allumettes Fleury Michon Jambon cuit - 2x75g","p":1.24,"u":"8,27 €/KG","img":"https://fd9-photos.leclercdrive.fr/image.ashx?id=2651047&use=l&cat=p&typeid=i","cat":316011},{"id":55146,"n":"Jambon à poêler Fleury Michon 2x80g","p":3.05,"u":"19,06 €/KG","img":"https://fd9-photos.leclercdrive.fr/image.ashx?id=2975155&use=l&cat=p&typeid=i","cat":316009},{"id":55160,"n":"Brioche tréssée Pasquier Tranchée Pépite chocolat - 500g","p":2.85,"u":"5,70 €/KG","img":"https://fd9-photos.leclercdrive.fr/image.ashx?id=2971969&use=l&cat=p&typeid=i","cat":284478},{"id":55197,"n":"Plat bébé soir Blédiner 12 mois Macaroni ratatouille - 2x200g","p":2.45,"u":"6,13 €/KG","img":"https://fd9-photos.leclercdrive.fr/image.ashx?id=2845826&use=l&cat=p&typeid=i","cat":312239},{"id":55206,"n":"Plat bébé Blédina 12 mois Pâtes tomate jambon - 2x200g","p":2.5,"u":"6,25 €/KG","img":"https://fd9-photos.leclercdrive.fr/image.ashx?id=2975071&use=l&cat=p&typeid=i","cat":312237},{"id":55262,"n":"Pâté Campagne Supérieur L'Atelier Charcuterie - 170g","p":2.08,"u":"12,24 €/KG","img":"https://fd9-photos.leclercdrive.fr/image.ashx?id=2905862&use=l&cat=p&typeid=i","cat":316008},{"id":55265,"n":"Mousse de canard Supérieure L'Atelier Charcuterie - 170g","p":2.71,"u":"15,94 €/KG","img":"https://fd9-photos.leclercdrive.fr/image.ashx?id=2882529&use=l&cat=p&typeid=i","cat":316008},{"id":55272,"n":"AOC Bergerac vin rouge Bernard Cordelier - 75 cl","p":1.99,"u":"2,65 €/L","img":"https://fd9-photos.leclercdrive.fr/image.ashx?id=2726682&use=l&cat=p&typeid=i","cat":289556},{"id":55275,"n":"Bougie Bien Air Soirée d'hiver 30heures - x1","p":2.34,"img":"https://fd9-photos.leclercdrive.fr/image.ashx?id=2999610&use=l&cat=p&typeid=i","cat":284666},{"id":55278,"n":"Café grains Bio Ethiquable  100% arabica Colombie - 500g","p":9.67,"u":"19,34 €/KG","img":"https://fd9-photos.leclercdrive.fr/image.ashx?id=2876848&use=l&cat=p&typeid=i","cat":293237},{"id":55281,"n":"Bougies d'anniversaire Ardence Bleues - x24","p":0.95,"u":"0,04 €/P","img":"https://fd9-photos.leclercdrive.fr/image.ashx?id=2980480&use=l&cat=p&typeid=i","cat":335913},{"id":55287,"n":"Bougie d'anniversaire Ardence Couleur divers -Chiffre 2 - x1","p":0.43,"img":"https://fd9-photos.leclercdrive.fr/image.ashx?id=2051894&use=l&cat=p&typeid=i","cat":335913},{"id":55356,"n":"AOP Beaumes de Venise rouge 75cl","p":7.75,"u":"10,33 €/L","img":"https://fd9-photos.leclercdrive.fr/image.ashx?id=1758325&use=l&cat=p&typeid=i","cat":289556},{"id":55377,"n":"Bougie Bien Air Fruits rouges 30heures - x1","p":2.19,"img":"https://fd9-photos.leclercdrive.fr/image.ashx?id=2939073&use=l&cat=p&typeid=i","cat":284666},{"id":55381,"n":"Cacahuètes Tokapi  Grillées à sec - 120g","p":0.47,"u":"3,92 €/KG","img":"https://fd9-photos.leclercdrive.fr/image.ashx?id=2799778&use=l&cat=p&typeid=i","cat":284448},{"id":55415,"n":"Bougie Bien Air Anti-tabac 30h - x1","p":1.83,"img":"https://fd9-photos.leclercdrive.fr/image.ashx?id=2999613&use=l&cat=p&typeid=i","cat":284666},{"id":55416,"n":"Recharge adhésive Mamison  36 feuilles-  x2","p":2.22,"pp":1.55,"img":"https://fd9-photos.leclercdrive.fr/image.ashx?id=1066450&use=l&cat=p&typeid=i","cat":284669},{"id":55435,"n":"Sardines à l'huile d'olive  Connétable - 3x55g","p":3.92,"u":"23,76 €/KG","img":"https://fd9-photos.leclercdrive.fr/image.ashx?id=2139052&use=l&cat=p&typeid=i","cat":305146},{"id":55438,"n":"Confit de canard du Sud-Ouest Pomme de terre - NRT - 1065g","p":13.99,"u":"13,14 €/KG","img":"https://fd9-photos.leclercdrive.fr/image.ashx?id=2753535&use=l&cat=p&typeid=i","cat":284440},{"id":55439,"n":"Salade Niçoise Côté Snack Au thon - 250g","p":1.8,"u":"7,20 €/KG","img":"https://fd9-photos.leclercdrive.fr/image.ashx?id=2868316&use=l&cat=p&typeid=i","cat":284437},{"id":55442,"n":"Salade Parisienne Côté Snack Au thon - 250g","p":2.49,"u":"9,96 €/KG","img":"https://fd9-photos.leclercdrive.fr/image.ashx?id=2905919&use=l&cat=p&typeid=i","cat":284437},{"id":55472,"n":"Mix Pane Schar Sans gluten - 1kg","p":6.31,"u":"6,31 €/KG","img":"https://fd9-photos.leclercdrive.fr/image.ashx?id=2439947&use=l&cat=p&typeid=i","cat":318654},{"id":55479,"n":"Céréales Chocolat  Gerblé  Sans Gluten - 300g","p":4.0,"u":"13,33 €/KG","img":"https://fd9-photos.leclercdrive.fr/image.ashx?id=2662820&use=l&cat=p&typeid=i","cat":318654},{"id":55480,"n":"Cake Fourré Fraise Gerblé  Sans Gluten - 210g","p":3.56,"u":"16,95 €/KG","img":"https://fd9-photos.leclercdrive.fr/image.ashx?id=2662808&use=l&cat=p&typeid=i","cat":318654},{"id":55485,"n":"Pain burger Gerblé  Sans Gluten - 300 g","p":3.71,"u":"12,37 €/KG","img":"https://fd9-photos.leclercdrive.fr/image.ashx?id=2662838&use=l&cat=p&typeid=i","cat":318654},{"id":55573,"n":"Soda Coca-Cola Original Bouteille - 1L","p":1.7,"u":"1,70 €/L","img":"https://fd9-photos.leclercdrive.fr/image.ashx?id=2194409&use=l&cat=p&typeid=i","cat":284530},{"id":55633,"n":"Patés au thon Pêche Ocean 4x22g","p":1.78,"u":"20,23 €/KG","img":"https://fd9-photos.leclercdrive.fr/image.ashx?id=2578514&use=l&cat=p&typeid=i","cat":289009},{"id":55660,"n":"Agrafes n°24/6 Esquisse x1000","p":0.45,"img":"https://fd9-photos.leclercdrive.fr/image.ashx?id=1181770&use=l&cat=p&typeid=i","cat":334133},{"id":55664,"n":"Mini ruban correcteur Esquisse Multicoloris","p":1.99,"img":"https://fd9-photos.leclercdrive.fr/image.ashx?id=1703851&use=l&cat=p&typeid=i","cat":334133},{"id":55666,"n":"Etiquettes blanches Esquisse 24x35mm - x48","p":0.8,"img":"https://fd9-photos.leclercdrive.fr/image.ashx?id=2943259&use=l&cat=p&typeid=i","cat":334133},{"id":55669,"n":"Bâton de colle Esquisse 5x10g","p":2.39,"u":"47,80 €/KG","img":"https://fd9-photos.leclercdrive.fr/image.ashx?id=2943253&use=l&cat=p&typeid=i","cat":334133},{"id":55700,"n":"Haricots Verts Cassegrain Extra Fins Ceuillis main 110g","p":1.39,"u":"12,64 €/KG","img":"https://fd9-photos.leclercdrive.fr/image.ashx?id=2913034&use=l&cat=p&typeid=i","cat":312606},{"id":55704,"n":"Petits fours chocolat x16 - 360g","p":9.9,"u":"27,50 €/KG","img":"https://fd9-photos.leclercdrive.fr/image.ashx?id=2501754&use=l&cat=p&typeid=i","cat":284360},{"id":55705,"n":"Mini gâteaux aux fruits x16 - 380g","p":12.8,"u":"33,68 €/KG","img":"https://fd9-photos.leclercdrive.fr/image.ashx?id=2501757&use=l&cat=p&typeid=i","cat":284360},{"id":55816,"n":"Lingettes désinfectantes 2en1 x10 lingettes","p":1.52,"img":"https://fd9-photos.leclercdrive.fr/image.ashx?id=2832981&use=l&cat=p&typeid=i","cat":284630},{"id":55887,"n":"Bougie Bien Air Vanille Caramel 30h - x1","p":1.8,"img":"https://fd9-photos.leclercdrive.fr/image.ashx?id=2932420&use=l&cat=p&typeid=i","cat":284666},{"id":55949,"n":"Riz soja bio Céréal Bio  à l'espagnol repas express-220g","p":2.08,"u":"9,45 €/KG","img":"https://fd9-photos.leclercdrive.fr/image.ashx?id=2575093&use=l&cat=p&typeid=i","cat":287600},{"id":56119,"n":"Champagne Alfred Rothschild Demi-sec, 12%vol - 75cl","p":23.09,"u":"30,79 €/L","img":"https://fd9-photos.leclercdrive.fr/image.ashx?id=2254172&use=l&cat=p&typeid=i","cat":284542},{"id":56162,"n":"Lait concentré sucré Nestlé 1kg","p":4.52,"u":"4,52 €/KG","img":"https://fd9-photos.leclercdrive.fr/image.ashx?id=2906067&use=l&cat=p&typeid=i","cat":299162},{"id":56163,"n":"Lait concentré sucré Nestlé x6 sticks - 30g","p":2.29,"u":"76,33 €/KG","img":"https://fd9-photos.leclercdrive.fr/image.ashx?id=2306528&use=l&cat=p&typeid=i","cat":299162},{"id":56435,"n":"Bouillon Kub Or Maggi  Déshydraté dégraissé - 128g","p":1.42,"u":"11,09 €/KG","img":"https://fd9-photos.leclercdrive.fr/image.ashx?id=2953977&use=l&cat=p&typeid=i","cat":288379},{"id":56440,"n":"Biscuit Citron Yuzu GERBLE  sans sucre 6 132g","p":2.08,"u":"15,76 €/KG","img":"https://fd9-photos.leclercdrive.fr/image.ashx?id=2664016&use=l&cat=p&typeid=i","cat":318653},{"id":56452,"n":"Cookie Cacao GERBLE  sans sucres - 130g","p":2.36,"u":"18,15 €/KG","img":"https://fd9-photos.leclercdrive.fr/image.ashx?id=2575057&use=l&cat=p&typeid=i","cat":318653},{"id":56456,"n":"Biscuit Coco GERBLE  sans sucre - 132g","p":1.79,"u":"13,56 €/KG","img":"https://fd9-photos.leclercdrive.fr/image.ashx?id=2662826&use=l&cat=p&typeid=i","cat":318653},{"id":56457,"n":"Biscuit Sésame Vanille GERBLE  sans sucres - 132g","p":1.79,"u":"13,56 €/KG","img":"https://fd9-photos.leclercdrive.fr/image.ashx?id=2664013&use=l&cat=p&typeid=i","cat":318653},{"id":56464,"n":"Biscuit fourré cacao GERBLE   sans sucre 6 185g","p":2.95,"u":"15,95 €/KG","img":"https://fd9-photos.leclercdrive.fr/image.ashx?id=2662832&use=l&cat=p&typeid=i","cat":318653},{"id":56465,"n":"Barre Chocolat ISOSTAR  Chocolat - 3x35g","p":2.86,"u":"27,24 €/KG","img":"https://fd9-photos.leclercdrive.fr/image.ashx?id=2323478&use=l&cat=p&typeid=i","cat":318652},{"id":56470,"n":"Boisson orange ISOSTAR  Poudre energétique  400 g","p":6.62,"u":"16,55 €/KG","img":"https://fd9-photos.leclercdrive.fr/image.ashx?id=2663045&use=l&cat=p&typeid=i","cat":318652},{"id":56517,"n":"Eau minérale naturelle Contrex 6x1.5L","p":3.16,"u":"0,35 €/L","img":"https://fd9-photos.leclercdrive.fr/image.ashx?id=2758773&use=l&cat=p&typeid=i","cat":284535},{"id":56547,"n":"Flocons d'avoine bio Bio Village - 500g","p":1.48,"u":"2,96 €/KG","img":"https://fd9-photos.leclercdrive.fr/image.ashx?id=2688243&use=l&cat=p&typeid=i","cat":309512},{"id":56558,"n":"Croquettes chat Tous mes amis Boeuf/poulet/légumes - 7.5kg","p":10.46,"u":"1,39 €/KG","img":"https://fd9-photos.leclercdrive.fr/image.ashx?id=2319118&use=l&cat=p&typeid=i","cat":284680},{"id":56571,"n":"Tomates entières pelées bio Bio Village - 240g","p":1.04,"u":"4,33 €/KG","img":"https://fd9-photos.leclercdrive.fr/image.ashx?id=2302982&use=l&cat=p&typeid=i","cat":312608},{"id":56574,"n":"Sel Fin de Table Rustica Boîte verseuse 500g","p":0.46,"u":"0,92 €/KG","img":"https://fd9-photos.leclercdrive.fr/image.ashx?id=2050681&use=l&cat=p&typeid=i","cat":284457},{"id":56592,"n":"Glaçons apéritif en sachet 2kg","p":2.49,"u":"1,25 €/KG","img":"https://fd9-photos.leclercdrive.fr/image.ashx?id=2022024&use=l&cat=p&typeid=i","cat":285987},{"id":56609,"n":"Fromage à tartiner Madame Loïk Fouetté Nature - 320g","p":3.3,"u":"10,31 €/KG","img":"https://fd9-photos.leclercdrive.fr/image.ashx?id=2967798&use=l&cat=p&typeid=i","cat":314029},{"id":56610,"n":"Fromage à tartiner Madame Loïk Fouetté Nature - 180g","p":2.08,"u":"11,56 €/KG","img":"https://fd9-photos.leclercdrive.fr/image.ashx?id=2948015&use=l&cat=p&typeid=i","cat":314029},{"id":56613,"n":"IGP Pays d'Oc rouge Merlot Grand Sud 13.5% vol - BIB 5L","p":14.99,"u":"3,00 €/L","img":"https://fd9-photos.leclercdrive.fr/image.ashx?id=2837457&use=l&cat=p&typeid=i","cat":289556},{"id":56679,"n":"Biscuits Milka Choco suprême - 3x180g","p":6.39,"u":"11,83 €/KG","img":"https://fd9-photos.leclercdrive.fr/image.ashx?id=2792948&use=l&cat=p&typeid=i","cat":284488},{"id":56741,"n":"Fromage raclette Entremont  Sans croûte - 350g","p":4.88,"u":"13,94 €/KG","img":"https://fd9-photos.leclercdrive.fr/image.ashx?id=2980902&use=l&cat=p&typeid=i","cat":314037},{"id":56765,"n":"Vinaigre de cidre Rustica 25cl","p":0.79,"u":"3,16 €/L","img":"https://fd9-photos.leclercdrive.fr/image.ashx?id=1072906&use=l&cat=p&typeid=i","cat":298543},{"id":56767,"n":"Vinaigre balsamique Rustica De Modène - 25cl","p":1.27,"u":"5,08 €/L","img":"https://fd9-photos.leclercdrive.fr/image.ashx?id=2777812&use=l&cat=p&typeid=i","cat":298543},{"id":56770,"n":"Fleur de sel de Guérande IGP  NRT - 125g","p":2.49,"u":"19,92 €/KG","img":"https://fd9-photos.leclercdrive.fr/image.ashx?id=2644924&use=l&cat=p&typeid=i","cat":284457},{"id":56831,"n":"Nuggets de poulet Maître Coq Sachet - 1kg","p":5.77,"u":"5,77 €/KG","img":"https://fd9-photos.leclercdrive.fr/image.ashx?id=2936404&use=l&cat=p&typeid=i","cat":319780},{"id":56836,"n":"Pain aux céréales tranché  350g","p":1.85,"u":"5,29 €/KG","img":"https://fd9-photos.leclercdrive.fr/image.ashx?id=2063143&use=l&cat=p&typeid=i","cat":284359},{"id":56845,"n":"Bâtonnets de poisson Findus  Colin d'Alaska MSC x16 - 448g","p":3.95,"u":"8,82 €/KG","img":"https://fd9-photos.leclercdrive.fr/image.ashx?id=2650684&use=l&cat=p&typeid=i","cat":319788},{"id":56852,"n":"Tablette de chocolat Côte d'or Lait Noisette - 4x180g","p":12.02,"u":"16,69 €/KG","img":"https://fd9-photos.leclercdrive.fr/image.ashx?id=2168660&use=l&cat=p&typeid=i","cat":284497},{"id":56853,"n":"Tablette de chocolat Côte d'or Noir noisette - 4x180g","p":12.21,"u":"16,96 €/KG","img":"https://fd9-photos.leclercdrive.fr/image.ashx?id=2167696&use=l&cat=p&typeid=i","cat":284956},{"id":56860,"n":"Flûtes Tokapi Chèvre/romarin -  - 100g","p":1.59,"u":"15,90 €/KG","img":"https://fd9-photos.leclercdrive.fr/image.ashx?id=2374055&use=l&cat=p&typeid=i","cat":297000},{"id":56862,"n":"Couscous Comptoir du Grain  Fin - 1kg","p":2.17,"u":"2,17 €/KG","img":"https://fd9-photos.leclercdrive.fr/image.ashx?id=3012857&use=l&cat=p&typeid=i","cat":284429},{"id":56872,"n":"Tartiflette Côté Table  350g","p":2.9,"u":"8,29 €/KG","img":"https://fd9-photos.leclercdrive.fr/image.ashx?id=2970456&use=l&cat=p&typeid=i","cat":284953},{"id":56873,"n":"Hachis parmentier Côté Table 350g","p":2.53,"u":"7,23 €/KG","img":"https://fd9-photos.leclercdrive.fr/image.ashx?id=2393893&use=l&cat=p&typeid=i","cat":284953},{"id":56874,"n":"Lasagnes bolognaise Côté Table Barquette - 350g","p":2.39,"u":"6,83 €/KG","img":"https://fd9-photos.leclercdrive.fr/image.ashx?id=2476164&use=l&cat=p&typeid=i","cat":284953},{"id":56885,"n":"Gel coiffant Vitanove Effet invisible - 300ml","p":1.96,"u":"6,53 €/L","img":"https://fd9-photos.leclercdrive.fr/image.ashx?id=2879940&use=l&cat=p&typeid=i","cat":284609},{"id":56886,"n":"Gel coiffant Vitanove Effet mouillé - 300ml","p":1.53,"u":"5,10 €/L","img":"https://fd9-photos.leclercdrive.fr/image.ashx?id=2273361&use=l&cat=p&typeid=i","cat":284609},{"id":56889,"n":"Gel soin visage charbon Garnier Anti-Points Noirs - 150ml","p":4.28,"u":"28,53 €/L","img":"https://fd9-photos.leclercdrive.fr/image.ashx?id=2634190&use=l&cat=p&typeid=i","cat":284603},{"id":56919,"n":"Bière blonde Pelforth 5.8%vol - 20x25cl","p":11.84,"u":"2,37 €/L","img":"https://fd9-photos.leclercdrive.fr/image.ashx?id=2764523&use=l&cat=p&typeid=i","cat":334873},{"id":56935,"n":"Pâte à tartiner Nutella 400g","p":3.81,"u":"9,53 €/KG","img":"https://fd9-photos.leclercdrive.fr/image.ashx?id=2935645&use=l&cat=p&typeid=i","cat":284481},{"id":56953,"n":"Cordons bleus Côté Croc Au poulet x2 - 200g","p":1.8,"u":"9,00 €/KG","img":"https://fd9-photos.leclercdrive.fr/image.ashx?id=2801046&use=l&cat=p&typeid=i","cat":333683},{"id":56964,"n":"AOP Bordeaux rouge Bio Nos Racines - BIB 3L","p":16.99,"u":"5,66 €/L","img":"https://fd9-photos.leclercdrive.fr/image.ashx?id=1570321&use=l&cat=p&typeid=i","cat":289560},{"id":56968,"n":"Rhum ambré Trois Rivières 40% vol - 70cl","p":14.1,"u":"20,14 €/L","img":"https://fd9-photos.leclercdrive.fr/image.ashx?id=2973670&use=l&cat=p&typeid=i","cat":284550},{"id":56975,"n":"Saucisson sec Saint-Azay Pur porc - 250g","p":4.09,"u":"16,36 €/KG","img":"https://fd9-photos.leclercdrive.fr/image.ashx?id=2861422&use=l&cat=p&typeid=i","cat":316006},{"id":56980,"n":"Laque Vitanove  Maximum - 400ml","p":2.6,"u":"6,50 €/L","img":"https://fd9-photos.leclercdrive.fr/image.ashx?id=1073373&use=l&cat=p&typeid=i","cat":284609},{"id":56983,"n":"Laque Vitanove Ultra protect - 400ml","p":2.65,"u":"6,63 €/L","img":"https://fd9-photos.leclercdrive.fr/image.ashx?id=2490046&use=l&cat=p&typeid=i","cat":284609},{"id":56992,"n":"Sauce roquefort Ferial  120g","p":1.69,"u":"14,08 €/KG","img":"https://fd9-photos.leclercdrive.fr/image.ashx?id=2636245&use=l&cat=p&typeid=i","cat":284382},{"id":56996,"n":"Jus de fruit Jafaden  Pur jus multifruits - 2L","p":2.59,"u":"1,30 €/L","img":"https://fd9-photos.leclercdrive.fr/image.ashx?id=2920196&use=l&cat=p&typeid=i","cat":284917},{"id":57017,"n":"Friandises chat Catisfactions Poulet - 60g","p":1.16,"u":"19,33 €/KG","img":"https://fd9-photos.leclercdrive.fr/image.ashx?id=2914762&use=l&cat=p&typeid=i","cat":285285},{"id":57020,"n":"Ossau iraty NRT AOP  Fromage de brebis - 200g","p":3.99,"u":"19,95 €/KG","img":"https://fd9-photos.leclercdrive.fr/image.ashx?id=2342632&use=l&cat=p&typeid=i","cat":329184},{"id":57040,"n":"Bière blanche 1664 Blanc 5° - 6x25cl","p":4.64,"u":"3,09 €/L","img":"https://fd9-photos.leclercdrive.fr/image.ashx?id=2886699&use=l&cat=p&typeid=i","cat":334878},{"id":57041,"n":"Bière blonde 1664 5,5° - 6x33cl canettes","p":4.99,"pp":3.29,"u":"1,66 €/L","img":"https://fd9-photos.leclercdrive.fr/image.ashx?id=2887566&use=l&cat=p&typeid=i","cat":334853},{"id":57044,"n":"Bière blonde Kronenbourg 4,2° - 12x33cl canettes","p":7.9,"u":"1,99 €/L","img":"https://fd9-photos.leclercdrive.fr/image.ashx?id=2854366&use=l&cat=p&typeid=i","cat":334853},{"id":57045,"n":"Bière blonde Kronenbourg 4,2° - 6x33cl canettes","p":4.06,"u":"2,05 €/L","img":"https://fd9-photos.leclercdrive.fr/image.ashx?id=2212581&use=l&cat=p&typeid=i","cat":334853},{"id":57080,"n":"Fromage frais nature Bio Bio village - 4x100g","p":1.85,"u":"4,63 €/KG","img":"https://fd9-photos.leclercdrive.fr/image.ashx?id=2839947&use=l&cat=p&typeid=i","cat":284409},{"id":57112,"n":"Pomme de terre de consommation 2.5kg","p":3.49,"u":"1,40 €/KG","img":"https://fd9-photos.leclercdrive.fr/image.ashx?id=778561&use=l&cat=p&typeid=i","cat":284352},{"id":57151,"n":"Mousse Délisse Chocolat au lait - 8x60g","p":2.25,"u":"4,69 €/KG","img":"https://fd9-photos.leclercdrive.fr/image.ashx?id=3009517&use=l&cat=p&typeid=i","cat":284417},{"id":57155,"n":"Yaourts à la Grecque Delisse Lit de miel - 4x150g","p":2.89,"u":"4,82 €/KG","img":"https://fd9-photos.leclercdrive.fr/image.ashx?id=2699702&use=l&cat=p&typeid=i","cat":314999},{"id":57242,"n":"Lingettes multi-usages Sanytol Désinfectant Pamplemousse -x48","p":1.6,"u":"0,03 €/P","img":"https://fd9-photos.leclercdrive.fr/image.ashx?id=2511631&use=l&cat=p&typeid=i","cat":325358},{"id":57274,"n":"Boisson aux fruits Oasis Goût Pomme Cassis Framboise 1L","p":1.73,"u":"1,73 €/L","img":"https://fd9-photos.leclercdrive.fr/image.ashx?id=3011083&use=l&cat=p&typeid=i","cat":295018},{"id":57275,"n":"Boisson aux fruits Oasis Tropical - 1L","p":1.68,"u":"1,68 €/L","img":"https://fd9-photos.leclercdrive.fr/image.ashx?id=2666638&use=l&cat=p&typeid=i","cat":295018},{"id":57284,"n":"AOC Prosecco Riccadonna Extra Dry - 11° - 75cl","p":5.99,"u":"7,99 €/L","img":"https://fd9-photos.leclercdrive.fr/image.ashx?id=2666303&use=l&cat=p&typeid=i","cat":289461},{"id":57288,"n":"Jeunes pousses & roquettes  Bonduelle - 145g","p":1.86,"u":"12,83 €/KG","img":"https://fd9-photos.leclercdrive.fr/image.ashx?id=2862128&use=l&cat=p&typeid=i","cat":284353},{"id":57329,"n":"Ramette Clairefontaine Format A4 - 80g - x400","p":6.75,"img":"https://fd9-photos.leclercdrive.fr/image.ashx?id=1854593&use=l&cat=p&typeid=i","cat":284697},{"id":57354,"n":"Duo de Sel & Poivre La Baleine Sel 50G - Poivre 18G","p":2.3,"u":"33,82 €/KG","img":"https://fd9-photos.leclercdrive.fr/image.ashx?id=1752097&use=l&cat=p&typeid=i","cat":284457},{"id":57357,"n":"Déodorant Monsavon spray Alun, lait et coton - 2x200ml","p":4.06,"u":"10,15 €/L","img":"https://fd9-photos.leclercdrive.fr/image.ashx?id=2489440&use=l&cat=p&typeid=i","cat":284595},{"id":57684,"n":"Repas soir bio 12mois Babybio Panais legumes boulghour 230g","p":1.67,"u":"7,26 €/KG","img":"https://fd9-photos.leclercdrive.fr/image.ashx?id=2859359&use=l&cat=p&typeid=i","cat":312239},{"id":57687,"n":"Repas du soir Babybio - 8 mois Bio Patates douces - 2x200g","p":2.58,"u":"6,45 €/KG","img":"https://fd9-photos.leclercdrive.fr/image.ashx?id=2168291&use=l&cat=p&typeid=i","cat":312239},{"id":57688,"n":"Bols soir bébé bio Babybio Purée, courgette -8 mois-2x200g","p":2.5,"u":"6,25 €/KG","img":"https://fd9-photos.leclercdrive.fr/image.ashx?id=2859365&use=l&cat=p&typeid=i","cat":312239},{"id":57690,"n":"Assiette bébé soir bio Babybio Gratin de légumes -15 mois-260g","p":1.76,"u":"6,77 €/KG","img":"https://fd9-photos.leclercdrive.fr/image.ashx?id=2827539&use=l&cat=p&typeid=i","cat":312239},{"id":57691,"n":"Gourde bébé Babybio Bio 6 mois Pomme/poire/pêche - 4x90g","p":2.89,"u":"8,03 €/KG","img":"https://fd9-photos.leclercdrive.fr/image.ashx?id=2733319&use=l&cat=p&typeid=i","cat":312393},{"id":57697,"n":"Pots bébé bio Babybio Panais jambon - 6 mois - 2x200g","p":3.6,"u":"9,00 €/KG","img":"https://fd9-photos.leclercdrive.fr/image.ashx?id=2838304&use=l&cat=p&typeid=i","cat":312236},{"id":57701,"n":"Petits pots Babybio 6 mois - Maïs doux - 2x130g","p":1.8,"u":"6,92 €/KG","img":"https://fd9-photos.leclercdrive.fr/image.ashx?id=2838461&use=l&cat=p&typeid=i","cat":312235},{"id":57703,"n":"Bols bébé soir bio Babybio Légumes pâtes - 8 mois - 2x200g","p":2.38,"u":"5,95 €/KG","img":"https://fd9-photos.leclercdrive.fr/image.ashx?id=2838311&use=l&cat=p&typeid=i","cat":312239},{"id":57710,"n":"Assiette Babybio bio Panais petits pois canard- 260g","p":1.87,"u":"7,19 €/KG","img":"https://fd9-photos.leclercdrive.fr/image.ashx?id=2827536&use=l&cat=p&typeid=i","cat":312238},{"id":57760,"n":"Assiette bébé soir bio Babybio Aubergine pâtes -15 mois- 260g","p":1.78,"u":"6,85 €/KG","img":"https://fd9-photos.leclercdrive.fr/image.ashx?id=2855912&use=l&cat=p&typeid=i","cat":312239},{"id":57763,"n":"Pâtes Serpentini Panzani 3 Minutes - 500g","p":1.45,"u":"2,90 €/KG","img":"https://fd9-photos.leclercdrive.fr/image.ashx?id=2896078&use=l&cat=p&typeid=i","cat":284427},{"id":57767,"n":"Tablette de chocolat noir Lindt Framboise intense - 100g","p":2.29,"u":"22,90 €/KG","img":"https://fd9-photos.leclercdrive.fr/image.ashx?id=2689484&use=l&cat=p&typeid=i","cat":318654},{"id":57768,"n":"Tablette de chocolat noir Lindt Sésame grillé - 100g","p":2.27,"u":"22,70 €/KG","img":"https://fd9-photos.leclercdrive.fr/image.ashx?id=2689490&use=l&cat=p&typeid=i","cat":284956},{"id":57772,"n":"Chocolat noir Lindt Création Menthe frappée - 150g","p":2.86,"u":"19,07 €/KG","img":"https://fd9-photos.leclercdrive.fr/image.ashx?id=2685817&use=l&cat=p&typeid=i","cat":284956},{"id":57775,"n":"Chocolat au lait Eco+ Noisette - 4x100g","p":3.08,"u":"7,70 €/KG","img":"https://fd9-photos.leclercdrive.fr/image.ashx?id=2775463&use=l&cat=p&typeid=i","cat":284497},{"id":57776,"n":"Chocolat au lait Eco+ Céréales - 4x100g","p":2.76,"u":"6,90 €/KG","img":"https://fd9-photos.leclercdrive.fr/image.ashx?id=2979325&use=l&cat=p&typeid=i","cat":284497},{"id":57779,"n":"Capsules café Plantation Espresso n°5 - x16 - 92g","p":2.69,"u":"29,24 €/KG","img":"https://fd9-photos.leclercdrive.fr/image.ashx?id=2649729&use=l&cat=p&typeid=i","cat":293239},{"id":57785,"n":"Capsules café Plantation Lungo n°6 - x16 - 99.2g","p":2.69,"u":"27,17 €/KG","img":"https://fd9-photos.leclercdrive.fr/image.ashx?id=2649735&use=l&cat=p&typeid=i","cat":293239},{"id":57786,"n":"Capsules café Plantation Gigante n°5 - x16 - 112g","p":2.99,"u":"26,70 €/KG","img":"https://fd9-photos.leclercdrive.fr/image.ashx?id=2649738&use=l&cat=p&typeid=i","cat":293239},{"id":57787,"n":"Céréales Jordans Country Crisp 4 Noix - 850g","p":4.45,"u":"5,24 €/KG","img":"https://fd9-photos.leclercdrive.fr/image.ashx?id=2860520&use=l&cat=p&typeid=i","cat":309512},{"id":57796,"n":"Bonbons KINDER Schoko-Bons Chocolat au lait - 300G","p":6.98,"u":"23,27 €/KG","img":"https://fd9-photos.leclercdrive.fr/image.ashx?id=2439692&use=l&cat=p&typeid=i","cat":304238},{"id":57804,"n":"Tomato Ketchup Heinz - 570g","p":2.29,"u":"4,02 €/KG","img":"https://fd9-photos.leclercdrive.fr/image.ashx?id=2924944&use=l&cat=p&typeid=i","cat":284455},{"id":57815,"n":"Petits pots bébé P'TITE RECETTE Spaghetti bolognaise 8m -2x200g","p":1.82,"u":"4,55 €/KG","img":"https://fd9-photos.leclercdrive.fr/image.ashx?id=2629683&use=l&cat=p&typeid=i","cat":312236},{"id":57816,"n":"Petits pots bébé P'TITE RECETTE Pot au feu 8M+ - 2x200g","p":2.12,"u":"5,30 €/KG","img":"https://fd9-photos.leclercdrive.fr/image.ashx?id=2518415&use=l&cat=p&typeid=i","cat":312236},{"id":57821,"n":"Petits pots bébé PTIT SOUPER pâtes courgettes 6M+ - 2x200g","p":2.12,"u":"5,30 €/KG","img":"https://fd9-photos.leclercdrive.fr/image.ashx?id=2526523&use=l&cat=p&typeid=i","cat":312239},{"id":57824,"n":"Petits pots bébé P'TIT SOUPER Risotto carottes 12M+ - 2x200g","p":1.95,"u":"4,88 €/KG","img":"https://fd9-photos.leclercdrive.fr/image.ashx?id=2526526&use=l&cat=p&typeid=i","cat":312239},{"id":57883,"n":"Petits pots bébé P'TITE RECETTE  riz dinde 12M+ - 2x200g","p":1.82,"u":"4,55 €/KG","img":"https://fd9-photos.leclercdrive.fr/image.ashx?id=2629686&use=l&cat=p&typeid=i","cat":312237},{"id":57956,"n":"Serviettes fuites urinaires  TENA Discreet - Mini - x20","p":3.84,"u":"0,19 €/P","img":"https://fd9-photos.leclercdrive.fr/image.ashx?id=2597241&use=l&cat=p&typeid=i","cat":284628},{"id":57958,"n":"Eau de toilette Alix De Faure Nature de feu - 100ml","p":4.55,"u":"45,50 €/L","img":"https://fd9-photos.leclercdrive.fr/image.ashx?id=2741300&use=l&cat=p&typeid=i","cat":287740},{"id":57983,"n":"Râpe Électrique Velvet Smooth Exfoliante et Contour des Pieds","p":23.9,"img":"https://fd9-photos.leclercdrive.fr/image.ashx?id=2465143&use=l&cat=p&typeid=i","cat":325354},{"id":57984,"n":"Râpe Électrique 2 en 1 Exfoliante et Lissante Pieds","p":24.39,"img":"https://fd9-photos.leclercdrive.fr/image.ashx?id=2457473&use=l&cat=p&typeid=i","cat":325354},{"id":58119,"n":"Madeleines longue pépites sucre Le Ster x20 - 250g","p":1.71,"u":"6,84 €/KG","img":"https://fd9-photos.leclercdrive.fr/image.ashx?id=2962566&use=l&cat=p&typeid=i","cat":284492},{"id":58122,"n":"Colin d'Alaska Findus Façon meuniere - x2 - 250g","p":2.99,"u":"11,96 €/KG","img":"https://fd9-photos.leclercdrive.fr/image.ashx?id=2654914&use=l&cat=p&typeid=i","cat":319788},{"id":58125,"n":"flan dany chocolat 4x100g","p":1.56,"u":"3,90 €/KG","img":"https://fd9-photos.leclercdrive.fr/image.ashx?id=2132316&use=l&cat=p&typeid=i","cat":284414},{"id":58138,"n":"Chocolat Noir Bio village Aux éclats d'amandes Bio - 100g","p":2.19,"u":"21,90 €/KG","img":"https://fd9-photos.leclercdrive.fr/image.ashx?id=2891896&use=l&cat=p&typeid=i","cat":284956},{"id":58143,"n":"Soin de jour L'Oréal Paris Age Perfect anti-âge - 50ml","p":11.97,"pp":7.9,"u":"158,00 €/L","img":"https://fd9-photos.leclercdrive.fr/image.ashx?id=2769744&use=l&cat=p&typeid=i","cat":325345},{"id":58154,"n":"Serpillère Sillage Blanche grand format 60x100","p":2.75,"img":"https://fd9-photos.leclercdrive.fr/image.ashx?id=1297317&use=l&cat=p&typeid=i","cat":284669},{"id":58164,"n":"Pelle-balayette Elephant Grande capacité - x1","p":5.58,"img":"https://fd9-photos.leclercdrive.fr/image.ashx?id=2571488&use=l&cat=p&typeid=i","cat":284669},{"id":58174,"n":"Ensemble WC Elephant Sanitized -x 1","p":9.55,"img":"https://fd9-photos.leclercdrive.fr/image.ashx?id=2575549&use=l&cat=p&typeid=i","cat":284669},{"id":58201,"n":"Désodorisant Bien Air  Senteur muguet - 300ml","p":1.09,"u":"3,63 €/L","img":"https://fd9-photos.leclercdrive.fr/image.ashx?id=2607942&use=l&cat=p&typeid=i","cat":311626},{"id":58202,"n":"Désodorisant Bien Air Floral - 300ml","p":1.09,"u":"3,63 €/L","img":"https://fd9-photos.leclercdrive.fr/image.ashx?id=2614573&use=l&cat=p&typeid=i","cat":311626},{"id":58203,"n":"Désodorisant Bien Air  Fruits rouges - 300ml","p":1.35,"u":"4,50 €/L","img":"https://fd9-photos.leclercdrive.fr/image.ashx?id=2613723&use=l&cat=p&typeid=i","cat":311626},{"id":58205,"n":"Désodorisant Bien Air Vanille - 300ml","p":1.09,"u":"3,63 €/L","img":"https://fd9-photos.leclercdrive.fr/image.ashx?id=2613726&use=l&cat=p&typeid=i","cat":311626},{"id":58206,"n":"Désodorisant Bien Air Agrume, anti-tabac - 300ml","p":1.15,"u":"3,83 €/L","img":"https://fd9-photos.leclercdrive.fr/image.ashx?id=2613729&use=l&cat=p&typeid=i","cat":311626},{"id":58214,"n":"Carré gourmand Garden Gourmet Tomates et mozzarella 160g","p":2.08,"u":"13,00 €/KG","img":"https://fd9-photos.leclercdrive.fr/image.ashx?id=3009107&use=l&cat=p&typeid=i","cat":316036},{"id":58218,"n":"Croissants Côté Table Jambon emmental - 2x170g","p":2.92,"u":"8,59 €/KG","img":"https://fd9-photos.leclercdrive.fr/image.ashx?id=2885128&use=l&cat=p&typeid=i","cat":333671},{"id":58220,"n":"Quenelles Côté Table x6 - 240g","p":1.21,"u":"5,04 €/KG","img":"https://fd9-photos.leclercdrive.fr/image.ashx?id=2858836&use=l&cat=p&typeid=i","cat":333682},{"id":58222,"n":"Nuggets Côté Croc Fromage - 180g","p":1.9,"u":"10,56 €/KG","img":"https://fd9-photos.leclercdrive.fr/image.ashx?id=2462260&use=l&cat=p&typeid=i","cat":333684},{"id":58365,"n":"Tartelettes Chocolat P'tit Déli Fourrées au lait - 225g","p":1.39,"u":"6,18 €/KG","img":"https://fd9-photos.leclercdrive.fr/image.ashx?id=2523715&use=l&cat=p&typeid=i","cat":284488},{"id":58428,"n":"Sachet fraicheur chat Sheba Boeuf poulet en sauce - 6x50g","p":2.72,"u":"9,07 €/KG","img":"https://fd9-photos.leclercdrive.fr/image.ashx?id=2895927&use=l&cat=p&typeid=i","cat":285286},{"id":58444,"n":"Cacahuètes Benenuts-Twinuts Nature format familial - 260g","p":1.92,"u":"7,38 €/KG","img":"https://fd9-photos.leclercdrive.fr/image.ashx?id=2967744&use=l&cat=p&typeid=i","cat":284448},{"id":58449,"n":"Tomates pelées entières D'aucy 238g","p":0.95,"u":"3,99 €/KG","img":"https://fd9-photos.leclercdrive.fr/image.ashx?id=2503425&use=l&cat=p&typeid=i","cat":312608},{"id":58451,"n":"Sachets repas chats Gourmet Mon Petit - Poisson - 6x50g","p":2.54,"u":"8,47 €/KG","img":"https://fd9-photos.leclercdrive.fr/image.ashx?id=2899686&use=l&cat=p&typeid=i","cat":285286},{"id":58453,"n":"Sachets repas chats Gourmet Mon Petit - Volaille - 6x50g","p":2.66,"u":"8,87 €/KG","img":"https://fd9-photos.leclercdrive.fr/image.ashx?id=2899689&use=l&cat=p&typeid=i","cat":285286},{"id":58459,"n":"Croquettes chat Purina One Adulte - Boeuf/Céréales - 1.5Kg","p":7.24,"u":"4,83 €/KG","img":"https://fd9-photos.leclercdrive.fr/image.ashx?id=2433548&use=l&cat=p&typeid=i","cat":284680},{"id":58460,"n":"Croquettes chat Purina One Boules de poils - Poulet -1.5Kg","p":8.35,"u":"5,57 €/KG","img":"https://fd9-photos.leclercdrive.fr/image.ashx?id=2868527&use=l&cat=p&typeid=i","cat":284680},{"id":58463,"n":"Gâche tranchée La Fournée Dorée 500g","p":2.2,"u":"4,40 €/KG","img":"https://fd9-photos.leclercdrive.fr/image.ashx?id=2277956&use=l&cat=p&typeid=i","cat":284478},{"id":58490,"n":"Sauce Béchamel Maggi 350ml","p":1.5,"u":"4,29 €/L","img":"https://fd9-photos.leclercdrive.fr/image.ashx?id=2977726&use=l&cat=p&typeid=i","cat":288381},{"id":58504,"n":"Bière blonde Desperados Mojito 3x33cl","p":5.54,"u":"5,60 €/L","img":"https://fd9-photos.leclercdrive.fr/image.ashx?id=2651077&use=l&cat=p&typeid=i","cat":334878},{"id":58505,"n":"Bière blonde Heineken Sans alcool - 6x25cl","p":4.52,"u":"3,01 €/L","img":"https://fd9-photos.leclercdrive.fr/image.ashx?id=2948528&use=l&cat=p&typeid=i","cat":334877},{"id":58507,"n":"Champagne grande réserve  N. Feuillatte 37,5cl","p":12.48,"u":"33,28 €/L","img":"https://fd9-photos.leclercdrive.fr/image.ashx?id=2504794&use=l&cat=p&typeid=i","cat":284542},{"id":58510,"n":"Jambon cru fumé Eco+ 14 tranches - 200g","p":1.96,"u":"9,80 €/KG","img":"https://fd9-photos.leclercdrive.fr/image.ashx?id=2779172&use=l&cat=p&typeid=i","cat":316007},{"id":58518,"n":"Tortellini à la viande Eco+ 500g","p":1.74,"u":"3,48 €/KG","img":"https://fd9-photos.leclercdrive.fr/image.ashx?id=2606795&use=l&cat=p&typeid=i","cat":333682},{"id":58525,"n":"Salade choux rouge  Menu fraîcheur - 300g","p":1.81,"u":"6,03 €/KG","img":"https://fd9-photos.leclercdrive.fr/image.ashx?id=2901458&use=l&cat=p&typeid=i","cat":333657},{"id":58547,"n":"Duo de raisins moelleux Couleurs Vives - 250g","p":2.25,"u":"9,00 €/KG","img":"https://fd9-photos.leclercdrive.fr/image.ashx?id=2290715&use=l&cat=p&typeid=i","cat":284357},{"id":58548,"n":"Sachets repas chats Purina One Sauce boeuf poulet x4 - 340g","p":2.12,"u":"6,24 €/KG","img":"https://fd9-photos.leclercdrive.fr/image.ashx?id=2468239&use=l&cat=p&typeid=i","cat":285286},{"id":58570,"n":"Friandises chien Pedigree  Récompense bœuf volaille - 155g","p":1.72,"u":"11,10 €/KG","img":"https://fd9-photos.leclercdrive.fr/image.ashx?id=2924779&use=l&cat=p&typeid=i","cat":294527},{"id":58577,"n":"Dessert bébé lacté Blédina 6m Abricot - 6x55g","p":2.28,"u":"6,91 €/KG","img":"https://fd9-photos.leclercdrive.fr/image.ashx?id=2952448&use=l&cat=p&typeid=i","cat":312392},{"id":58578,"n":"Dessert bébé lacté Blédina 6m Fraise - 6x55g","p":2.29,"u":"6,94 €/KG","img":"https://fd9-photos.leclercdrive.fr/image.ashx?id=2952451&use=l&cat=p&typeid=i","cat":312392},{"id":58613,"n":"Haricots verts Gillet  Extra fins, bocal - 345g","p":3.51,"u":"10,17 €/KG","img":"https://fd9-photos.leclercdrive.fr/image.ashx?id=1867183&use=l&cat=p&typeid=i","cat":312606},{"id":58625,"n":"Cœurs de palmiers Géant Vert - 220g","p":3.63,"u":"16,50 €/KG","img":"https://fd9-photos.leclercdrive.fr/image.ashx?id=2840560&use=l&cat=p&typeid=i","cat":312611},{"id":58628,"n":"Galettes riz bio bjorg  Complet  - 130g","p":2.47,"u":"19,00 €/KG","img":"https://fd9-photos.leclercdrive.fr/image.ashx?id=2978002&use=l&cat=p&typeid=i","cat":318651},{"id":58629,"n":"galettes de maïs bio bjorg Extra fines - 130g","p":1.43,"u":"11,00 €/KG","img":"https://fd9-photos.leclercdrive.fr/image.ashx?id=2978005&use=l&cat=p&typeid=i","cat":318651},{"id":58634,"n":"Soupe 12 légumes Knorr Fromage frais  - 1L","p":2.48,"u":"2,48 €/L","img":"https://fd9-photos.leclercdrive.fr/image.ashx?id=2656249&use=l&cat=p&typeid=i","cat":284462},{"id":58635,"n":"Soupe Douceur automne Knorr Crème fraîche - 1L","p":2.37,"u":"2,37 €/L","img":"https://fd9-photos.leclercdrive.fr/image.ashx?id=2212824&use=l&cat=p&typeid=i","cat":284462},{"id":58646,"n":"Fromage AOP Comté Jura Flore 9 mois - 200g","p":4.21,"u":"21,05 €/KG","img":"https://fd9-photos.leclercdrive.fr/image.ashx?id=2765243&use=l&cat=p&typeid=i","cat":314036},{"id":58648,"n":"Comté AOP  15 mois - 200g","p":5.13,"u":"25,65 €/KG","img":"https://fd9-photos.leclercdrive.fr/image.ashx?id=2692575&use=l&cat=p&typeid=i","cat":314034},{"id":58652,"n":"Pizza à partager Turini 3 fromages - 500g","p":2.79,"u":"5,58 €/KG","img":"https://fd9-photos.leclercdrive.fr/image.ashx?id=2816588&use=l&cat=p&typeid=i","cat":284256},{"id":58655,"n":"Poêlée fermière Notre Jardin 750g","p":2.89,"u":"3,85 €/KG","img":"https://fd9-photos.leclercdrive.fr/image.ashx?id=2878597&use=l&cat=p&typeid=i","cat":319823},{"id":58676,"n":"Saucisses fumées Férial x4 - 360g","p":3.99,"u":"11,08 €/KG","img":"https://fd9-photos.leclercdrive.fr/image.ashx?id=2693156&use=l&cat=p&typeid=i","cat":316012},{"id":58681,"n":"Légumes potage potiron carottes Notre jardin - 1 kg","p":1.91,"u":"1,91 €/KG","img":"https://fd9-photos.leclercdrive.fr/image.ashx?id=2900136&use=l&cat=p&typeid=i","cat":319805},{"id":58689,"n":"Magret de canard Sud Ouest NRT Piment Espelette - 90g","p":3.99,"u":"44,33 €/KG","img":"https://fd9-photos.leclercdrive.fr/image.ashx?id=2974858&use=l&cat=p&typeid=i","cat":284339},{"id":58716,"n":"Duo de Courgettes Notre Jardin Tomates - 900g","p":2.45,"u":"2,72 €/KG","img":"https://fd9-photos.leclercdrive.fr/image.ashx?id=2404290&use=l&cat=p&typeid=i","cat":319823},{"id":58740,"n":"Haché à cuisiner Charal Happy Family - 600g","p":7.78,"u":"12,97 €/KG","img":"https://fd9-photos.leclercdrive.fr/image.ashx?id=2977330&use=l&cat=p&typeid=i","cat":319779},{"id":58876,"n":"Gingembre Barquette 150g","p":2.29,"u":"15,27 €/KG","img":"https://fd9-photos.leclercdrive.fr/image.ashx?id=1632168&use=l&cat=p&typeid=i","cat":284352},{"id":58939,"n":"Yaourt à boire Actimel fraise - 12x100g","p":4.12,"u":"3,43 €/KG","img":"https://fd9-photos.leclercdrive.fr/image.ashx?id=2996458&use=l&cat=p&typeid=i","cat":284415},{"id":58944,"n":"Yaourts à boire Actimel Nature - 12x100g","p":3.97,"u":"3,31 €/KG","img":"https://fd9-photos.leclercdrive.fr/image.ashx?id=2996461&use=l&cat=p&typeid=i","cat":284415},{"id":58970,"n":"Crémant Bourgogne Veuve Ambal AOP Brut millésimé - 75cl","p":8.4,"u":"11,20 €/L","img":"https://fd9-photos.leclercdrive.fr/image.ashx?id=2887815&use=l&cat=p&typeid=i","cat":284544},{"id":58974,"n":"Amer Preiss 15° - 1L","p":7.55,"u":"7,55 €/L","img":"https://fd9-photos.leclercdrive.fr/image.ashx?id=2178722&use=l&cat=p&typeid=i","cat":286032},{"id":58980,"n":"Pomme de terre 1kg","p":1.99,"u":"1,99 €/KG","img":"https://fd9-photos.leclercdrive.fr/image.ashx?id=1634312&use=l&cat=p&typeid=i","cat":284352},{"id":59025,"n":"Pur beurre cacahuète Jardin Bio Bio - 350g","p":3.78,"u":"10,80 €/KG","img":"https://fd9-photos.leclercdrive.fr/image.ashx?id=3000312&use=l&cat=p&typeid=i","cat":284481},{"id":59027,"n":"Dessert fruitier bio Jardin Bio Pomme nature - 680g","p":2.64,"u":"3,88 €/KG","img":"https://fd9-photos.leclercdrive.fr/image.ashx?id=2999297&use=l&cat=p&typeid=i","cat":284508},{"id":59028,"n":"Boisson Détox Jardin Bio' Citron Thé Vert Gingembre -50cl","p":3.5,"u":"7,00 €/L","img":"https://fd9-photos.leclercdrive.fr/image.ashx?id=2740784&use=l&cat=p&typeid=i","cat":284915},{"id":59041,"n":"Céréales Extra Kellogg's Chocolat au lait - 800g","p":4.85,"u":"6,06 €/KG","img":"https://fd9-photos.leclercdrive.fr/image.ashx?id=2694941&use=l&cat=p&typeid=i","cat":309512},{"id":59043,"n":"Lait en poudre Régilait Entier - 300g","p":2.92,"u":"9,73 €/KG","img":"https://fd9-photos.leclercdrive.fr/image.ashx?id=2110074&use=l&cat=p&typeid=i","cat":293236},{"id":59091,"n":"Gousse vanille Vahiné Papouasie - 3g","p":4.0,"img":"https://fd9-photos.leclercdrive.fr/image.ashx?id=2559877&use=l&cat=p&typeid=i","cat":284504},{"id":59213,"n":"Dosettes Café Carte Noire  Arabica Classique n5 x60 - 420g","p":9.27,"u":"22,07 €/KG","img":"https://fd9-photos.leclercdrive.fr/image.ashx?id=2922191&use=l&cat=p&typeid=i","cat":293238},{"id":59235,"n":"Café dosettes Tassimo L'Or Café Long Classique x24","p":6.62,"u":"42,44 €/KG","img":"https://fd9-photos.leclercdrive.fr/image.ashx?id=2100356&use=l&cat=p&typeid=i","cat":293240},{"id":59242,"n":"Gourde bébé Babybio Bio 6 mois Abricot/banane/pomme - 360g","p":2.89,"u":"8,03 €/KG","img":"https://fd9-photos.leclercdrive.fr/image.ashx?id=2850548&use=l&cat=p&typeid=i","cat":312393},{"id":59249,"n":"Huile de coco Jardin Bio Bio - 200ml","p":3.87,"u":"19,35 €/L","img":"https://fd9-photos.leclercdrive.fr/image.ashx?id=2790135&use=l&cat=p&typeid=i","cat":284453},{"id":59251,"n":"Ravioli Jardin Bio  Bio légumes - 250g","p":2.03,"u":"8,12 €/KG","img":"https://fd9-photos.leclercdrive.fr/image.ashx?id=2535568&use=l&cat=p&typeid=i","cat":287600},{"id":59252,"n":"Café dosettes Tassimo Maxwell House - caramel x8","p":6.07,"u":"22,65 €/KG","img":"https://fd9-photos.leclercdrive.fr/image.ashx?id=2100254&use=l&cat=p&typeid=i","cat":293240},{"id":59253,"n":"Café dosettes Tassimo L'Or Petit Déjeuner Classique x24","p":6.63,"u":"33,32 €/KG","img":"https://fd9-photos.leclercdrive.fr/image.ashx?id=2100365&use=l&cat=p&typeid=i","cat":293240},{"id":59257,"n":"Café dosettes Tassimo Grand-mère - petit déjeuner x16","p":3.51,"u":"26,39 €/KG","img":"https://fd9-photos.leclercdrive.fr/image.ashx?id=2100359&use=l&cat=p&typeid=i","cat":293240},{"id":59271,"n":"Sauce tomate cuisinée Panzani Ail et oignon - 500g","p":1.73,"u":"3,46 €/KG","img":"https://fd9-photos.leclercdrive.fr/image.ashx?id=2884303&use=l&cat=p&typeid=i","cat":288384},{"id":59277,"n":"Bonbons acidulés têtes brûlées Fraise/framboise-kitache-135g","p":2.11,"u":"15,63 €/KG","img":"https://fd9-photos.leclercdrive.fr/image.ashx?id=3008650&use=l&cat=p&typeid=i","cat":304250},{"id":59284,"n":"Maoam Mixx Haribo Sachet bonbons - 250g","p":1.69,"u":"6,76 €/KG","img":"https://fd9-photos.leclercdrive.fr/image.ashx?id=2876956&use=l&cat=p&typeid=i","cat":304250},{"id":59287,"n":"Cornichons Rustica 6 épices - 360g","p":2.31,"u":"6,42 €/KG","img":"https://fd9-photos.leclercdrive.fr/image.ashx?id=2916710&use=l&cat=p&typeid=i","cat":284458},{"id":59291,"n":"Sauce bolognaise Bio Village  Bio - 350g","p":1.69,"u":"4,83 €/KG","img":"https://fd9-photos.leclercdrive.fr/image.ashx?id=2753381&use=l&cat=p&typeid=i","cat":287599},{"id":59292,"n":"Œufs au plat Haribo Sachet bonbons - 300g","p":1.62,"u":"5,40 €/KG","img":"https://fd9-photos.leclercdrive.fr/image.ashx?id=2984892&use=l&cat=p&typeid=i","cat":304250},{"id":59293,"n":"Sauce provençale Bio Village  Bio - 350g","p":1.63,"u":"4,66 €/KG","img":"https://fd9-photos.leclercdrive.fr/image.ashx?id=2712995&use=l&cat=p&typeid=i","cat":287599},{"id":59296,"n":"Sauce tomate Bio Village  Basilic bio - 350g","p":1.63,"u":"4,66 €/KG","img":"https://fd9-photos.leclercdrive.fr/image.ashx?id=2696289&use=l&cat=p&typeid=i","cat":287599},{"id":59299,"n":"Bonbons KINDER Schoko-Bons Chocolat au lait - 225G","p":3.63,"u":"16,13 €/KG","img":"https://fd9-photos.leclercdrive.fr/image.ashx?id=2679633&use=l&cat=p&typeid=i","cat":304238},{"id":59305,"n":"Sauce American Burger Heinz - 230g","p":1.84,"u":"8,00 €/KG","img":"https://fd9-photos.leclercdrive.fr/image.ashx?id=2973354&use=l&cat=p&typeid=i","cat":318431},{"id":59307,"n":"Miami Pik Haribo Sachet bonbons acidulés - 200g","p":1.38,"u":"6,90 €/KG","img":"https://fd9-photos.leclercdrive.fr/image.ashx?id=2984895&use=l&cat=p&typeid=i","cat":304250},{"id":59311,"n":"Olives Apéro Tramier  À l'Ail 150g","p":2.11,"u":"14,07 €/KG","img":"https://fd9-photos.leclercdrive.fr/image.ashx?id=2639299&use=l&cat=p&typeid=i","cat":284458},{"id":59314,"n":"Huile d'Olive Tramier  Vierge Extra Biologique 75cl","p":9.15,"u":"12,20 €/L","img":"https://fd9-photos.leclercdrive.fr/image.ashx?id=2803916&use=l&cat=p&typeid=i","cat":284453},{"id":59318,"n":"Caserecce Tradizioni d'Italia N°168 - 500g","p":1.69,"u":"3,38 €/KG","img":"https://fd9-photos.leclercdrive.fr/image.ashx?id=2657313&use=l&cat=p&typeid=i","cat":284427},{"id":59319,"n":"Penne rigate Tradizioni Italia N°133 - 500g","p":1.52,"u":"3,04 €/KG","img":"https://fd9-photos.leclercdrive.fr/image.ashx?id=2657316&use=l&cat=p&typeid=i","cat":284427},{"id":59324,"n":"Pipe rigate Tradizioni d'Italia N°179 - 500g","p":1.59,"u":"3,18 €/KG","img":"https://fd9-photos.leclercdrive.fr/image.ashx?id=2657319&use=l&cat=p&typeid=i","cat":284427},{"id":59327,"n":"Pâtes de fruits St Siffrein  4 saisons - 720g","p":6.24,"u":"8,67 €/KG","img":"https://fd9-photos.leclercdrive.fr/image.ashx?id=2504176&use=l&cat=p&typeid=i","cat":304249},{"id":59336,"n":"Barquette chien Cesar Terrine poulet - 300g","p":1.62,"u":"5,40 €/KG","img":"https://fd9-photos.leclercdrive.fr/image.ashx?id=2091323&use=l&cat=p&typeid=i","cat":284673},{"id":59339,"n":"Barquette chien sénior Cesar Terrine en gelée - 4x150g","p":3.96,"u":"6,60 €/KG","img":"https://fd9-photos.leclercdrive.fr/image.ashx?id=2091320&use=l&cat=p&typeid=i","cat":284673},{"id":59340,"n":"Barquette chien Cesar Terrine cœur légumes - 4x150g","p":4.07,"u":"6,78 €/KG","img":"https://fd9-photos.leclercdrive.fr/image.ashx?id=2091317&use=l&cat=p&typeid=i","cat":284673},{"id":59341,"n":"Barquette chien Cesar Terrine du jardin - 4x150g","p":3.59,"u":"5,98 €/KG","img":"https://fd9-photos.leclercdrive.fr/image.ashx?id=2091314&use=l&cat=p&typeid=i","cat":284673},{"id":59343,"n":"Pâtes Tradizioni d'Italia Linguine n°121 - 500g","p":1.52,"u":"3,04 €/KG","img":"https://fd9-photos.leclercdrive.fr/image.ashx?id=2657322&use=l&cat=p&typeid=i","cat":284427},{"id":59344,"n":"Barquette chien Cesar Terrine du jardin - 4x300g","p":6.53,"u":"5,44 €/KG","img":"https://fd9-photos.leclercdrive.fr/image.ashx?id=2091308&use=l&cat=p&typeid=i","cat":284673},{"id":59345,"n":"Rigatoni Tradizioni d'Italia N°124 - 500g","p":1.69,"u":"3,38 €/KG","img":"https://fd9-photos.leclercdrive.fr/image.ashx?id=2657325&use=l&cat=p&typeid=i","cat":284427},{"id":59348,"n":"Taralli pouille Huile d'olive - 400g","p":3.08,"u":"7,70 €/KG","img":"https://fd9-photos.leclercdrive.fr/image.ashx?id=2670524&use=l&cat=p&typeid=i","cat":297000},{"id":59382,"n":"Grissini Grangrissi 300g","p":2.61,"u":"8,70 €/KG","img":"https://fd9-photos.leclercdrive.fr/image.ashx?id=2743927&use=l&cat=p&typeid=i","cat":297000},{"id":59407,"n":"Biscuits Choc&Choc Milka  175g","p":1.98,"u":"11,31 €/KG","img":"https://fd9-photos.leclercdrive.fr/image.ashx?id=2314599&use=l&cat=p&typeid=i","cat":284495},{"id":59426,"n":"Biscuits petit déjeuner Belvita Chocolat noisettes - 253g","p":2.02,"u":"7,98 €/KG","img":"https://fd9-photos.leclercdrive.fr/image.ashx?id=2346681&use=l&cat=p&typeid=i","cat":284491},{"id":59499,"n":"Bière Chouffe Blonde 75cl","p":4.61,"u":"6,15 €/L","img":"https://fd9-photos.leclercdrive.fr/image.ashx?id=2959199&use=l&cat=p&typeid=i","cat":334872},{"id":59501,"n":"Bière Chimay Grande Réserve 75cl","p":4.5,"u":"6,00 €/L","img":"https://fd9-photos.leclercdrive.fr/image.ashx?id=1758852&use=l&cat=p&typeid=i","cat":334872},{"id":59508,"n":"Bière Delirium Tremens Blonde 75cl","p":5.67,"u":"7,56 €/L","img":"https://fd9-photos.leclercdrive.fr/image.ashx?id=1868263&use=l&cat=p&typeid=i","cat":334872},{"id":59539,"n":"Pêches Douceur du Verger Sirop léger - 230 g","p":1.26,"u":"5,48 €/KG","img":"https://fd9-photos.leclercdrive.fr/image.ashx?id=2666468&use=l&cat=p&typeid=i","cat":284507},{"id":59563,"n":"Galette de maïs GERBLE Chocolat au lait - 124g","p":1.88,"u":"15,16 €/KG","img":"https://fd9-photos.leclercdrive.fr/image.ashx?id=2664034&use=l&cat=p&typeid=i","cat":318651},{"id":59564,"n":"Galette riz chocolat Gerblé   Chocolat noir - 130,4g","p":1.9,"u":"14,62 €/KG","img":"https://fd9-photos.leclercdrive.fr/image.ashx?id=2664037&use=l&cat=p&typeid=i","cat":318651},{"id":59565,"n":"Pâte à tartiner Nustikao 1kg","p":4.25,"u":"4,25 €/KG","img":"https://fd9-photos.leclercdrive.fr/image.ashx?id=3012860&use=l&cat=p&typeid=i","cat":284481},{"id":59570,"n":"Oignon Cébette  1 botte","p":1.48,"img":"https://fd9-photos.leclercdrive.fr/image.ashx?id=1631454&use=l&cat=p&typeid=i","cat":284352},{"id":59589,"n":"Boisson base vodka Eristoff Red 18° - 70cl","p":11.14,"u":"15,91 €/L","img":"https://fd9-photos.leclercdrive.fr/image.ashx?id=2858258&use=l&cat=p&typeid=i","cat":284550},{"id":59591,"n":"Boisson base vodka Eristoff Black 18° - 70cl","p":11.32,"u":"16,17 €/L","img":"https://fd9-photos.leclercdrive.fr/image.ashx?id=2842882&use=l&cat=p&typeid=i","cat":284550},{"id":59601,"n":"Bière blonde 3 Monts 6x33cl","p":8.02,"u":"4,05 €/L","img":"https://fd9-photos.leclercdrive.fr/image.ashx?id=2548189&use=l&cat=p&typeid=i","cat":334852},{"id":59618,"n":"Soupe Knorr Tomates/mozza - 1L","p":2.62,"u":"2,62 €/L","img":"https://fd9-photos.leclercdrive.fr/image.ashx?id=2408258&use=l&cat=p&typeid=i","cat":284462},{"id":59655,"n":"Dentifrice Email Diamant Rouge - 75ml","p":3.63,"u":"48,40 €/L","img":"https://fd9-photos.leclercdrive.fr/image.ashx?id=1781297&use=l&cat=p&typeid=i","cat":284612},{"id":59676,"n":"Biscuits Mini BN  Goûter à la fraise - 350g","p":2.59,"u":"7,40 €/KG","img":"https://fd9-photos.leclercdrive.fr/image.ashx?id=2748215&use=l&cat=p&typeid=i","cat":284489},{"id":59678,"n":"Sardines Saupiquet  Entières au piment  - 120g","p":1.27,"u":"10,58 €/KG","img":"https://fd9-photos.leclercdrive.fr/image.ashx?id=2332216&use=l&cat=p&typeid=i","cat":305146},{"id":59687,"n":"Sardines Connetable Olive/citron - 135g","p":2.64,"u":"19,56 €/KG","img":"https://fd9-photos.leclercdrive.fr/image.ashx?id=2618951&use=l&cat=p&typeid=i","cat":305146},{"id":59695,"n":"Yaourt à la grecque YAOS Vanille - 4x125g","p":2.84,"u":"5,68 €/KG","img":"https://fd9-photos.leclercdrive.fr/image.ashx?id=3007972&use=l&cat=p&typeid=i","cat":314999},{"id":59713,"n":"Gros cornichons Rustica  Aigre doux - 850g","p":2.69,"u":"3,16 €/KG","img":"https://fd9-photos.leclercdrive.fr/image.ashx?id=2916707&use=l&cat=p&typeid=i","cat":284458},{"id":59714,"n":"Cacahuètes Tokapi  Grillées à sec - 200g","p":0.78,"u":"3,90 €/KG","img":"https://fd9-photos.leclercdrive.fr/image.ashx?id=2799781&use=l&cat=p&typeid=i","cat":284448},{"id":59715,"n":"Double concentré de tomates Tube - 200g","p":1.35,"u":"6,75 €/KG","img":"https://fd9-photos.leclercdrive.fr/image.ashx?id=2072728&use=l&cat=p&typeid=i","cat":288384},{"id":59722,"n":"Crème légère semi-épaisse  Bridélice 18%mg - 3x20cl","p":2.44,"u":"4,07 €/L","img":"https://fd9-photos.leclercdrive.fr/image.ashx?id=2904733&use=l&cat=p&typeid=i","cat":284381},{"id":59724,"n":"Soupe de poissons Gastromer 1kg","p":2.24,"u":"2,24 €/KG","img":"https://fd9-photos.leclercdrive.fr/image.ashx?id=1713966&use=l&cat=p&typeid=i","cat":285192},{"id":59725,"n":"Bâtonnets Surimi Saveur Coraya  x12 - 180g","p":2.1,"u":"11,67 €/KG","img":"https://fd9-photos.leclercdrive.fr/image.ashx?id=2962677&use=l&cat=p&typeid=i","cat":285189},{"id":59733,"n":"Allumettes Flam'up 304 Diva - x70","p":4.21,"u":"0,06 €/P","img":"https://fd9-photos.leclercdrive.fr/image.ashx?id=3008344&use=l&cat=p&typeid=i","cat":300578},{"id":59751,"n":"Rollmops au vinaigre  MSC Ronde des mers - 400g","p":2.29,"u":"5,73 €/KG","img":"https://fd9-photos.leclercdrive.fr/image.ashx?id=2686470&use=l&cat=p&typeid=i","cat":285190},{"id":59774,"n":"Sérum physiologique Biolane 30x5ml","p":3.8,"u":"25,33 €/L","img":"https://fd9-photos.leclercdrive.fr/image.ashx?id=2733232&use=l&cat=p&typeid=i","cat":284741},{"id":59832,"n":"Secret de crème Président Semi-épaisse 25%mg - 3x20cl","p":4.31,"u":"7,18 €/L","img":"https://fd9-photos.leclercdrive.fr/image.ashx?id=2699861&use=l&cat=p&typeid=i","cat":284381},{"id":59840,"n":"Charbon de bois 2.5kg","p":4.75,"u":"1,90 €/KG","img":"https://fd9-photos.leclercdrive.fr/image.ashx?id=595950&use=l&cat=p&typeid=i","cat":335917},{"id":60015,"n":"Pancakes Pasquier x10 - 350g","p":1.99,"u":"5,69 €/KG","img":"https://fd9-photos.leclercdrive.fr/image.ashx?id=2688878&use=l&cat=p&typeid=i","cat":284495},{"id":60019,"n":"Pois chiches Olabe  400g","p":1.28,"u":"3,20 €/KG","img":"https://fd9-photos.leclercdrive.fr/image.ashx?id=2110548&use=l&cat=p&typeid=i","cat":312609},{"id":60029,"n":"Brioche Harrys Mini Tressée Nature au sucre perlé - 210g","p":2.1,"u":"10,00 €/KG","img":"https://fd9-photos.leclercdrive.fr/image.ashx?id=2667742&use=l&cat=p&typeid=i","cat":284478},{"id":60051,"n":"Gâteaux Lulu L'Ourson Fraise - 150g","p":1.45,"u":"9,67 €/KG","img":"https://fd9-photos.leclercdrive.fr/image.ashx?id=3008050&use=l&cat=p&typeid=i","cat":284495},{"id":60138,"n":"Bûche de chèvre Bio Soignon 180g","p":3.26,"u":"18,11 €/KG","img":"https://fd9-photos.leclercdrive.fr/image.ashx?id=2676741&use=l&cat=p&typeid=i","cat":314031},{"id":60140,"n":"Falafels Céréal Bio  Pois chiches épinards Bio- 180g","p":2.64,"u":"14,67 €/KG","img":"https://fd9-photos.leclercdrive.fr/image.ashx?id=2657430&use=l&cat=p&typeid=i","cat":316036},{"id":60165,"n":"Boisson végétale Alpro noisette - 1l","p":2.22,"u":"2,22 €/L","img":"https://fd9-photos.leclercdrive.fr/image.ashx?id=2849602&use=l&cat=p&typeid=i","cat":316067},{"id":60168,"n":"fromage blanc jockey Nature 3%MG - 8x100g","p":2.63,"u":"3,29 €/KG","img":"https://fd9-photos.leclercdrive.fr/image.ashx?id=2230369&use=l&cat=p&typeid=i","cat":284409},{"id":60171,"n":"boisson végétale lait d'amande grillée alpro -1l","p":2.2,"u":"2,20 €/L","img":"https://fd9-photos.leclercdrive.fr/image.ashx?id=2988671&use=l&cat=p&typeid=i","cat":316067},{"id":60174,"n":"Madeleine Bonne Maman  Chocolat au lait x10 - 300g","p":3.34,"u":"11,13 €/KG","img":"https://fd9-photos.leclercdrive.fr/image.ashx?id=2949940&use=l&cat=p&typeid=i","cat":284492},{"id":60175,"n":"Madeleines St Michel  Oeuf en plein air - 1kg","p":3.98,"u":"3,98 €/KG","img":"https://fd9-photos.leclercdrive.fr/image.ashx?id=2936194&use=l&cat=p&typeid=i","cat":284492},{"id":60192,"n":"Pancakes Le Ster  x8 - 280g","p":2.07,"u":"7,39 €/KG","img":"https://fd9-photos.leclercdrive.fr/image.ashx?id=2827215&use=l&cat=p&typeid=i","cat":284495},{"id":60204,"n":"Crêpes de landerneau Le Ster Le pâtissier x12 - 300g","p":2.17,"u":"7,23 €/KG","img":"https://fd9-photos.leclercdrive.fr/image.ashx?id=2962860&use=l&cat=p&typeid=i","cat":284494},{"id":60258,"n":"AOP Côteaux Varois en Provence Rosé Estandon Lumière - 75cl","p":7.5,"u":"10,00 €/L","img":"https://fd9-photos.leclercdrive.fr/image.ashx?id=2889460&use=l&cat=p&typeid=i","cat":289558},{"id":60382,"n":"Soin de jour L'Oréal Paris Age Perfect anti-rides - 50ml","p":11.97,"pp":7.9,"u":"158,00 €/L","img":"https://fd9-photos.leclercdrive.fr/image.ashx?id=2860355&use=l&cat=p&typeid=i","cat":325345},{"id":60432,"n":"Crème teintée Nivea visage BB crème light - 2x50ml","p":15.78,"u":"157,80 €/L","img":"https://fd9-photos.leclercdrive.fr/image.ashx?id=1749395&use=l&cat=p&typeid=i","cat":325345},{"id":60463,"n":"AOP Côtes de Provence Vin rosé M de Minuty - 75cl","p":18.5,"u":"24,67 €/L","img":"https://fd9-photos.leclercdrive.fr/image.ashx?id=2464159&use=l&cat=p&typeid=i","cat":289558},{"id":60538,"n":"Purée Délice Bonduelle Duo douceur - 780g","p":3.39,"u":"4,35 €/KG","img":"https://fd9-photos.leclercdrive.fr/image.ashx?id=2996521&use=l&cat=p&typeid=i","cat":319805},{"id":60587,"n":"Bûche de chèvre Président 180g","p":1.99,"u":"11,06 €/KG","img":"https://fd9-photos.leclercdrive.fr/image.ashx?id=2454088&use=l&cat=p&typeid=i","cat":314031},{"id":60588,"n":"Emmental Président 250g","p":2.92,"u":"11,68 €/KG","img":"https://fd9-photos.leclercdrive.fr/image.ashx?id=2752942&use=l&cat=p&typeid=i","cat":314034},{"id":60607,"n":"Tarte meringuée Citron 650g","p":9.5,"u":"14,62 €/KG","img":"https://fd9-photos.leclercdrive.fr/image.ashx?id=2315988&use=l&cat=p&typeid=i","cat":284360},{"id":60692,"n":"Bêtises de Cambrai NRT  200g","p":2.49,"u":"12,45 €/KG","img":"https://fd9-photos.leclercdrive.fr/image.ashx?id=2771414&use=l&cat=p&typeid=i","cat":304250},{"id":60693,"n":"Chocolat au lait Alter Eco Caramel beurre salé bio - 100g","p":2.57,"u":"25,70 €/KG","img":"https://fd9-photos.leclercdrive.fr/image.ashx?id=2923016&use=l&cat=p&typeid=i","cat":284497},{"id":60694,"n":"Avoine Alpina Savoie Bio - 500g","p":1.96,"u":"3,92 €/KG","img":"https://fd9-photos.leclercdrive.fr/image.ashx?id=2844554&use=l&cat=p&typeid=i","cat":309512},{"id":60774,"n":"Bière blonde Leffe 6,6% - 6x25cl","p":4.94,"u":"3,29 €/L","img":"https://fd9-photos.leclercdrive.fr/image.ashx?id=2995421&use=l&cat=p&typeid=i","cat":334852},{"id":60775,"n":"Dés de jambon Herta  2x75g","p":2.02,"u":"13,47 €/KG","img":"https://fd9-photos.leclercdrive.fr/image.ashx?id=2877133&use=l&cat=p&typeid=i","cat":316011},{"id":60777,"n":"Brique de brebis Lou Pérac Fromage de brebis - 150g","p":2.98,"u":"19,87 €/KG","img":"https://fd9-photos.leclercdrive.fr/image.ashx?id=2785154&use=l&cat=p&typeid=i","cat":314031},{"id":60778,"n":"Tranche Salakis Fromage de brebis - 200g","p":2.8,"u":"14,00 €/KG","img":"https://fd9-photos.leclercdrive.fr/image.ashx?id=2729710&use=l&cat=p&typeid=i","cat":314026},{"id":60886,"n":"Mozzarella Galbani 125g","p":0.99,"u":"7,92 €/KG","img":"https://fd9-photos.leclercdrive.fr/image.ashx?id=2765381&use=l&cat=p&typeid=i","cat":314026},{"id":60890,"n":"Chaussée aux moines 340g","p":3.15,"u":"9,26 €/KG","img":"https://fd9-photos.leclercdrive.fr/image.ashx?id=2830030&use=l&cat=p&typeid=i","cat":329184},{"id":60891,"n":"Camembert Président 250g","p":1.78,"u":"7,12 €/KG","img":"https://fd9-photos.leclercdrive.fr/image.ashx?id=2878873&use=l&cat=p&typeid=i","cat":314033},{"id":60892,"n":"Emmental râpé fondant Président 200g","p":2.11,"u":"10,55 €/KG","img":"https://fd9-photos.leclercdrive.fr/image.ashx?id=2488455&use=l&cat=p&typeid=i","cat":314035},{"id":60893,"n":"Brique fondante Président Fondante - 200g","p":2.51,"u":"12,55 €/KG","img":"https://fd9-photos.leclercdrive.fr/image.ashx?id=2652840&use=l&cat=p&typeid=i","cat":314033},{"id":60930,"n":"Thé Earl Grey Twinings x25 sachets - 50g","p":2.08,"u":"41,60 €/KG","img":"https://fd9-photos.leclercdrive.fr/image.ashx?id=2889817&use=l&cat=p&typeid=i","cat":293233},{"id":60931,"n":"Thé Ceylan Scotland Twinings x20 - 40g","p":2.54,"u":"63,50 €/KG","img":"https://fd9-photos.leclercdrive.fr/image.ashx?id=2893024&use=l&cat=p&typeid=i","cat":293233},{"id":60957,"n":"Boisson énergisante Red Bull Goût Myrtille, 250ml","p":1.32,"u":"5,28 €/L","img":"https://fd9-photos.leclercdrive.fr/image.ashx?id=2174528&use=l&cat=p&typeid=i","cat":284533},{"id":60974,"n":"Pur jus Tropicana Orange Pure Premium Sans pulpe - 1L","p":2.51,"u":"2,51 €/L","img":"https://fd9-photos.leclercdrive.fr/image.ashx?id=2586186&use=l&cat=p&typeid=i","cat":284521},{"id":60978,"n":"Roquefort AOP Société Fromage de brebis - 150g","p":3.01,"u":"20,07 €/KG","img":"https://fd9-photos.leclercdrive.fr/image.ashx?id=2729713&use=l&cat=p&typeid=i","cat":314032},{"id":61019,"n":"Camembert de Campagne Président 250g","p":2.52,"u":"10,08 €/KG","img":"https://fd9-photos.leclercdrive.fr/image.ashx?id=2892559&use=l&cat=p&typeid=i","cat":314033},{"id":61021,"n":"Risotto champignon poulet Marie 900g","p":4.34,"u":"4,82 €/KG","img":"https://fd9-photos.leclercdrive.fr/image.ashx?id=2996755&use=l&cat=p&typeid=i","cat":284254},{"id":61166,"n":"Mousse Maronsui's La Laitière Crème de marrons 8x68,8g","p":3.48,"u":"6,33 €/KG","img":"https://fd9-photos.leclercdrive.fr/image.ashx?id=3010969&use=l&cat=p&typeid=i","cat":284417},{"id":61167,"n":"Crème légère épaisse Bridélice 15%mg - 497g","p":1.98,"u":"3,98 €/KG","img":"https://fd9-photos.leclercdrive.fr/image.ashx?id=2996578&use=l&cat=p&typeid=i","cat":284381},{"id":61169,"n":"Petit suisse NESQUIK Chocolat 6x60g","p":1.63,"u":"4,53 €/KG","img":"https://fd9-photos.leclercdrive.fr/image.ashx?id=3007933&use=l&cat=p&typeid=i","cat":284414},{"id":61172,"n":"Yaourts à la Grecque Délisse Citron - 4x150g","p":2.38,"u":"3,97 €/KG","img":"https://fd9-photos.leclercdrive.fr/image.ashx?id=2699714&use=l&cat=p&typeid=i","cat":314999},{"id":61174,"n":"Œuf Coque Tout Frais Tout Français - x6","p":1.97,"u":"0,33 €/P","img":"https://fd9-photos.leclercdrive.fr/image.ashx?id=2988638&use=l&cat=p&typeid=i","cat":284378},{"id":61293,"n":"Boisson Jafaden Orange carotte citron - 1L","p":1.89,"u":"1,89 €/L","img":"https://fd9-photos.leclercdrive.fr/image.ashx?id=2956753&use=l&cat=p&typeid=i","cat":284917},{"id":61596,"n":"Sauce au poivre Rustica Pot - 245g","p":1.13,"u":"4,61 €/KG","img":"https://fd9-photos.leclercdrive.fr/image.ashx?id=2954373&use=l&cat=p&typeid=i","cat":318430},{"id":61597,"n":"Sauce bourguignonne Rustica Pot - 250g","p":1.01,"u":"4,04 €/KG","img":"https://fd9-photos.leclercdrive.fr/image.ashx?id=2954376&use=l&cat=p&typeid=i","cat":318430},{"id":61605,"n":"Sauce barbecue Rustica Flacon souple - 280g","p":1.39,"u":"4,96 €/KG","img":"https://fd9-photos.leclercdrive.fr/image.ashx?id=2559704&use=l&cat=p&typeid=i","cat":318431},{"id":61607,"n":"Sauce andalousie Rustica Flacon souple - 249g","p":1.68,"u":"6,75 €/KG","img":"https://fd9-photos.leclercdrive.fr/image.ashx?id=2459153&use=l&cat=p&typeid=i","cat":318431},{"id":61626,"n":"Cocktail Douceur du Verger 4 fruits - Sirop léger - 250 g","p":1.5,"u":"6,00 €/KG","img":"https://fd9-photos.leclercdrive.fr/image.ashx?id=2783026&use=l&cat=p&typeid=i","cat":284507},{"id":61628,"n":"Fruits au sirop St Mamet Pêches - 245g","p":1.76,"u":"7,18 €/KG","img":"https://fd9-photos.leclercdrive.fr/image.ashx?id=2628428&use=l&cat=p&typeid=i","cat":284507},{"id":61634,"n":"Poires Douceur du Verger Sirop léger - 455 g","p":1.95,"u":"4,29 €/KG","img":"https://fd9-photos.leclercdrive.fr/image.ashx?id=2783020&use=l&cat=p&typeid=i","cat":284507},{"id":61638,"n":"Lentilles Préparées Cassegrain Tendres et Fondantes 460g","p":2.64,"u":"5,74 €/KG","img":"https://fd9-photos.leclercdrive.fr/image.ashx?id=3011047&use=l&cat=p&typeid=i","cat":312609},{"id":61697,"n":"Eponges Spontex Multicolore - x3","p":1.72,"u":"0,57 €/P","img":"https://fd9-photos.leclercdrive.fr/image.ashx?id=2972847&use=l&cat=p&typeid=i","cat":284667},{"id":61706,"n":"Beurre Grand Fermage Demi-sel - 80% MG - 500g","p":5.4,"u":"10,80 €/KG","img":"https://fd9-photos.leclercdrive.fr/image.ashx?id=2916171&use=l&cat=p&typeid=i","cat":284379},{"id":61874,"n":"Gel shampooing douche Fa Men Perfect wave flacon - 250ml","p":1.76,"u":"7,04 €/L","img":"https://fd9-photos.leclercdrive.fr/image.ashx?id=2995091&use=l&cat=p&typeid=i","cat":284619},{"id":61968,"n":"AOP Petit Reblochon Le Pochat 240g","p":4.09,"u":"17,04 €/KG","img":"https://fd9-photos.leclercdrive.fr/image.ashx?id=2102764&use=l&cat=p&typeid=i","cat":314037},{"id":61983,"n":"Sachet repas Gourmet  Terrine coffret - 4x85g","p":2.1,"u":"6,18 €/KG","img":"https://fd9-photos.leclercdrive.fr/image.ashx?id=2901118&use=l&cat=p&typeid=i","cat":285286},{"id":62001,"n":"Jus de citron jaune 1L","p":3.15,"u":"3,15 €/L","img":"https://fd9-photos.leclercdrive.fr/image.ashx?id=2656991&use=l&cat=p&typeid=i","cat":288383},{"id":62007,"n":"Sardines Huile Olive PARMENTIER Vierge Extra - 135g","p":1.64,"u":"12,15 €/KG","img":"https://fd9-photos.leclercdrive.fr/image.ashx?id=3014410&use=l&cat=p&typeid=i","cat":305146},{"id":62008,"n":"Sardine Parmentier Herbe - 135g","p":1.79,"u":"13,26 €/KG","img":"https://fd9-photos.leclercdrive.fr/image.ashx?id=3014413&use=l&cat=p&typeid=i","cat":305146},{"id":62042,"n":"Haricots rouges D'aucy  500g","p":1.98,"u":"3,96 €/KG","img":"https://fd9-photos.leclercdrive.fr/image.ashx?id=2491190&use=l&cat=p&typeid=i","cat":312606},{"id":62043,"n":"Lentilles préparées D'aucy  265g","p":0.97,"u":"3,66 €/KG","img":"https://fd9-photos.leclercdrive.fr/image.ashx?id=2560600&use=l&cat=p&typeid=i","cat":312609},{"id":62045,"n":"Haricots verts Jardin Bio étic Bio sans sel - 345g","p":3.38,"u":"9,80 €/KG","img":"https://fd9-photos.leclercdrive.fr/image.ashx?id=2535010&use=l&cat=p&typeid=i","cat":312606},{"id":62053,"n":"Haricots Coco Cuisinés Cassegrain Tomate, Laurier 435g","p":1.92,"u":"7,68 €/KG","img":"https://fd9-photos.leclercdrive.fr/image.ashx?id=2952466&use=l&cat=p&typeid=i","cat":312606},{"id":62054,"n":"Courgettes Cuisinées Cassegrain à la Provençale 185g","p":2.34,"u":"12,65 €/KG","img":"https://fd9-photos.leclercdrive.fr/image.ashx?id=2913022&use=l&cat=p&typeid=i","cat":312612},{"id":62055,"n":"Aubergines Cuisinées Cassegrain à la Provençale 185g","p":2.45,"u":"13,24 €/KG","img":"https://fd9-photos.leclercdrive.fr/image.ashx?id=2913019&use=l&cat=p&typeid=i","cat":312612},{"id":62057,"n":"Champignons Eco+ Entiers - 230g","p":1.11,"u":"4,83 €/KG","img":"https://fd9-photos.leclercdrive.fr/image.ashx?id=3014332&use=l&cat=p&typeid=i","cat":312610},{"id":62066,"n":"Lentilles cuisinées façon Sud-Ouest Cassegrain 410g","p":2.02,"u":"4,93 €/KG","img":"https://fd9-photos.leclercdrive.fr/image.ashx?id=2862131&use=l&cat=p&typeid=i","cat":312609},{"id":62067,"n":"Flageolets Préparés Cassegrain Extra Fins 130g","p":1.12,"u":"8,62 €/KG","img":"https://fd9-photos.leclercdrive.fr/image.ashx?id=2912980&use=l&cat=p&typeid=i","cat":312606},{"id":62083,"n":"Soda Schweppes Saveur Agrumes - 1L","p":1.68,"u":"1,68 €/L","img":"https://fd9-photos.leclercdrive.fr/image.ashx?id=2852414&use=l&cat=p&typeid=i","cat":284532},{"id":62094,"n":"Sauce fajitas Old El Paso à cuisiner doux - 395g","p":2.11,"u":"5,34 €/KG","img":"https://fd9-photos.leclercdrive.fr/image.ashx?id=2950852&use=l&cat=p&typeid=i","cat":288993},{"id":62095,"n":"Chips Tortilla Old El Paso Fajita - 185g","p":2.46,"u":"13,30 €/KG","img":"https://fd9-photos.leclercdrive.fr/image.ashx?id=2444522&use=l&cat=p&typeid=i","cat":288993},{"id":62101,"n":"Miel l'Apiculteur liquide   et savoureux - 500g","p":6.72,"u":"13,44 €/KG","img":"https://fd9-photos.leclercdrive.fr/image.ashx?id=3008077&use=l&cat=p&typeid=i","cat":287643},{"id":62112,"n":"Compotes Pom'Potes Gourdes  Pomme Nature - 12x90g","p":4.89,"u":"4,53 €/KG","img":"https://fd9-photos.leclercdrive.fr/image.ashx?id=3010927&use=l&cat=p&typeid=i","cat":284508},{"id":62128,"n":"Biscuits fourrés Prince Tout chocolat - 300g","p":1.46,"u":"4,87 €/KG","img":"https://fd9-photos.leclercdrive.fr/image.ashx?id=2528801&use=l&cat=p&typeid=i","cat":284488},{"id":62130,"n":"Cookies extra moelleux Granola Pépites de chocolat - 312g","p":3.46,"u":"11,09 €/KG","img":"https://fd9-photos.leclercdrive.fr/image.ashx?id=2306723&use=l&cat=p&typeid=i","cat":325066},{"id":62142,"n":"Biscottes Braisor Heudebert  Nature - 500g","p":3.54,"u":"7,08 €/KG","img":"https://fd9-photos.leclercdrive.fr/image.ashx?id=2680176&use=l&cat=p&typeid=i","cat":284479},{"id":62146,"n":"Brioche La Fournée Dorée Tranchée crème fraiche - 500g","p":2.37,"u":"4,74 €/KG","img":"https://fd9-photos.leclercdrive.fr/image.ashx?id=2415365&use=l&cat=p&typeid=i","cat":284478},{"id":62148,"n":"Brioch'burger La fournée Dorée x4 - 250g","p":1.51,"u":"6,04 €/KG","img":"https://fd9-photos.leclercdrive.fr/image.ashx?id=2765261&use=l&cat=p&typeid=i","cat":325067},{"id":62152,"n":"Graines de chia bio Happy Bio   250g","p":5.08,"u":"20,32 €/KG","img":"https://fd9-photos.leclercdrive.fr/image.ashx?id=2970990&use=l&cat=p&typeid=i","cat":318651},{"id":62161,"n":"Cake aux fruits Brossard 300g","p":3.02,"u":"10,07 €/KG","img":"https://fd9-photos.leclercdrive.fr/image.ashx?id=2964998&use=l&cat=p&typeid=i","cat":284493},{"id":62162,"n":"Donuts Curly 100g","p":1.17,"u":"11,70 €/KG","img":"https://fd9-photos.leclercdrive.fr/image.ashx?id=2446836&use=l&cat=p&typeid=i","cat":284449},{"id":62169,"n":"Croquettes chiens Purina One Minis chiens - 1.5kg","p":5.95,"u":"3,97 €/KG","img":"https://fd9-photos.leclercdrive.fr/image.ashx?id=2899677&use=l&cat=p&typeid=i","cat":294526},{"id":62226,"n":"Soda Coca-Cola Sans Sucres Bouteille - 1L","p":1.36,"u":"1,36 €/L","img":"https://fd9-photos.leclercdrive.fr/image.ashx?id=2194418&use=l&cat=p&typeid=i","cat":284530},{"id":62238,"n":"Bière blonde Grimbergen Triple d'Abbaye -8° - 6x25cl","p":5.29,"u":"3,53 €/L","img":"https://fd9-photos.leclercdrive.fr/image.ashx?id=2317363&use=l&cat=p&typeid=i","cat":334852},{"id":62246,"n":"Soda au cola Pepsi La bouteille de 1.5L","p":1.18,"u":"0,79 €/L","img":"https://fd9-photos.leclercdrive.fr/image.ashx?id=2896318&use=l&cat=p&typeid=i","cat":284530},{"id":62251,"n":"Soda au cola Pepsi Zéro sucres La bouteille de 1.5L","p":1.14,"u":"0,76 €/L","img":"https://fd9-photos.leclercdrive.fr/image.ashx?id=2683130&use=l&cat=p&typeid=i","cat":284530},{"id":62252,"n":"Soda 7UP Citron et citron vert - 1.5L","p":1.14,"u":"0,76 €/L","img":"https://fd9-photos.leclercdrive.fr/image.ashx?id=2748545&use=l&cat=p&typeid=i","cat":284531},{"id":62298,"n":"Sauce caesar Florette 175ml","p":2.45,"u":"14,00 €/L","img":"https://fd9-photos.leclercdrive.fr/image.ashx?id=2634067&use=l&cat=p&typeid=i","cat":284382},{"id":62303,"n":"yaourt fruits bio les 2 vaches brassé framboise - 4x115g","p":2.08,"u":"4,52 €/KG","img":"https://fd9-photos.leclercdrive.fr/image.ashx?id=2571533&use=l&cat=p&typeid=i","cat":284410},{"id":62333,"n":"Yaourt brassé Bio les 2 vaches Citron - 4x115g","p":2.04,"u":"4,43 €/KG","img":"https://fd9-photos.leclercdrive.fr/image.ashx?id=2571536&use=l&cat=p&typeid=i","cat":284410},{"id":62335,"n":"yaourt fruits bio les 2 vaches brassé myrtille - 4x115g","p":2.08,"u":"4,52 €/KG","img":"https://fd9-photos.leclercdrive.fr/image.ashx?id=2571530&use=l&cat=p&typeid=i","cat":284410},{"id":62417,"n":"Jus de pamplemousse rose pressé Andros - 1L","p":3.4,"u":"3,40 €/L","img":"https://fd9-photos.leclercdrive.fr/image.ashx?id=2928423&use=l&cat=p&typeid=i","cat":285435},{"id":62481,"n":"Coton disque Bio Bionaïa x70","p":0.97,"u":"0,01 €/P","img":"https://fd9-photos.leclercdrive.fr/image.ashx?id=2434942&use=l&cat=p&typeid=i","cat":285593},{"id":62482,"n":"Coton-tige Bio Bionaïa x200 bâtonnets ouatés","p":0.86,"img":"https://fd9-photos.leclercdrive.fr/image.ashx?id=2598704&use=l&cat=p&typeid=i","cat":285593},{"id":62497,"n":"Biscuit bébé Blédina 12 mois  Petit beurre pépites choco-133g","p":1.85,"u":"13,91 €/KG","img":"https://fd9-photos.leclercdrive.fr/image.ashx?id=2639344&use=l&cat=p&typeid=i","cat":312227},{"id":62509,"n":"Halal Pocket Oriental Viandes Dinde et Fromage - 2x130g","p":3.6,"u":"13,85 €/KG","img":"https://fd9-photos.leclercdrive.fr/image.ashx?id=2825808&use=l&cat=p&typeid=i","cat":284254},{"id":62567,"n":"Papier toilette Mimosa Humide x50","p":1.29,"u":"0,03 €/P","img":"https://fd9-photos.leclercdrive.fr/image.ashx?id=2823126&use=l&cat=p&typeid=i","cat":284634},{"id":62568,"n":"Papier toilette Mimosa Humide douceur x50","p":1.29,"u":"0,03 €/P","img":"https://fd9-photos.leclercdrive.fr/image.ashx?id=3013615&use=l&cat=p&typeid=i","cat":284634},{"id":62571,"n":"Soda à l'orange Orangina 1L","p":1.77,"u":"1,77 €/L","img":"https://fd9-photos.leclercdrive.fr/image.ashx?id=2668413&use=l&cat=p&typeid=i","cat":284532},{"id":62573,"n":"Tonic soda Sprink's Zero - 1.5L","p":0.89,"u":"0,59 €/L","img":"https://fd9-photos.leclercdrive.fr/image.ashx?id=2913745&use=l&cat=p&typeid=i","cat":284531},{"id":62574,"n":"Bière ambrée Grimbergen 6,5° - 6x25cl","p":5.89,"u":"3,93 €/L","img":"https://fd9-photos.leclercdrive.fr/image.ashx?id=2293483&use=l&cat=p&typeid=i","cat":334852},{"id":62575,"n":"Coton disque Inell Rond confort x70","p":0.61,"u":"0,01 €/P","img":"https://fd9-photos.leclercdrive.fr/image.ashx?id=2169171&use=l&cat=p&typeid=i","cat":285593},{"id":62576,"n":"Bière blanche Grimbergen 6° - 6x25cl","p":5.5,"u":"3,67 €/L","img":"https://fd9-photos.leclercdrive.fr/image.ashx?id=2294375&use=l&cat=p&typeid=i","cat":334878},{"id":62579,"n":"Bière blonde Leffe Triple 8,5% - 6x25cl","p":5.72,"u":"22,88 €/L","img":"https://fd9-photos.leclercdrive.fr/image.ashx?id=2548282&use=l&cat=p&typeid=i","cat":334852},{"id":62581,"n":"Bière aromatisée Grimbergen Cerise 5,5° - 6x25cl","p":5.75,"u":"3,83 €/L","img":"https://fd9-photos.leclercdrive.fr/image.ashx?id=2312798&use=l&cat=p&typeid=i","cat":334878},{"id":62614,"n":"Pâte à tartiner Ovomaltine Crunchy - 360g","p":3.33,"u":"9,25 €/KG","img":"https://fd9-photos.leclercdrive.fr/image.ashx?id=2428645&use=l&cat=p&typeid=i","cat":284481},{"id":62619,"n":"Biscuits nappés Pépito Chocolat au lait - 2x192g","p":2.63,"u":"6,85 €/KG","img":"https://fd9-photos.leclercdrive.fr/image.ashx?id=2989444&use=l&cat=p&typeid=i","cat":284488},{"id":62635,"n":"Eponge Nicols Magique Magico - x3","p":1.72,"u":"0,57 €/P","img":"https://fd9-photos.leclercdrive.fr/image.ashx?id=2554424&use=l&cat=p&typeid=i","cat":284667},{"id":62641,"n":"Délice de dinde Isla Délice  Halal 8 tranches - 240g","p":3.47,"u":"14,46 €/KG","img":"https://fd9-photos.leclercdrive.fr/image.ashx?id=2457134&use=l&cat=p&typeid=i","cat":316013},{"id":62656,"n":"Mortadelle de volaille  A la provençale - Halal - 120g","p":1.35,"u":"11,25 €/KG","img":"https://fd9-photos.leclercdrive.fr/image.ashx?id=2349236&use=l&cat=p&typeid=i","cat":316013},{"id":62668,"n":"Brosse à dents Sensodyne Extra souple x1","p":2.07,"pp":1.45,"img":"https://fd9-photos.leclercdrive.fr/image.ashx?id=2923633&use=l&cat=p&typeid=i","cat":284614},{"id":62676,"n":"Gel douche bio So Bio Etic  Karité sans sulfate - 650ml","p":5.61,"u":"8,63 €/L","img":"https://fd9-photos.leclercdrive.fr/image.ashx?id=2850593&use=l&cat=p&typeid=i","cat":284594},{"id":62678,"n":"Crème douche bio So Bio Etic Lait d'anesse - 650ml","p":6.1,"u":"9,38 €/L","img":"https://fd9-photos.leclercdrive.fr/image.ashx?id=2862515&use=l&cat=p&typeid=i","cat":284594},{"id":62682,"n":"Javel en gel Clair  Citron vert - 750ml","p":1.18,"u":"1,57 €/L","img":"https://fd9-photos.leclercdrive.fr/image.ashx?id=2843881&use=l&cat=p&typeid=i","cat":284661},{"id":62683,"n":"Détartrant Anti Calc Melitta Machine espresso - 2x40g","p":2.38,"u":"29,75 €/KG","img":"https://fd9-photos.leclercdrive.fr/image.ashx?id=2855346&use=l&cat=p&typeid=i","cat":284751},{"id":62687,"n":"Spray nasal Primoplast 100% eau de mer - 150ml","p":4.45,"u":"29,67 €/L","img":"https://fd9-photos.leclercdrive.fr/image.ashx?id=2955758&use=l&cat=p&typeid=i","cat":284630},{"id":62697,"n":"Nappe damassée Homeside Blanche - 8m","p":1.61,"img":"https://fd9-photos.leclercdrive.fr/image.ashx?id=1659708&use=l&cat=p&typeid=i","cat":334134},{"id":62722,"n":"Biscuits fourrés Prince Chocolat lait - 300g","p":1.58,"u":"5,27 €/KG","img":"https://fd9-photos.leclercdrive.fr/image.ashx?id=2349070&use=l&cat=p&typeid=i","cat":284488},{"id":62723,"n":"Biscuits fourrés Prince Multi céréales - 293g","p":1.46,"u":"4,98 €/KG","img":"https://fd9-photos.leclercdrive.fr/image.ashx?id=2350993&use=l&cat=p&typeid=i","cat":284488},{"id":62724,"n":"Biscuits Double Crème Oreo Vanille - 157g","p":1.27,"u":"8,09 €/KG","img":"https://fd9-photos.leclercdrive.fr/image.ashx?id=2160198&use=l&cat=p&typeid=i","cat":284488},{"id":62726,"n":"Compote bio Bio Village Bocal pomme - 625g","p":2.07,"u":"3,31 €/KG","img":"https://fd9-photos.leclercdrive.fr/image.ashx?id=1948042&use=l&cat=p&typeid=i","cat":284508},{"id":62727,"n":"Compote bio Bio Village Bocal pomme poire - 625g","p":2.1,"u":"3,36 €/KG","img":"https://fd9-photos.leclercdrive.fr/image.ashx?id=1948039&use=l&cat=p&typeid=i","cat":284508},{"id":62731,"n":"Abricots Douceur du Verger Sirop léger - 475 g","p":2.42,"u":"5,09 €/KG","img":"https://fd9-photos.leclercdrive.fr/image.ashx?id=2618235&use=l&cat=p&typeid=i","cat":284507},{"id":62733,"n":"Biscuits Choco Moo Milka Chocolat - 200g","p":1.81,"u":"9,05 €/KG","img":"https://fd9-photos.leclercdrive.fr/image.ashx?id=2990994&use=l&cat=p&typeid=i","cat":284488},{"id":62740,"n":"Lait de coco Suzi Wan  Allégé - 200ml","p":1.33,"u":"6,65 €/L","img":"https://fd9-photos.leclercdrive.fr/image.ashx?id=2892922&use=l&cat=p&typeid=i","cat":288992},{"id":62742,"n":"Gressins sésames bio Bio Village - 125g","p":1.52,"u":"12,16 €/KG","img":"https://fd9-photos.leclercdrive.fr/image.ashx?id=1944640&use=l&cat=p&typeid=i","cat":297000},{"id":62749,"n":"Crackers Heudebert  Nature - 250g","p":1.61,"u":"6,44 €/KG","img":"https://fd9-photos.leclercdrive.fr/image.ashx?id=2670785&use=l&cat=p&typeid=i","cat":284479},{"id":62858,"n":"Biscuit Nature GERBLE  sans sucres ajoutés - 132g","p":1.82,"u":"13,79 €/KG","img":"https://fd9-photos.leclercdrive.fr/image.ashx?id=2662835&use=l&cat=p&typeid=i","cat":318653},{"id":62880,"n":"Moelleux Citron GERBLE   sans sucre - 196g","p":2.93,"u":"14,95 €/KG","img":"https://fd9-photos.leclercdrive.fr/image.ashx?id=2575087&use=l&cat=p&typeid=i","cat":318653},{"id":62937,"n":"Thon mariné Petit Navire Tomate séchée - 2x110g","p":3.41,"u":"15,50 €/KG","img":"https://fd9-photos.leclercdrive.fr/image.ashx?id=2522560&use=l&cat=p&typeid=i","cat":303867},{"id":63170,"n":"Sucre de canne Daddy Petits morceaux - 1kg","p":2.58,"u":"2,58 €/KG","img":"https://fd9-photos.leclercdrive.fr/image.ashx?id=2276420&use=l&cat=p&typeid=i","cat":284502},{"id":63284,"n":"AOP Champagne Canard Duchêne Charles VII Brut - 75cl","p":29.5,"pp":26.55,"u":"35,40 €/L","img":"https://fd9-photos.leclercdrive.fr/image.ashx?id=2174390&use=l&cat=p&typeid=i","cat":284542},{"id":63287,"n":"AOP Crémant de Bordeaux Malesan brut - 75cl","p":6.9,"pp":4.55,"u":"6,07 €/L","img":"https://fd9-photos.leclercdrive.fr/image.ashx?id=2497193&use=l&cat=p&typeid=i","cat":284545},{"id":63304,"n":"Pizza Crust Sodebo Classic Jambon Emmental - 600g","p":4.63,"u":"7,72 €/KG","img":"https://fd9-photos.leclercdrive.fr/image.ashx?id=3008254&use=l&cat=p&typeid=i","cat":333679},{"id":63519,"n":"Gnocchi Lustucru Selection  Maxi 650g","p":2.94,"u":"4,52 €/KG","img":"https://fd9-photos.leclercdrive.fr/image.ashx?id=2792387&use=l&cat=p&typeid=i","cat":333682},{"id":63520,"n":"Pizza crust Sodebo Cheesy 4 fromages - 580g","p":4.68,"u":"8,07 €/KG","img":"https://fd9-photos.leclercdrive.fr/image.ashx?id=2912098&use=l&cat=p&typeid=i","cat":333679},{"id":63521,"n":"Penne au saumon Marie Crème d'épinard - 280g","p":3.16,"u":"11,29 €/KG","img":"https://fd9-photos.leclercdrive.fr/image.ashx?id=2317519&use=l&cat=p&typeid=i","cat":333665},{"id":63528,"n":"Boisson énergisante Crazy Tiger Canette - 50cl","p":1.14,"u":"2,28 €/L","img":"https://fd9-photos.leclercdrive.fr/image.ashx?id=2859641&use=l&cat=p&typeid=i","cat":284533},{"id":63541,"n":"Sauce barbecue Rustica 560g","p":1.78,"u":"3,18 €/KG","img":"https://fd9-photos.leclercdrive.fr/image.ashx?id=2092948&use=l&cat=p&typeid=i","cat":318431},{"id":63608,"n":"Chèvre fouetté Soignon Nature - 140g","p":2.49,"u":"17,79 €/KG","img":"https://fd9-photos.leclercdrive.fr/image.ashx?id=2516602&use=l&cat=p&typeid=i","cat":314029},{"id":63617,"n":"Salade Bulle fraîcheur Daunat  Jambon Emmental - 250g","p":3.18,"u":"12,72 €/KG","img":"https://fd9-photos.leclercdrive.fr/image.ashx?id=2683091&use=l&cat=p&typeid=i","cat":333657},{"id":63631,"n":"Tartinade tomates confites  à l'origan Sud & Sol - 150g","p":2.3,"u":"15,33 €/KG","img":"https://fd9-photos.leclercdrive.fr/image.ashx?id=2937307&use=l&cat=p&typeid=i","cat":315999},{"id":63632,"n":"Tartinade de poivrons confits Sud & Sol - 150g","p":2.3,"u":"15,33 €/KG","img":"https://fd9-photos.leclercdrive.fr/image.ashx?id=2986642&use=l&cat=p&typeid=i","cat":315999},{"id":63636,"n":"Tartinade d'olives & tomates Sud & Sol - 150g","p":2.3,"u":"15,33 €/KG","img":"https://fd9-photos.leclercdrive.fr/image.ashx?id=2937313&use=l&cat=p&typeid=i","cat":315999},{"id":63674,"n":"3 poivres Ducros Moulin - 34g","p":3.57,"u":"105,00 €/KG","img":"https://fd9-photos.leclercdrive.fr/image.ashx?id=2559460&use=l&cat=p&typeid=i","cat":284457},{"id":63675,"n":"Multi Déco Vahiné 125g","p":3.73,"u":"29,84 €/KG","img":"https://fd9-photos.leclercdrive.fr/image.ashx?id=2939358&use=l&cat=p&typeid=i","cat":284504},{"id":63676,"n":"Poivre blanc moulu Ducros 36g","p":2.77,"u":"76,94 €/KG","img":"https://fd9-photos.leclercdrive.fr/image.ashx?id=2203745&use=l&cat=p&typeid=i","cat":284457},{"id":63712,"n":"AOC Martinique Rhum blanc  Agricole HSE 40° - 1L","p":13.85,"u":"13,85 €/L","img":"https://fd9-photos.leclercdrive.fr/image.ashx?id=2902019&use=l&cat=p&typeid=i","cat":284550},{"id":63716,"n":"AOC Martinique Rhum blanc Agricole HSE 55° - 1L","p":20.41,"u":"20,41 €/L","img":"https://fd9-photos.leclercdrive.fr/image.ashx?id=2021451&use=l&cat=p&typeid=i","cat":284550},{"id":63718,"n":"Rhum Vieux agricole HSE 40° - 70cl","p":22.19,"u":"31,70 €/L","img":"https://fd9-photos.leclercdrive.fr/image.ashx?id=2475753&use=l&cat=p&typeid=i","cat":284550},{"id":63722,"n":"Liqueur Herbes Jagermeister 35° - 70cl","p":19.79,"u":"28,27 €/L","img":"https://fd9-photos.leclercdrive.fr/image.ashx?id=2474740&use=l&cat=p&typeid=i","cat":286032},{"id":63756,"n":"Pur jus Tropicana Orange Pure Premium Avec pulpe - 1L","p":2.58,"u":"2,58 €/L","img":"https://fd9-photos.leclercdrive.fr/image.ashx?id=2605668&use=l&cat=p&typeid=i","cat":284521},{"id":63759,"n":"Pur Jus Jafaden Mutlifruits - 2L","p":2.75,"u":"1,38 €/L","img":"https://fd9-photos.leclercdrive.fr/image.ashx?id=2762955&use=l&cat=p&typeid=i","cat":284917},{"id":63762,"n":"Boisson aux fruits Oasis Tropical - 6x33cl","p":3.73,"u":"1,88 €/L","img":"https://fd9-photos.leclercdrive.fr/image.ashx?id=2900812&use=l&cat=p&typeid=i","cat":295018},{"id":63768,"n":"Boisson aux fruits Oasis Pomme Cassis Framboise - 6x33cl","p":3.53,"u":"1,78 €/L","img":"https://fd9-photos.leclercdrive.fr/image.ashx?id=3014449&use=l&cat=p&typeid=i","cat":295018},{"id":63794,"n":"Soda Schweppes Saveur Citron - 6x33cl","p":3.86,"u":"1,95 €/L","img":"https://fd9-photos.leclercdrive.fr/image.ashx?id=2852743&use=l&cat=p&typeid=i","cat":284532},{"id":63795,"n":"Soda Schweppes Indian Tonic - 6x33cl","p":3.73,"u":"1,88 €/L","img":"https://fd9-photos.leclercdrive.fr/image.ashx?id=2852423&use=l&cat=p&typeid=i","cat":284531},{"id":63797,"n":"Soda Schweppes Saveur Agrumes - 6x33cl","p":3.74,"u":"1,89 €/L","img":"https://fd9-photos.leclercdrive.fr/image.ashx?id=2852737&use=l&cat=p&typeid=i","cat":284532},{"id":63798,"n":"Soda Schweppes Saveur Agrumes Zero - 6x33cl","p":3.57,"u":"1,80 €/L","img":"https://fd9-photos.leclercdrive.fr/image.ashx?id=2852740&use=l&cat=p&typeid=i","cat":284532},{"id":63814,"n":"Pur jus Tropicana Orange Pure Premium avec pulpe - 2x1L","p":5.19,"u":"2,60 €/L","img":"https://fd9-photos.leclercdrive.fr/image.ashx?id=2592690&use=l&cat=p&typeid=i","cat":284521},{"id":63824,"n":"Soda Coca-Cola Zéro Sans caféine - 1.25L","p":1.52,"u":"1,22 €/L","img":"https://fd9-photos.leclercdrive.fr/image.ashx?id=3009059&use=l&cat=p&typeid=i","cat":284530},{"id":63828,"n":"Concentré à diluer Pulco Citron Vert Menthe - 70cl","p":2.76,"u":"3,94 €/L","img":"https://fd9-photos.leclercdrive.fr/image.ashx?id=2687791&use=l&cat=p&typeid=i","cat":295020},{"id":63837,"n":"Champignons Eco+ Pieds et morceaux - 230g","p":0.82,"u":"3,57 €/KG","img":"https://fd9-photos.leclercdrive.fr/image.ashx?id=3014335&use=l&cat=p&typeid=i","cat":312610},{"id":63849,"n":"Tomate ronde en grappe  5p","p":2.49,"u":"0,50 €/P","img":"https://fd9-photos.leclercdrive.fr/image.ashx?id=1700530&use=l&cat=p&typeid=i","cat":284352},{"id":63892,"n":"Capsules café L'Or Espresso Forza N°9 x10","p":3.14,"u":"60,38 €/KG","img":"https://fd9-photos.leclercdrive.fr/image.ashx?id=2393753&use=l&cat=p&typeid=i","cat":284749},{"id":63971,"n":"Escalope cordon bleu Père dodu Poulet x4 - 400g - Familial","p":4.95,"u":"12,38 €/KG","img":"https://fd9-photos.leclercdrive.fr/image.ashx?id=2957173&use=l&cat=p&typeid=i","cat":333683},{"id":63973,"n":"Cordon Bleu Père Dodu  Poulet x8 - 800g - Maxi Format","p":7.99,"u":"9,99 €/KG","img":"https://fd9-photos.leclercdrive.fr/image.ashx?id=2957176&use=l&cat=p&typeid=i","cat":333683},{"id":63980,"n":"Langoustines Rondes des Mers Entières crues 21/30 - 800g","p":15.98,"u":"19,98 €/KG","img":"https://fd9-photos.leclercdrive.fr/image.ashx?id=1983968&use=l&cat=p&typeid=i","cat":319787},{"id":63993,"n":"Crème glacée Eskiss  Douceur de vanille - 500g","p":3.91,"u":"7,82 €/KG","img":"https://fd9-photos.leclercdrive.fr/image.ashx?id=2982634&use=l&cat=p&typeid=i","cat":284263},{"id":64023,"n":"Soda cerise Sprink's 1.5L","p":1.69,"u":"1,13 €/L","img":"https://fd9-photos.leclercdrive.fr/image.ashx?id=2913751&use=l&cat=p&typeid=i","cat":284532},{"id":64050,"n":"Bière blonde IPA Castelain Fleur de houblon - 6.5° - 75cl","p":4.16,"u":"5,55 €/L","img":"https://fd9-photos.leclercdrive.fr/image.ashx?id=2868957&use=l&cat=p&typeid=i","cat":334872},{"id":64052,"n":"Bière blonde Castelain Grand cru 8.5% - 75cl","p":3.66,"u":"4,88 €/L","img":"https://fd9-photos.leclercdrive.fr/image.ashx?id=2139097&use=l&cat=p&typeid=i","cat":334872},{"id":64057,"n":"Bière Desperados Red 12x33cl","p":17.72,"u":"4,47 €/L","img":"https://fd9-photos.leclercdrive.fr/image.ashx?id=2651074&use=l&cat=p&typeid=i","cat":334878},{"id":64109,"n":"Fromage blanc Délisse 3.2%mg 12x100g","p":2.69,"u":"2,24 €/KG","img":"https://fd9-photos.leclercdrive.fr/image.ashx?id=3012848&use=l&cat=p&typeid=i","cat":284409},{"id":64191,"n":"Tomates cerises allongées Panier du Primeur - 250g","p":1.59,"u":"6,36 €/KG","img":"https://fd9-photos.leclercdrive.fr/image.ashx?id=2988099&use=l&cat=p&typeid=i","cat":284352},{"id":64666,"n":"Gâteaux moelleux Kinder Délice Coeur lait enrobé Cacao - x10","p":3.23,"u":"8,28 €/KG","img":"https://fd9-photos.leclercdrive.fr/image.ashx?id=2832476&use=l&cat=p&typeid=i","cat":284495},{"id":64680,"n":"Soupe liquide Liebig Potiron Kiri Brique - 2x30cl","p":2.45,"u":"4,08 €/L","img":"https://fd9-photos.leclercdrive.fr/image.ashx?id=2892136&use=l&cat=p&typeid=i","cat":284462},{"id":64685,"n":"Soupe liquide Liebig  Potiron - 2x30cl","p":2.03,"u":"3,38 €/L","img":"https://fd9-photos.leclercdrive.fr/image.ashx?id=2369915&use=l&cat=p&typeid=i","cat":284462},{"id":64692,"n":"Chocolat Pâtissier Nestlé Dessert - Noir corsé - 200g","p":2.95,"u":"14,75 €/KG","img":"https://fd9-photos.leclercdrive.fr/image.ashx?id=2889895&use=l&cat=p&typeid=i","cat":285562},{"id":64704,"n":"Serviette Depend Active-Fit - Mini - x14","p":3.75,"u":"0,27 €/P","img":"https://fd9-photos.leclercdrive.fr/image.ashx?id=2126634&use=l&cat=p&typeid=i","cat":284628},{"id":64710,"n":"Poire Rochas 1p","p":0.65,"img":"https://fd9-photos.leclercdrive.fr/image.ashx?id=1628259&use=l&cat=p&typeid=i","cat":284356},{"id":64889,"n":"Végétal Nuggets Garden Gourmet Soja et Blé 200g","p":2.31,"u":"11,55 €/KG","img":"https://fd9-photos.leclercdrive.fr/image.ashx?id=2963967&use=l&cat=p&typeid=i","cat":316036},{"id":64890,"n":"Bouchée Grillée Garden Gourmet Soja et Blé 175g","p":2.98,"u":"17,03 €/KG","img":"https://fd9-photos.leclercdrive.fr/image.ashx?id=2971392&use=l&cat=p&typeid=i","cat":316036},{"id":64897,"n":"Tortellini à poêler Lustucru Jambon emmental - 300g","p":2.3,"u":"7,67 €/KG","img":"https://fd9-photos.leclercdrive.fr/image.ashx?id=2792393&use=l&cat=p&typeid=i","cat":333682},{"id":64964,"n":"Eau minérale gazeuse Quezac 6x1.15L","p":2.81,"u":"0,41 €/L","img":"https://fd9-photos.leclercdrive.fr/image.ashx?id=2975341&use=l&cat=p&typeid=i","cat":284536},{"id":64970,"n":"Cônes biscuités La Basquaise Vanille - x16 - 175g","p":3.19,"u":"18,23 €/KG","img":"https://fd9-photos.leclercdrive.fr/image.ashx?id=2644022&use=l&cat=p&typeid=i","cat":284487},{"id":64980,"n":"Parmentier de canard  Maison Tino - 750g","p":6.9,"u":"9,20 €/KG","img":"https://fd9-photos.leclercdrive.fr/image.ashx?id=2554656&use=l&cat=p&typeid=i","cat":333666},{"id":64984,"n":"Lasagne de Boeuf  Maison Tino - 900g","p":9.05,"u":"10,06 €/KG","img":"https://fd9-photos.leclercdrive.fr/image.ashx?id=2681829&use=l&cat=p&typeid=i","cat":333666},{"id":64998,"n":"Cap corse blanc 15° mattei","p":16.74,"u":"22,32 €/L","img":"https://fd9-photos.leclercdrive.fr/image.ashx?id=2360686&use=l&cat=p&typeid=i","cat":304569},{"id":65003,"n":"Panais  1P","p":0.99,"img":"https://fd9-photos.leclercdrive.fr/image.ashx?id=1632713&use=l&cat=p&typeid=i","cat":284352},{"id":65013,"n":"AIRWICK Spray Désodorisant  Pure Rafraichissant - 250ml","p":3.47,"u":"13,88 €/L","img":"https://fd9-photos.leclercdrive.fr/image.ashx?id=2962011&use=l&cat=p&typeid=i","cat":311626},{"id":65033,"n":"Dosettes Café Carte Noire  Arabica Corsé n°7 - x60 - 420g","p":9.67,"u":"23,02 €/KG","img":"https://fd9-photos.leclercdrive.fr/image.ashx?id=2922176&use=l&cat=p&typeid=i","cat":293238},{"id":65044,"n":"Biscuits petit déjeuner Belvita Miel & pépites chocolat - 435g","p":2.57,"u":"5,91 €/KG","img":"https://fd9-photos.leclercdrive.fr/image.ashx?id=2989441&use=l&cat=p&typeid=i","cat":284491},{"id":65061,"n":"Eau aromatisée Volvic zest  citron vert citron - 1,5L","p":1.09,"u":"0,73 €/L","img":"https://fd9-photos.leclercdrive.fr/image.ashx?id=2730259&use=l&cat=p&typeid=i","cat":284537},{"id":65336,"n":"Café dosettes Tassimo L'Or Espresso Splendente x16","p":4.76,"u":"42,50 €/KG","img":"https://fd9-photos.leclercdrive.fr/image.ashx?id=2853404&use=l&cat=p&typeid=i","cat":293240},{"id":65337,"n":"Epices pour fajitas Old El Paso doux - 30g","p":1.14,"u":"38,00 €/KG","img":"https://fd9-photos.leclercdrive.fr/image.ashx?id=2737702&use=l&cat=p&typeid=i","cat":288993},{"id":65341,"n":"Bonbons LUTTI Koala Guimauve Chocolat - 185g","p":1.55,"u":"8,38 €/KG","img":"https://fd9-photos.leclercdrive.fr/image.ashx?id=2806147&use=l&cat=p&typeid=i","cat":304250},{"id":65342,"n":"Bonbons LUTTI Surffizz Piquants Fruits - 200g","p":1.52,"u":"7,60 €/KG","img":"https://fd9-photos.leclercdrive.fr/image.ashx?id=2806144&use=l&cat=p&typeid=i","cat":304250},{"id":65424,"n":"Olives entières Croc Frais A la provençale - 550g","p":4.67,"u":"8,49 €/KG","img":"https://fd9-photos.leclercdrive.fr/image.ashx?id=2589425&use=l&cat=p&typeid=i","cat":316002},{"id":65426,"n":"Olives dénoyautées Croc Frais Méditerranéenne - 500g","p":4.45,"u":"8,90 €/KG","img":"https://fd9-photos.leclercdrive.fr/image.ashx?id=2589416&use=l&cat=p&typeid=i","cat":316002},{"id":65427,"n":"Olives dénoyautées Croc Frais A l'orientale - 500g","p":4.59,"u":"9,18 €/KG","img":"https://fd9-photos.leclercdrive.fr/image.ashx?id=2589419&use=l&cat=p&typeid=i","cat":316002},{"id":65430,"n":"Mini navettes x20 - 300g","p":4.5,"u":"15,00 €/KG","img":"https://fd9-photos.leclercdrive.fr/image.ashx?id=2762991&use=l&cat=p&typeid=i","cat":284359},{"id":65770,"n":"Croûtons  mediterraneens - 80g","p":2.18,"u":"27,25 €/KG","img":"https://fd9-photos.leclercdrive.fr/image.ashx?id=2774030&use=l&cat=p&typeid=i","cat":284464},{"id":65772,"n":"Croûtons  Caesar  - 80g","p":2.05,"u":"25,63 €/KG","img":"https://fd9-photos.leclercdrive.fr/image.ashx?id=2774706&use=l&cat=p&typeid=i","cat":284464},{"id":65883,"n":"Glace à l'eau Mr.Freeze Party boite Big Pop x20 - 900g","p":3.11,"u":"3,46 €/KG","img":"https://fd9-photos.leclercdrive.fr/image.ashx?id=2654041&use=l&cat=p&typeid=i","cat":285250},{"id":65904,"n":"Liniment Mots d'Enfants 500ml","p":3.9,"u":"7,80 €/L","img":"https://fd9-photos.leclercdrive.fr/image.ashx?id=3014248&use=l&cat=p&typeid=i","cat":284741},{"id":65926,"n":"Guacamole Extra l'Atelier Blini 175g","p":3.7,"u":"21,14 €/KG","img":"https://fd9-photos.leclercdrive.fr/image.ashx?id=2852504&use=l&cat=p&typeid=i","cat":315999},{"id":65944,"n":"IGP Pruneaux d'Agen  Maison Roucadil - 500g","p":5.15,"u":"10,30 €/KG","img":"https://fd9-photos.leclercdrive.fr/image.ashx?id=2213859&use=l&cat=p&typeid=i","cat":284357},{"id":65950,"n":"Gel toilette intime Doulys 200ml","p":2.47,"u":"12,35 €/L","img":"https://fd9-photos.leclercdrive.fr/image.ashx?id=1703245&use=l&cat=p&typeid=i","cat":284627},{"id":65964,"n":"Mini Navettes Briochées  x50 - 750g","p":12.5,"u":"16,67 €/KG","img":"https://fd9-photos.leclercdrive.fr/image.ashx?id=2638328&use=l&cat=p&typeid=i","cat":284984},{"id":65970,"n":"Crème légère fluide Bridélice 12%MG - 3x20cl","p":2.62,"u":"4,37 €/L","img":"https://fd9-photos.leclercdrive.fr/image.ashx?id=2904736&use=l&cat=p&typeid=i","cat":284381},{"id":65977,"n":"Bière aromatisée Mûre Myrtille  4,5°- 6x25cl","p":4.88,"u":"3,25 €/L","img":"https://fd9-photos.leclercdrive.fr/image.ashx?id=2164213&use=l&cat=p&typeid=i","cat":334878},{"id":66245,"n":"Bougies d'anniversaire Vahiné Roses - blister de 16 bougies","p":1.43,"u":"0,09 €/P","img":"https://fd9-photos.leclercdrive.fr/image.ashx?id=1209488&use=l&cat=p&typeid=i","cat":284504},{"id":66266,"n":"Brioche tranchée Pasquier Tranches gourmandes - 450g","p":2.28,"u":"5,07 €/KG","img":"https://fd9-photos.leclercdrive.fr/image.ashx?id=2850940&use=l&cat=p&typeid=i","cat":284478},{"id":66279,"n":"Roquefort AOP Les croisés - 32%mg - 100g","p":2.15,"u":"21,50 €/KG","img":"https://fd9-photos.leclercdrive.fr/image.ashx?id=2562885&use=l&cat=p&typeid=i","cat":314032},{"id":66282,"n":"Bresaola Saint-Azay 7 tranches - 70g","p":2.99,"u":"42,71 €/KG","img":"https://fd9-photos.leclercdrive.fr/image.ashx?id=2946460&use=l&cat=p&typeid=i","cat":316007},{"id":66284,"n":"Saucisson sec Saint-Azay 30 tranches - 100g","p":1.43,"u":"14,30 €/KG","img":"https://fd9-photos.leclercdrive.fr/image.ashx?id=2907213&use=l&cat=p&typeid=i","cat":316007},{"id":66293,"n":"Eau aromatisée Volvic juicy jus de fraise - 6x50cl","p":4.38,"u":"1,46 €/L","img":"https://fd9-photos.leclercdrive.fr/image.ashx?id=2961996&use=l&cat=p&typeid=i","cat":284537},{"id":66356,"n":"Café Soluble Nescafé  Cappuccino Classique - 280g","p":4.23,"u":"15,11 €/KG","img":"https://fd9-photos.leclercdrive.fr/image.ashx?id=2918044&use=l&cat=p&typeid=i","cat":284843},{"id":66359,"n":"Café moulu Jacques Vabre Colombie 100% Arabica - 250g","p":4.56,"u":"18,24 €/KG","img":"https://fd9-photos.leclercdrive.fr/image.ashx?id=2570754&use=l&cat=p&typeid=i","cat":284750},{"id":66366,"n":"Déodorant compressé Sanex  Zéro % Extra control - 100ml","p":3.78,"u":"37,80 €/L","img":"https://fd9-photos.leclercdrive.fr/image.ashx?id=2664274&use=l&cat=p&typeid=i","cat":284618},{"id":66368,"n":"Déodorant sanex zéro % spray  compressé peau sensible - 100ml","p":3.57,"u":"35,70 €/L","img":"https://fd9-photos.leclercdrive.fr/image.ashx?id=2692851&use=l&cat=p&typeid=i","cat":284618},{"id":66369,"n":"Déodorant Nivea Fresh natural - 150ml","p":2.67,"u":"17,80 €/L","img":"https://fd9-photos.leclercdrive.fr/image.ashx?id=3005221&use=l&cat=p&typeid=i","cat":284618},{"id":66417,"n":"Biscuits Mikado LU Chocolat au lait - 300g","p":5.07,"u":"16,90 €/KG","img":"https://fd9-photos.leclercdrive.fr/image.ashx?id=2347284&use=l&cat=p&typeid=i","cat":284488},{"id":66418,"n":"Biscuits Oreo Vanille - 220g","p":1.93,"u":"8,77 €/KG","img":"https://fd9-photos.leclercdrive.fr/image.ashx?id=2324285&use=l&cat=p&typeid=i","cat":284488},{"id":66555,"n":"Café moulu Bio Village Bio Ethiopie - 250g","p":4.35,"u":"17,40 €/KG","img":"https://fd9-photos.leclercdrive.fr/image.ashx?id=2468876&use=l&cat=p&typeid=i","cat":284750},{"id":66651,"n":"Doonuts nappés St Michel 180g","p":1.69,"u":"9,39 €/KG","img":"https://fd9-photos.leclercdrive.fr/image.ashx?id=2928495&use=l&cat=p&typeid=i","cat":284495},{"id":66739,"n":"Petits Pots  - P'tite Recette  Paëlla - dès 12 mois - 2x200g","p":2.2,"u":"5,50 €/KG","img":"https://fd9-photos.leclercdrive.fr/image.ashx?id=2525693&use=l&cat=p&typeid=i","cat":312237},{"id":66740,"n":"P'tite Recette Nestlé Lentilles Vertes Jambon 12 mois - 2x200g","p":2.25,"u":"5,63 €/KG","img":"https://fd9-photos.leclercdrive.fr/image.ashx?id=2525690&use=l&cat=p&typeid=i","cat":312237},{"id":66746,"n":"Tomme de brebis Lou Pérac Fromage de brebis - 200g","p":4.23,"u":"21,15 €/KG","img":"https://fd9-photos.leclercdrive.fr/image.ashx?id=2758840&use=l&cat=p&typeid=i","cat":329184},{"id":66747,"n":"Ma Crème anglaise Bridélice UHT - 50cl","p":1.95,"u":"3,90 €/L","img":"https://fd9-photos.leclercdrive.fr/image.ashx?id=2643086&use=l&cat=p&typeid=i","cat":284382},{"id":66751,"n":"Boisson à l'amande Végé 1L Végé - 200g","p":1.85,"u":"1,85 €/L","img":"https://fd9-photos.leclercdrive.fr/image.ashx?id=2874699&use=l&cat=p&typeid=i","cat":316067},{"id":66754,"n":"Boisson a l'avoine Végé 1L Végé - 200g","p":1.47,"u":"1,47 €/L","img":"https://fd9-photos.leclercdrive.fr/image.ashx?id=2869501&use=l&cat=p&typeid=i","cat":316067},{"id":66755,"n":"Boisson à la noisette Végé 1L Végé - 200g","p":1.79,"u":"1,79 €/L","img":"https://fd9-photos.leclercdrive.fr/image.ashx?id=2869504&use=l&cat=p&typeid=i","cat":316067},{"id":66757,"n":"Soja cuisine Bio Bio Village Végétal - 25cl","p":0.95,"u":"3,80 €/L","img":"https://fd9-photos.leclercdrive.fr/image.ashx?id=2791060&use=l&cat=p&typeid=i","cat":316069},{"id":66803,"n":"Biscuits Nutella B-ready Cacao noisettes - 330g","p":4.01,"u":"12,15 €/KG","img":"https://fd9-photos.leclercdrive.fr/image.ashx?id=2770599&use=l&cat=p&typeid=i","cat":284488},{"id":66809,"n":"Gousses vanille Vahiné  3g","p":4.38,"img":"https://fd9-photos.leclercdrive.fr/image.ashx?id=2524314&use=l&cat=p&typeid=i","cat":284504},{"id":66811,"n":"Tablette de chocolat Côte d'Or Lait Noisettes - 2x180g","p":6.83,"u":"18,97 €/KG","img":"https://fd9-photos.leclercdrive.fr/image.ashx?id=2850231&use=l&cat=p&typeid=i","cat":284497},{"id":66823,"n":"Biscuits petit déjeuner Belvita Miel & pépites chocolat - 650g","p":3.99,"u":"6,14 €/KG","img":"https://fd9-photos.leclercdrive.fr/image.ashx?id=2345487&use=l&cat=p&typeid=i","cat":284491},{"id":66841,"n":"Déodorant bille Manava Grenade - 50ml","p":0.99,"u":"19,80 €/L","img":"https://fd9-photos.leclercdrive.fr/image.ashx?id=2481234&use=l&cat=p&typeid=i","cat":284595},{"id":66843,"n":"Bandes de cire froide Siliss Visage - x32","p":2.19,"u":"0,07 €/P","img":"https://fd9-photos.leclercdrive.fr/image.ashx?id=2997958&use=l&cat=p&typeid=i","cat":325351},{"id":66844,"n":"Bandes de cire froide Siliss Jambes - x20","p":2.3,"u":"0,12 €/P","img":"https://fd9-photos.leclercdrive.fr/image.ashx?id=2699705&use=l&cat=p&typeid=i","cat":325351},{"id":66849,"n":"Dessert bébé lacté Blédina 6m Banane - 6x55g","p":1.97,"u":"5,97 €/KG","img":"https://fd9-photos.leclercdrive.fr/image.ashx?id=2952454&use=l&cat=p&typeid=i","cat":312392},{"id":66953,"n":"Désodorisant Sanytol Désinfectant - 500ml","p":4.34,"u":"8,68 €/L","img":"https://fd9-photos.leclercdrive.fr/image.ashx?id=2958842&use=l&cat=p&typeid=i","cat":290451},{"id":66965,"n":"Matière grasse Primevere Oméga 3 - 55% - 500g","p":3.22,"u":"6,44 €/KG","img":"https://fd9-photos.leclercdrive.fr/image.ashx?id=2939328&use=l&cat=p&typeid=i","cat":315229},{"id":66967,"n":"Matière grasse Primevere 63%MG - oméga 3 - 500g","p":3.57,"u":"7,14 €/KG","img":"https://fd9-photos.leclercdrive.fr/image.ashx?id=2936044&use=l&cat=p&typeid=i","cat":315229},{"id":66968,"n":"Beurre tendre Président Doux - 82% MG - 250g","p":3.27,"u":"13,08 €/KG","img":"https://fd9-photos.leclercdrive.fr/image.ashx?id=2811944&use=l&cat=p&typeid=i","cat":284379},{"id":66969,"n":"Pommes de terre Notre Jardin En lamelle - 500g","p":1.38,"u":"2,76 €/KG","img":"https://fd9-photos.leclercdrive.fr/image.ashx?id=2233250&use=l&cat=p&typeid=i","cat":284352},{"id":66974,"n":"Quart de jambon sec Saint Azay 18 tranches - 220g","p":2.84,"u":"12,91 €/KG","img":"https://fd9-photos.leclercdrive.fr/image.ashx?id=2874386&use=l&cat=p&typeid=i","cat":316007},{"id":66982,"n":"Truite eau douce Ronde des Mers x4 tranches - 100g","p":3.24,"u":"32,40 €/KG","img":"https://fd9-photos.leclercdrive.fr/image.ashx?id=2981882&use=l&cat=p&typeid=i","cat":285188},{"id":66985,"n":"Roulés au fromage Côté Table x2 - 260g","p":2.32,"u":"8,92 €/KG","img":"https://fd9-photos.leclercdrive.fr/image.ashx?id=2794838&use=l&cat=p&typeid=i","cat":333671},{"id":66989,"n":"Yaourt bifidus Activia céréales noix - 4x120g","p":2.18,"u":"4,54 €/KG","img":"https://fd9-photos.leclercdrive.fr/image.ashx?id=2901623&use=l&cat=p&typeid=i","cat":315000},{"id":66990,"n":"Yaourt bifidus Activia céréales muesli - 4x120g","p":2.15,"u":"4,48 €/KG","img":"https://fd9-photos.leclercdrive.fr/image.ashx?id=2901620&use=l&cat=p&typeid=i","cat":315000},{"id":66992,"n":"Sauce grand veneur Charal 120g","p":2.7,"u":"22,50 €/KG","img":"https://fd9-photos.leclercdrive.fr/image.ashx?id=2144275&use=l&cat=p&typeid=i","cat":327293},{"id":67041,"n":"AOP Côtes de Provence rosé Bio Nos Racines - 75cl","p":7.9,"u":"10,53 €/L","img":"https://fd9-photos.leclercdrive.fr/image.ashx?id=2322989&use=l&cat=p&typeid=i","cat":289558},{"id":67090,"n":"Soupe Doux Plaisir Liebig  Légumes et kiri - 1L","p":2.43,"u":"2,43 €/L","img":"https://fd9-photos.leclercdrive.fr/image.ashx?id=2186706&use=l&cat=p&typeid=i","cat":284462},{"id":67142,"n":"Duo amandes Daco Bello  Grillées non salées - 175g","p":3.98,"u":"22,74 €/KG","img":"https://fd9-photos.leclercdrive.fr/image.ashx?id=2298538&use=l&cat=p&typeid=i","cat":284357},{"id":67143,"n":"Quatro de graines Daco Bello Grillées - Non salées - 175g","p":4.48,"u":"25,60 €/KG","img":"https://fd9-photos.leclercdrive.fr/image.ashx?id=2298544&use=l&cat=p&typeid=i","cat":284357},{"id":67150,"n":"Croustilles Belin Emmental - 4x138g","p":4.78,"u":"8,66 €/KG","img":"https://fd9-photos.leclercdrive.fr/image.ashx?id=2539025&use=l&cat=p&typeid=i","cat":284449},{"id":67151,"n":"Croustilles Belin Cacahuète - 4x138g","p":4.88,"u":"8,84 €/KG","img":"https://fd9-photos.leclercdrive.fr/image.ashx?id=2940477&use=l&cat=p&typeid=i","cat":284449},{"id":67152,"n":"Tablette de chocolat noir Lindt Zestes de citron vert - 2x100g","p":3.81,"u":"19,05 €/KG","img":"https://fd9-photos.leclercdrive.fr/image.ashx?id=2230887&use=l&cat=p&typeid=i","cat":284956},{"id":67153,"n":"Tablette de chocolat noir Lindt Noir : 70% cacao - 2x100g","p":4.45,"u":"22,25 €/KG","img":"https://fd9-photos.leclercdrive.fr/image.ashx?id=2153267&use=l&cat=p&typeid=i","cat":284956},{"id":67168,"n":"Yaourt à boire Actimel fruits pêche gelée royale - 12x100g","p":4.95,"u":"4,13 €/KG","img":"https://fd9-photos.leclercdrive.fr/image.ashx?id=2996473&use=l&cat=p&typeid=i","cat":284415},{"id":67190,"n":"Veau *** à griller x2 côtes -  300g","p":8.99,"u":"29,97 €/KG","img":"https://fd9-photos.leclercdrive.fr/image.ashx?id=621178&use=l&cat=p&typeid=i","cat":284329},{"id":67378,"n":"Sirop Eco+ Grenadine - 1L","p":1.71,"u":"1,71 €/L","img":"https://fd9-photos.leclercdrive.fr/image.ashx?id=2901419&use=l&cat=p&typeid=i","cat":295020},{"id":67393,"n":"Beurre gastronomique Président Doux - 82% MG - 250g","p":2.83,"u":"11,32 €/KG","img":"https://fd9-photos.leclercdrive.fr/image.ashx?id=3011104&use=l&cat=p&typeid=i","cat":284379},{"id":67459,"n":"Haricots blancs Eco+ 530g","p":0.95,"u":"1,79 €/KG","img":"https://fd9-photos.leclercdrive.fr/image.ashx?id=3003717&use=l&cat=p&typeid=i","cat":312606},{"id":67460,"n":"Champignons Pieds morceaux - 460g","p":1.42,"u":"3,09 €/KG","img":"https://fd9-photos.leclercdrive.fr/image.ashx?id=2783005&use=l&cat=p&typeid=i","cat":312610},{"id":67522,"n":"Chili con carne Côté Table Au piment de Cayenne - 400g","p":1.65,"u":"4,13 €/KG","img":"https://fd9-photos.leclercdrive.fr/image.ashx?id=2977174&use=l&cat=p&typeid=i","cat":325094},{"id":67568,"n":"Curry moulu Rustica 42g","p":0.55,"u":"13,10 €/KG","img":"https://fd9-photos.leclercdrive.fr/image.ashx?id=2772975&use=l&cat=p&typeid=i","cat":298297},{"id":67569,"n":"Oignon semoule Rustica Déshydraté - 30g","p":0.99,"u":"33,00 €/KG","img":"https://fd9-photos.leclercdrive.fr/image.ashx?id=2772978&use=l&cat=p&typeid=i","cat":298297},{"id":67570,"n":"Poivre noir moulu Rustica Indonésie - 38g","p":0.81,"u":"21,32 €/KG","img":"https://fd9-photos.leclercdrive.fr/image.ashx?id=2797793&use=l&cat=p&typeid=i","cat":284457},{"id":67571,"n":"Poivre noir Rustica Moulin - 28g","p":1.22,"u":"43,57 €/KG","img":"https://fd9-photos.leclercdrive.fr/image.ashx?id=2932674&use=l&cat=p&typeid=i","cat":284457},{"id":67572,"n":"Ciboulette Rustica 4g","p":0.43,"u":"107,50 €/KG","img":"https://fd9-photos.leclercdrive.fr/image.ashx?id=2772990&use=l&cat=p&typeid=i","cat":298297},{"id":67573,"n":"Cumin moulu Rustica 32g","p":0.59,"u":"18,44 €/KG","img":"https://fd9-photos.leclercdrive.fr/image.ashx?id=2772963&use=l&cat=p&typeid=i","cat":298297},{"id":67585,"n":"Baby Carottes 450g","p":3.26,"u":"7,24 €/KG","img":"https://fd9-photos.leclercdrive.fr/image.ashx?id=2786498&use=l&cat=p&typeid=i","cat":284352},{"id":67620,"n":"Persil Rustica 5g","p":0.39,"u":"78,00 €/KG","img":"https://fd9-photos.leclercdrive.fr/image.ashx?id=2772969&use=l&cat=p&typeid=i","cat":298297},{"id":67621,"n":"Paprika doux moulu Rustica  40g","p":0.49,"u":"12,25 €/KG","img":"https://fd9-photos.leclercdrive.fr/image.ashx?id=2772966&use=l&cat=p&typeid=i","cat":298297},{"id":67622,"n":"Thym Rustica 14g","p":0.4,"u":"28,57 €/KG","img":"https://fd9-photos.leclercdrive.fr/image.ashx?id=2797784&use=l&cat=p&typeid=i","cat":298297},{"id":67652,"n":"Poivre gris moulu Flacon - 36g","p":1.11,"u":"30,83 €/KG","img":"https://fd9-photos.leclercdrive.fr/image.ashx?id=2797778&use=l&cat=p&typeid=i","cat":284457},{"id":67667,"n":"Purée de tomate Panzani Tomacouli nature - 500g","p":0.94,"u":"1,88 €/KG","img":"https://fd9-photos.leclercdrive.fr/image.ashx?id=2979623&use=l&cat=p&typeid=i","cat":288384},{"id":67678,"n":"Curcuma moulu Rustica 37g","p":0.66,"u":"17,84 €/KG","img":"https://fd9-photos.leclercdrive.fr/image.ashx?id=2772981&use=l&cat=p&typeid=i","cat":298297},{"id":67679,"n":"Estragon Rustica 7g","p":0.79,"u":"112,86 €/KG","img":"https://fd9-photos.leclercdrive.fr/image.ashx?id=2772993&use=l&cat=p&typeid=i","cat":298297},{"id":67680,"n":"Herbes de provence Rustica 120g","p":2.6,"u":"21,67 €/KG","img":"https://fd9-photos.leclercdrive.fr/image.ashx?id=2907228&use=l&cat=p&typeid=i","cat":298297},{"id":67681,"n":"Herbes de Provence Rustica 18g","p":0.41,"u":"22,78 €/KG","img":"https://fd9-photos.leclercdrive.fr/image.ashx?id=2772972&use=l&cat=p&typeid=i","cat":298297},{"id":67682,"n":"Noix de Muscade Rustica Moulue - 32g","p":1.36,"u":"42,50 €/KG","img":"https://fd9-photos.leclercdrive.fr/image.ashx?id=2772996&use=l&cat=p&typeid=i","cat":298297},{"id":67683,"n":"Persillade Rustica 95g","p":1.74,"u":"18,32 €/KG","img":"https://fd9-photos.leclercdrive.fr/image.ashx?id=2932668&use=l&cat=p&typeid=i","cat":298297},{"id":67693,"n":"Piment de Cayenne Rustica 38g","p":1.09,"u":"28,68 €/KG","img":"https://fd9-photos.leclercdrive.fr/image.ashx?id=2932671&use=l&cat=p&typeid=i","cat":298297},{"id":67712,"n":"Yaourts nature Délisse Au lait chèvre - 4x125g","p":1.84,"u":"3,68 €/KG","img":"https://fd9-photos.leclercdrive.fr/image.ashx?id=1847192&use=l&cat=p&typeid=i","cat":314998},{"id":67723,"n":"Galettes Bio Bjorg 4 céréales - 2x 130g + 1 offert","p":2.33,"u":"5,97 €/KG","img":"https://fd9-photos.leclercdrive.fr/image.ashx?id=2158995&use=l&cat=p&typeid=i","cat":318651},{"id":67726,"n":"AOC Crémant de Bourgogne Veuve Ambal Rosé brut - 75cl","p":7.96,"u":"10,61 €/L","img":"https://fd9-photos.leclercdrive.fr/image.ashx?id=2021286&use=l&cat=p&typeid=i","cat":284545},{"id":67807,"n":"Nettoyant spray Clair Javel - Cuisine - 750ml","p":1.73,"u":"2,31 €/L","img":"https://fd9-photos.leclercdrive.fr/image.ashx?id=2840479&use=l&cat=p&typeid=i","cat":325357},{"id":67821,"n":"Bois d'allumage Euro energies Sac - 20L","p":4.44,"u":"0,22 €/L","img":"https://fd9-photos.leclercdrive.fr/image.ashx?id=2783141&use=l&cat=p&typeid=i","cat":300577},{"id":67875,"n":"The Pik Box Haribo Boîte bonbons acidulés - 550g","p":4.23,"u":"7,69 €/KG","img":"https://fd9-photos.leclercdrive.fr/image.ashx?id=2805219&use=l&cat=p&typeid=i","cat":304250},{"id":67879,"n":"Champagne Brut Mumm Demi bouteille 12%vol - 37.5cl","p":16.68,"u":"44,48 €/L","img":"https://fd9-photos.leclercdrive.fr/image.ashx?id=2998910&use=l&cat=p&typeid=i","cat":284542},{"id":67885,"n":"Crème fraîche épaisse Président Entière 30%mg - 45cl","p":2.32,"u":"5,16 €/L","img":"https://fd9-photos.leclercdrive.fr/image.ashx?id=2971948&use=l&cat=p&typeid=i","cat":284381},{"id":67890,"n":"Mélange de fruits de mer Costa - 360g","p":8.48,"u":"23,56 €/KG","img":"https://fd9-photos.leclercdrive.fr/image.ashx?id=2741132&use=l&cat=p&typeid=i","cat":319787},{"id":67892,"n":"Amandes décortiquées Sun 300g","p":6.52,"u":"21,73 €/KG","img":"https://fd9-photos.leclercdrive.fr/image.ashx?id=2765027&use=l&cat=p&typeid=i","cat":284448},{"id":67893,"n":"Datte Ravier La Favorite 250g","p":1.4,"u":"5,60 €/KG","img":"https://fd9-photos.leclercdrive.fr/image.ashx?id=2692215&use=l&cat=p&typeid=i","cat":284357},{"id":67895,"n":"Mélange apéritif torréfié 125g","p":2.08,"u":"16,64 €/KG","img":"https://fd9-photos.leclercdrive.fr/image.ashx?id=2213862&use=l&cat=p&typeid=i","cat":316002},{"id":67915,"n":"Baby carottes Florette 250g","p":2.24,"u":"8,96 €/KG","img":"https://fd9-photos.leclercdrive.fr/image.ashx?id=2786492&use=l&cat=p&typeid=i","cat":284352},{"id":67916,"n":"Croq' Radis Florette Sachet 200g","p":2.72,"u":"13,60 €/KG","img":"https://fd9-photos.leclercdrive.fr/image.ashx?id=2859344&use=l&cat=p&typeid=i","cat":284352},{"id":68010,"n":"Crème dessert Bio Les 2 vaches Vanille - 4x95g","p":1.86,"u":"4,89 €/KG","img":"https://fd9-photos.leclercdrive.fr/image.ashx?id=2774015&use=l&cat=p&typeid=i","cat":285041},{"id":68012,"n":"Crème dessert Bio Les 2 vaches Chocolat - 4x95g","p":1.83,"u":"4,82 €/KG","img":"https://fd9-photos.leclercdrive.fr/image.ashx?id=2774100&use=l&cat=p&typeid=i","cat":285041},{"id":68087,"n":"Ananas Douceur du Verger Tranches brisées -  340g","p":1.59,"u":"4,68 €/KG","img":"https://fd9-photos.leclercdrive.fr/image.ashx?id=2485086&use=l&cat=p&typeid=i","cat":284507},{"id":68088,"n":"Cannelle Rustica 39g","p":0.88,"u":"22,56 €/KG","img":"https://fd9-photos.leclercdrive.fr/image.ashx?id=2772960&use=l&cat=p&typeid=i","cat":298297},{"id":68093,"n":"Champignons Paris Notre Jardin Entiers - 2x115g","p":1.85,"u":"8,04 €/KG","img":"https://fd9-photos.leclercdrive.fr/image.ashx?id=2724699&use=l&cat=p&typeid=i","cat":312610},{"id":68095,"n":"Yaourt à la grecque YAOS Nature lit de fraises 4x125g","p":2.68,"u":"5,36 €/KG","img":"https://fd9-photos.leclercdrive.fr/image.ashx?id=2729734&use=l&cat=p&typeid=i","cat":314999},{"id":68097,"n":"Yaourt à la grecque YAOS Citron - 4x125g","p":2.73,"u":"5,46 €/KG","img":"https://fd9-photos.leclercdrive.fr/image.ashx?id=2578672&use=l&cat=p&typeid=i","cat":314999},{"id":68145,"n":"Courge Spaghetti  La pièce","p":2.99,"img":"https://fd9-photos.leclercdrive.fr/image.ashx?id=1631269&use=l&cat=p&typeid=i","cat":284352},{"id":68159,"n":"Lardons natures VPF 1kg","p":7.87,"u":"7,87 €/KG","img":"https://fd9-photos.leclercdrive.fr/image.ashx?id=1227789&use=l&cat=p&typeid=i","cat":316011},{"id":68214,"n":"Biscuits Petits Cœurs LU Chocolat - 125g","p":1.22,"u":"9,76 €/KG","img":"https://fd9-photos.leclercdrive.fr/image.ashx?id=3002021&use=l&cat=p&typeid=i","cat":284488},{"id":68217,"n":"Biscuits Croc Sablé Pépito  Chocolat - 294g","p":1.23,"u":"4,18 €/KG","img":"https://fd9-photos.leclercdrive.fr/image.ashx?id=2347254&use=l&cat=p&typeid=i","cat":284488},{"id":68276,"n":"Déodorant Carré Homme Marine Ice boost - 100ml","p":1.12,"u":"11,20 €/L","img":"https://fd9-photos.leclercdrive.fr/image.ashx?id=2440748&use=l&cat=p&typeid=i","cat":284618},{"id":68277,"n":"Déodorant Carré Homme Anti-transpirant - 100ml","p":1.12,"u":"11,20 €/L","img":"https://fd9-photos.leclercdrive.fr/image.ashx?id=2618232&use=l&cat=p&typeid=i","cat":284618},{"id":68278,"n":"Recharge gel lavant Manava Hypoallergénique - 250ml","p":0.66,"u":"2,64 €/L","img":"https://fd9-photos.leclercdrive.fr/image.ashx?id=2935537&use=l&cat=p&typeid=i","cat":284597},{"id":68355,"n":"Compote pomme poire Bio Bio Village - 4x100g","p":1.99,"u":"4,98 €/KG","img":"https://fd9-photos.leclercdrive.fr/image.ashx?id=2454638&use=l&cat=p&typeid=i","cat":284416},{"id":68399,"n":"Poisson pané Double délice   Findus x8 - 600g","p":5.5,"u":"9,17 €/KG","img":"https://fd9-photos.leclercdrive.fr/image.ashx?id=2679594&use=l&cat=p&typeid=i","cat":319788},{"id":68432,"n":"Gel WC Syphon Activ'Effect Fraîcheur pin - 750ml","p":0.8,"u":"1,07 €/L","img":"https://fd9-photos.leclercdrive.fr/image.ashx?id=2388382&use=l&cat=p&typeid=i","cat":284662},{"id":68445,"n":"Recharge crème lavante Manava Framboise pivoine - 250ml","p":0.57,"u":"2,28 €/L","img":"https://fd9-photos.leclercdrive.fr/image.ashx?id=2935510&use=l&cat=p&typeid=i","cat":284597},{"id":68451,"n":"Lingettes Inell Rafraichissantes - x10","p":1.08,"u":"0,11 €/P","img":"https://fd9-photos.leclercdrive.fr/image.ashx?id=2658132&use=l&cat=p&typeid=i","cat":284603},{"id":68452,"n":"Lingettes hygiène intime Doulys Individuelles - x16","p":1.59,"u":"0,10 €/P","img":"https://fd9-photos.leclercdrive.fr/image.ashx?id=2671825&use=l&cat=p&typeid=i","cat":284627},{"id":68453,"n":"Gel lavant Manava Hypoallergénique - 300ml","p":1.05,"u":"3,50 €/L","img":"https://fd9-photos.leclercdrive.fr/image.ashx?id=2935528&use=l&cat=p&typeid=i","cat":284597},{"id":68454,"n":"Savon noir Clair Mou - 1kg","p":4.3,"u":"4,30 €/KG","img":"https://fd9-photos.leclercdrive.fr/image.ashx?id=1294158&use=l&cat=p&typeid=i","cat":284907},{"id":68475,"n":"Culotte Chorys Médium nuit - x12","p":8.56,"u":"0,71 €/P","img":"https://fd9-photos.leclercdrive.fr/image.ashx?id=2716009&use=l&cat=p&typeid=i","cat":284628},{"id":68476,"n":"Culotte Chorys Absorption plus large nuit x10","p":7.14,"u":"0,71 €/P","img":"https://fd9-photos.leclercdrive.fr/image.ashx?id=2704490&use=l&cat=p&typeid=i","cat":284628},{"id":68486,"n":"Tampon Nett  Digital normal boite - x24","p":2.5,"u":"0,10 €/P","img":"https://fd9-photos.leclercdrive.fr/image.ashx?id=2359657&use=l&cat=p&typeid=i","cat":284626},{"id":68487,"n":"Tampons Nett Procomfort Digitaux - Super - x24","p":2.38,"u":"0,10 €/P","img":"https://fd9-photos.leclercdrive.fr/image.ashx?id=2502625&use=l&cat=p&typeid=i","cat":284626},{"id":68504,"n":"AOC Jurançon  Domaine Laguilhon - 75cl","p":8.86,"u":"11,81 €/L","img":"https://fd9-photos.leclercdrive.fr/image.ashx?id=2855223&use=l&cat=p&typeid=i","cat":289557},{"id":68668,"n":"Serpillère Vileda Ultramax Power","p":19.35,"img":"https://fd9-photos.leclercdrive.fr/image.ashx?id=2463353&use=l&cat=p&typeid=i","cat":284669},{"id":68670,"n":"Recharge Vileda Ultramax power 2 en 1","p":8.94,"img":"https://fd9-photos.leclercdrive.fr/image.ashx?id=2433271&use=l&cat=p&typeid=i","cat":284669},{"id":68671,"n":"Seau-essoreur Vileda Ultramax Power","p":12.59,"img":"https://fd9-photos.leclercdrive.fr/image.ashx?id=2463356&use=l&cat=p&typeid=i","cat":284669},{"id":68735,"n":"Thé vert Bio Clipper Détox - 20 sachets - 40g","p":2.02,"u":"50,50 €/KG","img":"https://fd9-photos.leclercdrive.fr/image.ashx?id=2922098&use=l&cat=p&typeid=i","cat":293233},{"id":68736,"n":"Thé vert Bio Clipper 20 sachets - 35g","p":2.24,"u":"64,00 €/KG","img":"https://fd9-photos.leclercdrive.fr/image.ashx?id=2912548&use=l&cat=p&typeid=i","cat":293233},{"id":68737,"n":"Crème de coco légère Bio Bjorg  20cl","p":1.5,"u":"7,50 €/L","img":"https://fd9-photos.leclercdrive.fr/image.ashx?id=2936386&use=l&cat=p&typeid=i","cat":288992},{"id":68738,"n":"Soja cuisine - semi-épaisse Bio Bjorg - 25cl","p":1.01,"u":"4,04 €/L","img":"https://fd9-photos.leclercdrive.fr/image.ashx?id=2906196&use=l&cat=p&typeid=i","cat":316069},{"id":68786,"n":"Coffret 54 boules argent 1 pièce","p":8.9,"img":"https://fd9-photos.leclercdrive.fr/image.ashx?id=1952398&use=l&cat=p&typeid=i","cat":335913},{"id":68824,"n":"Coton maxi carré Inell Aloé Vera - x50","p":1.75,"u":"0,04 €/P","img":"https://fd9-photos.leclercdrive.fr/image.ashx?id=1959190&use=l&cat=p&typeid=i","cat":284636},{"id":68844,"n":"Mini crackers Tokapi 75g","p":0.95,"u":"12,67 €/KG","img":"https://fd9-photos.leclercdrive.fr/image.ashx?id=2096458&use=l&cat=p&typeid=i","cat":297000},{"id":68862,"n":"Pâte à tartiner Nustikao 600g","p":2.73,"u":"4,55 €/KG","img":"https://fd9-photos.leclercdrive.fr/image.ashx?id=2814869&use=l&cat=p&typeid=i","cat":284481},{"id":68863,"n":"Compote Douceur du Verger Gourdes Pomme - 12x90g","p":2.95,"u":"2,73 €/KG","img":"https://fd9-photos.leclercdrive.fr/image.ashx?id=2317276&use=l&cat=p&typeid=i","cat":284508},{"id":68864,"n":"Compote Douceur du Verger Bocal pomme poire - 710g","p":1.75,"u":"2,46 €/KG","img":"https://fd9-photos.leclercdrive.fr/image.ashx?id=2263224&use=l&cat=p&typeid=i","cat":284508},{"id":68865,"n":"Compote Douceur du Verger Bocal pomme vanille - 710g","p":1.57,"u":"2,21 €/KG","img":"https://fd9-photos.leclercdrive.fr/image.ashx?id=2215951&use=l&cat=p&typeid=i","cat":284508},{"id":68866,"n":"Compote Douceur du Verger Bocal pomme - 710g","p":1.27,"u":"1,79 €/KG","img":"https://fd9-photos.leclercdrive.fr/image.ashx?id=2663536&use=l&cat=p&typeid=i","cat":284508},{"id":68868,"n":"Riz long Bio Village Bio semi complet - 500g","p":2.25,"u":"4,50 €/KG","img":"https://fd9-photos.leclercdrive.fr/image.ashx?id=2441513&use=l&cat=p&typeid=i","cat":284428},{"id":68881,"n":"Litchis Douceur du Verger Sirop léger - 250g","p":2.74,"u":"10,96 €/KG","img":"https://fd9-photos.leclercdrive.fr/image.ashx?id=2485089&use=l&cat=p&typeid=i","cat":284507},{"id":68882,"n":"Compote bio Bio Village Coupelle pomme - 8x100g","p":2.89,"u":"3,61 €/KG","img":"https://fd9-photos.leclercdrive.fr/image.ashx?id=1947749&use=l&cat=p&typeid=i","cat":284508},{"id":68902,"n":"Crackers Tokapi 100g","p":0.46,"u":"4,60 €/KG","img":"https://fd9-photos.leclercdrive.fr/image.ashx?id=2661073&use=l&cat=p&typeid=i","cat":297000},{"id":68913,"n":"Purificateur d'air Sanytol Désinfectant - 300ml","p":4.12,"u":"13,73 €/L","img":"https://fd9-photos.leclercdrive.fr/image.ashx?id=2901659&use=l&cat=p&typeid=i","cat":311626},{"id":68928,"n":"Soupe mouliné bio Knorr Potiron, carottes - 1L","p":3.3,"u":"3,30 €/L","img":"https://fd9-photos.leclercdrive.fr/image.ashx?id=2321763&use=l&cat=p&typeid=i","cat":284462},{"id":68930,"n":"Soupe liquide bio Knorr Légumes potager à la crème - 1L","p":3.45,"u":"3,45 €/L","img":"https://fd9-photos.leclercdrive.fr/image.ashx?id=2312572&use=l&cat=p&typeid=i","cat":284462},{"id":68951,"n":"Crème dessert La Laitière  Velours de crème caramel 4x85g","p":1.83,"u":"5,38 €/KG","img":"https://fd9-photos.leclercdrive.fr/image.ashx?id=3007930&use=l&cat=p&typeid=i","cat":285041},{"id":68952,"n":"Crème dessert La Laitière Velours de crème chocolat 4x85g","p":2.1,"u":"6,18 €/KG","img":"https://fd9-photos.leclercdrive.fr/image.ashx?id=2633824&use=l&cat=p&typeid=i","cat":285041},{"id":68953,"n":"Crème dessert La Laitière Chocolat Caramel - 4x85g","p":2.07,"u":"6,09 €/KG","img":"https://fd9-photos.leclercdrive.fr/image.ashx?id=2633827&use=l&cat=p&typeid=i","cat":285041},{"id":68986,"n":"Lait d'amande Bio Village Sans sucre bio - 1L","p":1.41,"u":"1,41 €/L","img":"https://fd9-photos.leclercdrive.fr/image.ashx?id=2358099&use=l&cat=p&typeid=i","cat":316067},{"id":68996,"n":"Crackers bio Bio Village Emmental courge - 200g","p":2.69,"u":"13,45 €/KG","img":"https://fd9-photos.leclercdrive.fr/image.ashx?id=2310507&use=l&cat=p&typeid=i","cat":297000},{"id":69006,"n":"Tomates séchées Rustica Bocal - 280g","p":2.5,"u":"8,93 €/KG","img":"https://fd9-photos.leclercdrive.fr/image.ashx?id=2539457&use=l&cat=p&typeid=i","cat":284458},{"id":69011,"n":"Petit beurre Sans Gluten 130g","p":1.82,"u":"14,00 €/KG","img":"https://fd9-photos.leclercdrive.fr/image.ashx?id=2460622&use=l&cat=p&typeid=i","cat":318654},{"id":69061,"n":"Yaourt nature Danone 4x125g","p":0.97,"u":"1,94 €/KG","img":"https://fd9-photos.leclercdrive.fr/image.ashx?id=2911184&use=l&cat=p&typeid=i","cat":284409},{"id":69062,"n":"Yaourt nature Danone 12x125g","p":2.82,"u":"1,88 €/KG","img":"https://fd9-photos.leclercdrive.fr/image.ashx?id=2915688&use=l&cat=p&typeid=i","cat":284409},{"id":69063,"n":"Yaourt nature Danone 16x125g","p":3.19,"u":"1,60 €/KG","img":"https://fd9-photos.leclercdrive.fr/image.ashx?id=2915691&use=l&cat=p&typeid=i","cat":284409},{"id":69067,"n":"Crème dessert Délisse Saveur cookies - 4x125g","p":1.52,"u":"3,04 €/KG","img":"https://fd9-photos.leclercdrive.fr/image.ashx?id=2441405&use=l&cat=p&typeid=i","cat":285041},{"id":69069,"n":"Yaourts brassés velouté Danone Nature - 12x125g","p":3.66,"u":"2,44 €/KG","img":"https://fd9-photos.leclercdrive.fr/image.ashx?id=2865581&use=l&cat=p&typeid=i","cat":284409},{"id":69074,"n":"Yaourts brassés Velouté Danone Nature - 8x125g","p":2.55,"u":"2,55 €/KG","img":"https://fd9-photos.leclercdrive.fr/image.ashx?id=2865590&use=l&cat=p&typeid=i","cat":284409},{"id":69084,"n":"petit suisse aux fruits danonino - 6x100g","p":3.16,"u":"5,27 €/KG","img":"https://fd9-photos.leclercdrive.fr/image.ashx?id=3003134&use=l&cat=p&typeid=i","cat":284414},{"id":69107,"n":"Muesli croustillant nature bio  Terres et Céréales - 1kg","p":4.53,"u":"4,53 €/KG","img":"https://fd9-photos.leclercdrive.fr/image.ashx?id=2802446&use=l&cat=p&typeid=i","cat":309512},{"id":69128,"n":"Chocolat Excellence Abtey Chardons Ball - 220g","p":6.83,"u":"31,05 €/KG","img":"https://fd9-photos.leclercdrive.fr/image.ashx?id=2367178&use=l&cat=p&typeid=i","cat":327595},{"id":69141,"n":"Papier cuisson Elembal Rouleau 8m","p":1.08,"u":"0,14 €/MT","img":"https://fd9-photos.leclercdrive.fr/image.ashx?id=2169168&use=l&cat=p&typeid=i","cat":334134},{"id":69145,"n":"Crème lavante Manava Framboise pivoine - 300ml","p":1.28,"u":"4,27 €/L","img":"https://fd9-photos.leclercdrive.fr/image.ashx?id=2935507&use=l&cat=p&typeid=i","cat":284597},{"id":69148,"n":"Café dosettes Tassimo L'Or Café Long Intense x16","p":4.84,"u":"37,81 €/KG","img":"https://fd9-photos.leclercdrive.fr/image.ashx?id=2290599&use=l&cat=p&typeid=i","cat":293240},{"id":69150,"n":"Nettoyant multi surfaces Clair Citron - 1.5L","p":1.7,"u":"1,13 €/L","img":"https://fd9-photos.leclercdrive.fr/image.ashx?id=2534211&use=l&cat=p&typeid=i","cat":284907},{"id":69151,"n":"Nettoyant multi surfaces Clair Pins - 1.5L","p":1.7,"u":"1,13 €/L","img":"https://fd9-photos.leclercdrive.fr/image.ashx?id=2369164&use=l&cat=p&typeid=i","cat":284907},{"id":69152,"n":"Nettoyant multi surfaces Clair Fleurs - 1.5L","p":1.7,"u":"1,13 €/L","img":"https://fd9-photos.leclercdrive.fr/image.ashx?id=2381556&use=l&cat=p&typeid=i","cat":284907},{"id":69153,"n":"Nettoyant multi surfaces Clair Fraîcheur pure - 1.5L","p":1.7,"u":"1,13 €/L","img":"https://fd9-photos.leclercdrive.fr/image.ashx?id=2373263&use=l&cat=p&typeid=i","cat":284907},{"id":69154,"n":"Nettoyant multi surfaces Clair Savon de Marseille - 1.5L","p":1.7,"u":"1,13 €/L","img":"https://fd9-photos.leclercdrive.fr/image.ashx?id=2858845&use=l&cat=p&typeid=i","cat":284907},{"id":69155,"n":"Nettoyant multi surfaces Clair Savon noir - 1.5L","p":1.7,"u":"1,13 €/L","img":"https://fd9-photos.leclercdrive.fr/image.ashx?id=2849584&use=l&cat=p&typeid=i","cat":284907},{"id":69171,"n":"Détachant Système 8 Ace Délicat Bouquet Méditerranée - 2L","p":4.38,"u":"2,19 €/L","img":"https://fd9-photos.leclercdrive.fr/image.ashx?id=2559155&use=l&cat=p&typeid=i","cat":284651},{"id":69213,"n":"Frites à peau McCain Côté Resto - 650g","p":2.35,"u":"3,62 €/KG","img":"https://fd9-photos.leclercdrive.fr/image.ashx?id=2927047&use=l&cat=p&typeid=i","cat":319791},{"id":69215,"n":"Pains wrap Epi d'Or Nature x6 - 383g","p":1.95,"u":"5,09 €/KG","img":"https://fd9-photos.leclercdrive.fr/image.ashx?id=2998883&use=l&cat=p&typeid=i","cat":284985},{"id":69218,"n":"Mini toasts Epi d'or Carré - 120g","p":1.79,"u":"14,92 €/KG","img":"https://fd9-photos.leclercdrive.fr/image.ashx?id=2564339&use=l&cat=p&typeid=i","cat":285454},{"id":69233,"n":"Capsules café L'Or Espresso Ristretto N°11 x10","p":3.25,"u":"62,50 €/KG","img":"https://fd9-photos.leclercdrive.fr/image.ashx?id=2260869&use=l&cat=p&typeid=i","cat":284749},{"id":69265,"n":"Tartinade d'artichauts  Sud & Sol - 150g","p":2.3,"u":"15,33 €/KG","img":"https://fd9-photos.leclercdrive.fr/image.ashx?id=2937304&use=l&cat=p&typeid=i","cat":315999},{"id":69280,"n":"Couches bébé Mots d'enfants Midi T3 4/9kg - x50 changes","p":6.35,"u":"0,13 €/P","img":"https://fd9-photos.leclercdrive.fr/image.ashx?id=2699717&use=l&cat=p&typeid=i","cat":284737},{"id":69281,"n":"Couches bébé Mots d'enfants Ultra confort T4 7/18kg - x44","p":6.35,"u":"0,14 €/P","img":"https://fd9-photos.leclercdrive.fr/image.ashx?id=2699720&use=l&cat=p&typeid=i","cat":284737},{"id":69282,"n":"Couches bébé Mots d'enfants Ultra confort T4+  9/20kg - x41","p":6.35,"u":"0,15 €/P","img":"https://fd9-photos.leclercdrive.fr/image.ashx?id=2699723&use=l&cat=p&typeid=i","cat":284737},{"id":69283,"n":"Couches bébé Mots d'enfants Ultra confort T5 11/25kg - x39","p":6.35,"u":"0,16 €/P","img":"https://fd9-photos.leclercdrive.fr/image.ashx?id=2699726&use=l&cat=p&typeid=i","cat":284737},{"id":69284,"n":"Couches bébé Mots d'enfants Ultra confort T6  16/23kg - x33","p":6.35,"u":"0,19 €/P","img":"https://fd9-photos.leclercdrive.fr/image.ashx?id=2699729&use=l&cat=p&typeid=i","cat":284737},{"id":69286,"n":"Couches bébé Mots d'enfants T5 Ultra confort 11/25kg - x136","p":20.66,"u":"0,15 €/P","img":"https://fd9-photos.leclercdrive.fr/image.ashx?id=2691833&use=l&cat=p&typeid=i","cat":284737},{"id":69317,"n":"Eau minérale naturelle Vittel 6x1.5L","p":2.86,"u":"0,32 €/L","img":"https://fd9-photos.leclercdrive.fr/image.ashx?id=3000441&use=l&cat=p&typeid=i","cat":284535},{"id":69319,"n":"Pur jus Jafaden Pomme goyave citron - 1L","p":2.15,"u":"2,15 €/L","img":"https://fd9-photos.leclercdrive.fr/image.ashx?id=2956765&use=l&cat=p&typeid=i","cat":284917},{"id":69327,"n":"Piles Duracell MN21 x2","p":8.22,"u":"4,11 €/P","img":"https://fd9-photos.leclercdrive.fr/image.ashx?id=2328739&use=l&cat=p&typeid=i","cat":300572},{"id":69335,"n":"Piles rechargeables Duracell 2500mAh AA - x4","p":11.95,"img":"https://fd9-photos.leclercdrive.fr/image.ashx?id=2862833&use=l&cat=p&typeid=i","cat":300572},{"id":69336,"n":"Piles Ultra Duracell RCR 850 AAA - x4","p":13.95,"img":"https://fd9-photos.leclercdrive.fr/image.ashx?id=2421949&use=l&cat=p&typeid=i","cat":300572},{"id":69385,"n":"Fromage à Raclette RichesMonts  Duo Classique 3 Poivres - 420G","p":6.45,"u":"15,36 €/KG","img":"https://fd9-photos.leclercdrive.fr/image.ashx?id=2953818&use=l&cat=p&typeid=i","cat":314037},{"id":69396,"n":"Fromage à Raclette RichesMonts  Sans croûte 18 Tranches - 420g","p":6.16,"u":"14,67 €/KG","img":"https://fd9-photos.leclercdrive.fr/image.ashx?id=2960765&use=l&cat=p&typeid=i","cat":314037},{"id":69442,"n":"Madeleines NRT Caramel - 330g","p":3.29,"u":"9,97 €/KG","img":"https://fd9-photos.leclercdrive.fr/image.ashx?id=2607885&use=l&cat=p&typeid=i","cat":284492},{"id":69679,"n":"Yaourt à la grecque YAOS Nature lit de myrtilles 4x125g","p":2.77,"u":"5,54 €/KG","img":"https://fd9-photos.leclercdrive.fr/image.ashx?id=2614933&use=l&cat=p&typeid=i","cat":314999},{"id":69680,"n":"Yaourt à la grecque YAOS Nature lit de pêches 4x125g","p":2.76,"u":"5,52 €/KG","img":"https://fd9-photos.leclercdrive.fr/image.ashx?id=2539533&use=l&cat=p&typeid=i","cat":314999},{"id":69690,"n":"Mascarpone 41.5% mg Galbani 500g","p":5.43,"u":"10,86 €/KG","img":"https://fd9-photos.leclercdrive.fr/image.ashx?id=2832470&use=l&cat=p&typeid=i","cat":314026},{"id":69720,"n":"Gougères au fromage Côté Table x20 - 140g","p":3.76,"u":"26,86 €/KG","img":"https://fd9-photos.leclercdrive.fr/image.ashx?id=2726709&use=l&cat=p&typeid=i","cat":319774},{"id":69739,"n":"Mini feuilletés Côté Table Apéritifs - x30 - 360g","p":3.72,"u":"10,33 €/KG","img":"https://fd9-photos.leclercdrive.fr/image.ashx?id=2212509&use=l&cat=p&typeid=i","cat":319774},{"id":69741,"n":"Mini-feuilletés Côté Table Apéritifs - x40 - 350g","p":3.37,"u":"9,63 €/KG","img":"https://fd9-photos.leclercdrive.fr/image.ashx?id=2632873&use=l&cat=p&typeid=i","cat":319774},{"id":69797,"n":"Aligot Coeur d'Aveyron 450g","p":4.95,"u":"11,00 €/KG","img":"https://fd9-photos.leclercdrive.fr/image.ashx?id=2346972&use=l&cat=p&typeid=i","cat":333665},{"id":69803,"n":"Riz provençale Bonduelle Thon - 320g","p":1.94,"u":"6,06 €/KG","img":"https://fd9-photos.leclercdrive.fr/image.ashx?id=2907905&use=l&cat=p&typeid=i","cat":333657},{"id":69806,"n":"Pavé de boeuf Tendre & Plus A l'échalote marinés x2 - 260g","p":5.21,"u":"20,04 €/KG","img":"https://fd9-photos.leclercdrive.fr/image.ashx?id=2235383&use=l&cat=p&typeid=i","cat":284328},{"id":69910,"n":"Origan Rustica 11g","p":0.45,"u":"40,91 €/KG","img":"https://fd9-photos.leclercdrive.fr/image.ashx?id=2991443&use=l&cat=p&typeid=i","cat":298297},{"id":70062,"n":"Abricots moelleux 375g","p":5.89,"u":"15,71 €/KG","img":"https://fd9-photos.leclercdrive.fr/image.ashx?id=2906466&use=l&cat=p&typeid=i","cat":284357},{"id":70114,"n":"Biscuits p'tit dèj BN Extra céréales complètes - 200g","p":1.69,"u":"8,45 €/KG","img":"https://fd9-photos.leclercdrive.fr/image.ashx?id=2603471&use=l&cat=p&typeid=i","cat":284491},{"id":70117,"n":"Biscuits Mc Vitie's Original - 400g","p":1.76,"u":"4,40 €/KG","img":"https://fd9-photos.leclercdrive.fr/image.ashx?id=2310182&use=l&cat=p&typeid=i","cat":284487},{"id":70118,"n":"Biscuits Mc Vitie's Chocolat au lait - 300g","p":1.97,"u":"6,57 €/KG","img":"https://fd9-photos.leclercdrive.fr/image.ashx?id=2589491&use=l&cat=p&typeid=i","cat":284488},{"id":70123,"n":"Fromage blanc Danone Nature 3%MG - 8x100g","p":3.01,"u":"3,76 €/KG","img":"https://fd9-photos.leclercdrive.fr/image.ashx?id=2792075&use=l&cat=p&typeid=i","cat":284409},{"id":70334,"n":"Kasteel rouge  8° 75cl","p":4.64,"u":"6,19 €/L","img":"https://fd9-photos.leclercdrive.fr/image.ashx?id=2981325&use=l&cat=p&typeid=i","cat":334872},{"id":70344,"n":"Triple Secret des Moines 8%  - 75cl","p":4.0,"u":"5,33 €/L","img":"https://fd9-photos.leclercdrive.fr/image.ashx?id=2947991&use=l&cat=p&typeid=i","cat":334872},{"id":70389,"n":"Café dosettes Tassimo L'Or Cappuccino x8","p":4.78,"u":"17,90 €/KG","img":"https://fd9-photos.leclercdrive.fr/image.ashx?id=2100305&use=l&cat=p&typeid=i","cat":293240},{"id":70559,"n":"Ciboulette bio Bio Village 4g","p":0.68,"u":"170,00 €/KG","img":"https://fd9-photos.leclercdrive.fr/image.ashx?id=2426106&use=l&cat=p&typeid=i","cat":298297},{"id":70579,"n":"Fromage Caprice des Dieux  200g","p":2.96,"u":"14,80 €/KG","img":"https://fd9-photos.leclercdrive.fr/image.ashx?id=2762438&use=l&cat=p&typeid=i","cat":314033},{"id":70640,"n":"Mayonnaise Rustica Ma recette - 235g","p":1.38,"u":"5,87 €/KG","img":"https://fd9-photos.leclercdrive.fr/image.ashx?id=2045127&use=l&cat=p&typeid=i","cat":298295},{"id":70980,"n":"Crousty chicken Le Gaulois L'original - 400g","p":5.8,"u":"14,50 €/KG","img":"https://fd9-photos.leclercdrive.fr/image.ashx?id=2967765&use=l&cat=p&typeid=i","cat":333684},{"id":70993,"n":"Coulommiers Président  350g","p":2.87,"u":"8,20 €/KG","img":"https://fd9-photos.leclercdrive.fr/image.ashx?id=2029862&use=l&cat=p&typeid=i","cat":314033},{"id":71060,"n":"Basilic Rustica 11g","p":0.39,"u":"35,45 €/KG","img":"https://fd9-photos.leclercdrive.fr/image.ashx?id=2772957&use=l&cat=p&typeid=i","cat":298297},{"id":71066,"n":"Moutarde à l'ancienne Origine du Goût-Au vinaigre cidre -100g","p":1.39,"u":"13,90 €/KG","img":"https://fd9-photos.leclercdrive.fr/image.ashx?id=2794850&use=l&cat=p&typeid=i","cat":288850},{"id":71067,"n":"Moutarde L'Origine du Goût Poivre vert de Madagascar -100g","p":1.39,"u":"13,90 €/KG","img":"https://fd9-photos.leclercdrive.fr/image.ashx?id=2711631&use=l&cat=p&typeid=i","cat":288850},{"id":71069,"n":"Moutarde à l'ancienne Origine du Goût -Piment espelette -100g","p":1.39,"u":"13,90 €/KG","img":"https://fd9-photos.leclercdrive.fr/image.ashx?id=2794853&use=l&cat=p&typeid=i","cat":288850},{"id":71070,"n":"Moutarde au vinaigre balsamique L'Origine du Goût -100g","p":1.39,"u":"13,90 €/KG","img":"https://fd9-photos.leclercdrive.fr/image.ashx?id=2711637&use=l&cat=p&typeid=i","cat":288850},{"id":71071,"n":"Vinaigre L'Origine du Goût Pulpe de mangue - 20cl","p":3.49,"u":"17,45 €/L","img":"https://fd9-photos.leclercdrive.fr/image.ashx?id=1709955&use=l&cat=p&typeid=i","cat":298543},{"id":71072,"n":"Vinaigre Pulpe de framboise L'Origine du goût - 20cl","p":3.99,"u":"19,95 €/L","img":"https://fd9-photos.leclercdrive.fr/image.ashx?id=1709958&use=l&cat=p&typeid=i","cat":298543},{"id":71075,"n":"Vinaigrette biphase Rustica Tomate/ Balsamique - 50cl","p":2.72,"u":"5,44 €/L","img":"https://fd9-photos.leclercdrive.fr/image.ashx?id=1972937&use=l&cat=p&typeid=i","cat":284456},{"id":71076,"n":"Vinaigrette Rustica Moutarde ancienne - 1L","p":1.78,"u":"1,78 €/L","img":"https://fd9-photos.leclercdrive.fr/image.ashx?id=1957767&use=l&cat=p&typeid=i","cat":284456},{"id":71077,"n":"Vinaigrette biphase Rustica Ciboulette/Echalote - 50cl","p":2.79,"u":"5,58 €/L","img":"https://fd9-photos.leclercdrive.fr/image.ashx?id=1943241&use=l&cat=p&typeid=i","cat":284456},{"id":71090,"n":"Boisson énergisante Red bull 6x250ml","p":6.76,"u":"4,51 €/L","img":"https://fd9-photos.leclercdrive.fr/image.ashx?id=3011989&use=l&cat=p&typeid=i","cat":284533},{"id":71099,"n":"IGP Pays d'Oc Merlot vin rouge Vieux Carion 12% vol - BIB 3L","p":7.99,"u":"2,66 €/L","img":"https://fd9-photos.leclercdrive.fr/image.ashx?id=2905231&use=l&cat=p&typeid=i","cat":289560},{"id":71100,"n":"IGP Pays d'Oc vin rouge Vieux Carion - BIB 3L","p":7.99,"u":"2,66 €/L","img":"https://fd9-photos.leclercdrive.fr/image.ashx?id=2943103&use=l&cat=p&typeid=i","cat":289560},{"id":71102,"n":"Bière Desperados 65cl","p":2.74,"u":"4,22 €/L","img":"https://fd9-photos.leclercdrive.fr/image.ashx?id=2977960&use=l&cat=p&typeid=i","cat":334878},{"id":71106,"n":"Ail semoule Rustica 110g","p":1.39,"u":"12,64 €/KG","img":"https://fd9-photos.leclercdrive.fr/image.ashx?id=2870038&use=l&cat=p&typeid=i","cat":298297},{"id":71107,"n":"Bouquet garni entier Rustica 17g","p":1.68,"u":"98,82 €/KG","img":"https://fd9-photos.leclercdrive.fr/image.ashx?id=1710608&use=l&cat=p&typeid=i","cat":298297},{"id":71154,"n":"Arôme vanille Tablier Blanc 200ml","p":2.31,"u":"11,55 €/L","img":"https://fd9-photos.leclercdrive.fr/image.ashx?id=2487476&use=l&cat=p&typeid=i","cat":284504},{"id":71155,"n":"Ail semoule Rustica Flacon - 60g","p":0.99,"u":"16,50 €/KG","img":"https://fd9-photos.leclercdrive.fr/image.ashx?id=2797790&use=l&cat=p&typeid=i","cat":298297},{"id":71156,"n":"Moulin 5 baies Rustica Flacon - 24g","p":1.19,"u":"49,58 €/KG","img":"https://fd9-photos.leclercdrive.fr/image.ashx?id=2907231&use=l&cat=p&typeid=i","cat":284457},{"id":71157,"n":"Herbe de provence haché Rustica 40g","p":0.88,"u":"22,00 €/KG","img":"https://fd9-photos.leclercdrive.fr/image.ashx?id=2935226&use=l&cat=p&typeid=i","cat":298297},{"id":71162,"n":"Assortiment crackers Tokapi 85g","p":0.69,"u":"8,12 €/KG","img":"https://fd9-photos.leclercdrive.fr/image.ashx?id=1926981&use=l&cat=p&typeid=i","cat":297000},{"id":71164,"n":"Gel lavant Bionaïa Abricot bio - 300ml","p":1.79,"u":"5,97 €/L","img":"https://fd9-photos.leclercdrive.fr/image.ashx?id=2935525&use=l&cat=p&typeid=i","cat":284597},{"id":71232,"n":"Scotch Whisky William Peel Edition limitée 40%vol - 1L","p":16.55,"pp":15.55,"u":"15,55 €/L","img":"https://fd9-photos.leclercdrive.fr/image.ashx?id=2867014&use=l&cat=p&typeid=i","cat":284547},{"id":71320,"n":"Whisky japonais Togouchi Premium - 40%vol - 70cl","p":35.37,"u":"50,53 €/L","img":"https://fd9-photos.leclercdrive.fr/image.ashx?id=2685291&use=l&cat=p&typeid=i","cat":284547},{"id":71417,"n":"Petits pois très fins Eco  560g","p":1.15,"u":"2,05 €/KG","img":"https://fd9-photos.leclercdrive.fr/image.ashx?id=3003711&use=l&cat=p&typeid=i","cat":312607},{"id":71419,"n":"Petits pois carottes Eco  530g","p":1.12,"u":"2,11 €/KG","img":"https://fd9-photos.leclercdrive.fr/image.ashx?id=3003714&use=l&cat=p&typeid=i","cat":312607},{"id":71423,"n":"Flageolets verts fins Eco  530g","p":1.19,"u":"2,25 €/KG","img":"https://fd9-photos.leclercdrive.fr/image.ashx?id=2720012&use=l&cat=p&typeid=i","cat":312606},{"id":71426,"n":"Lentilles Eco+ 530g","p":1.02,"u":"1,92 €/KG","img":"https://fd9-photos.leclercdrive.fr/image.ashx?id=2699087&use=l&cat=p&typeid=i","cat":312609},{"id":71429,"n":"Haricots verts extra fins Eco  440g","p":1.04,"u":"2,36 €/KG","img":"https://fd9-photos.leclercdrive.fr/image.ashx?id=3003726&use=l&cat=p&typeid=i","cat":312606},{"id":71431,"n":"Tomates entières pelées Eco+ - 480g","p":1.1,"u":"2,29 €/KG","img":"https://fd9-photos.leclercdrive.fr/image.ashx?id=3003729&use=l&cat=p&typeid=i","cat":312608},{"id":71433,"n":"Choux-fleurs Eco+ 1kg","p":1.31,"u":"1,31 €/KG","img":"https://fd9-photos.leclercdrive.fr/image.ashx?id=2892334&use=l&cat=p&typeid=i","cat":319805},{"id":71439,"n":"Filets de colin d'Alaska Eco+ 10x100g","p":5.32,"u":"5,32 €/KG","img":"https://fd9-photos.leclercdrive.fr/image.ashx?id=1668300&use=l&cat=p&typeid=i","cat":319786},{"id":71440,"n":"Curry poudre bio Ducros Flacon - 36g","p":2.24,"u":"62,22 €/KG","img":"https://fd9-photos.leclercdrive.fr/image.ashx?id=2484071&use=l&cat=p&typeid=i","cat":298297},{"id":71441,"n":"Ail bio Ducros Flacon - 52g","p":2.82,"u":"54,23 €/KG","img":"https://fd9-photos.leclercdrive.fr/image.ashx?id=2484077&use=l&cat=p&typeid=i","cat":298297},{"id":71442,"n":"Cassoulet Eco+ 840g","p":1.97,"u":"2,35 €/KG","img":"https://fd9-photos.leclercdrive.fr/image.ashx?id=2847937&use=l&cat=p&typeid=i","cat":284440},{"id":71444,"n":"Galettes au beurre Eco+ x16 - 125g","p":0.64,"u":"5,12 €/KG","img":"https://fd9-photos.leclercdrive.fr/image.ashx?id=2746781&use=l&cat=p&typeid=i","cat":284487},{"id":71446,"n":"Biscuits aux oeufs Eco+ x60 - 400g","p":1.57,"u":"3,93 €/KG","img":"https://fd9-photos.leclercdrive.fr/image.ashx?id=2804136&use=l&cat=p&typeid=i","cat":284487},{"id":71448,"n":"Raviolis à la sauce tomate Eco+ 800g","p":1.69,"u":"2,11 €/KG","img":"https://fd9-photos.leclercdrive.fr/image.ashx?id=2688288&use=l&cat=p&typeid=i","cat":284442},{"id":71460,"n":"Poudre à lever bio Vahiné 5 sachets - 35g","p":0.85,"u":"24,29 €/KG","img":"https://fd9-photos.leclercdrive.fr/image.ashx?id=2559832&use=l&cat=p&typeid=i","cat":294686},{"id":71461,"n":"Sucre vanillé bio Vahiné 5 sachets - 35G","p":2.87,"u":"82,00 €/KG","img":"https://fd9-photos.leclercdrive.fr/image.ashx?id=2559835&use=l&cat=p&typeid=i","cat":284504},{"id":71462,"n":"Pépites chocolat noirVahiné Bio - 100g","p":2.38,"u":"23,80 €/KG","img":"https://fd9-photos.leclercdrive.fr/image.ashx?id=2504227&use=l&cat=p&typeid=i","cat":284504},{"id":71463,"n":"Raisins secs bio Vahiné 200g","p":2.74,"u":"13,70 €/KG","img":"https://fd9-photos.leclercdrive.fr/image.ashx?id=2559844&use=l&cat=p&typeid=i","cat":284357},{"id":71468,"n":"Spécialité au soja Nat&Vie Café - 4x100g","p":1.45,"u":"3,63 €/KG","img":"https://fd9-photos.leclercdrive.fr/image.ashx?id=2901470&use=l&cat=p&typeid=i","cat":316071},{"id":71469,"n":"DOC Prosecco extra-dry blanc 7% vol - 75cl","p":4.99,"u":"6,65 €/L","img":"https://fd9-photos.leclercdrive.fr/image.ashx?id=2977171&use=l&cat=p&typeid=i","cat":289461},{"id":71472,"n":"Queues de Langouste  Cuisine & Océan - 500g","p":29.9,"u":"59,80 €/KG","img":"https://fd9-photos.leclercdrive.fr/image.ashx?id=2291333&use=l&cat=p&typeid=i","cat":319787},{"id":71473,"n":"Vin d'Espagne blanc Chardonnay Adrien Champaud - BIB 5L","p":11.99,"u":"2,40 €/L","img":"https://fd9-photos.leclercdrive.fr/image.ashx?id=2959617&use=l&cat=p&typeid=i","cat":289557},{"id":71479,"n":"Cookies P'tit Déli Paillettes muticolores - 150g","p":1.45,"u":"9,67 €/KG","img":"https://fd9-photos.leclercdrive.fr/image.ashx?id=2939064&use=l&cat=p&typeid=i","cat":325066},{"id":71488,"n":"Mini chinois Epi d'Or Pepites de chocolat x6 - 300g","p":1.85,"u":"6,17 €/KG","img":"https://fd9-photos.leclercdrive.fr/image.ashx?id=2867916&use=l&cat=p&typeid=i","cat":296366},{"id":71490,"n":"Vin d'Espagne blanc Sauvignon Adrien Champaud - BIB 5L","p":9.99,"u":"2,00 €/L","img":"https://fd9-photos.leclercdrive.fr/image.ashx?id=2960511&use=l&cat=p&typeid=i","cat":289560},{"id":71498,"n":"Lait concentré Délisse Non sucré x10  - 75g","p":0.44,"u":"5,87 €/KG","img":"https://fd9-photos.leclercdrive.fr/image.ashx?id=2671822&use=l&cat=p&typeid=i","cat":299162},{"id":71511,"n":"Coquilles St-Jacques Côté Table 2x90g","p":4.1,"u":"22,78 €/KG","img":"https://fd9-photos.leclercdrive.fr/image.ashx?id=2234975&use=l&cat=p&typeid=i","cat":319775},{"id":71519,"n":"Yaourt Bio Bio Village Aromatisé Citron - 4x125g","p":1.39,"u":"2,78 €/KG","img":"https://fd9-photos.leclercdrive.fr/image.ashx?id=2289666&use=l&cat=p&typeid=i","cat":286006},{"id":71523,"n":"Sablés pur beurre P'tit Déli Coco - 100g","p":1.89,"u":"18,90 €/KG","img":"https://fd9-photos.leclercdrive.fr/image.ashx?id=2709704&use=l&cat=p&typeid=i","cat":284487},{"id":71524,"n":"Goûter rectangle P'tit Déli Fourré chocolat - 125g","p":1.19,"u":"9,52 €/KG","img":"https://fd9-photos.leclercdrive.fr/image.ashx?id=2619725&use=l&cat=p&typeid=i","cat":284488},{"id":71528,"n":"Fromage frais nature Bio Bio village - 8x100g","p":3.16,"u":"3,95 €/KG","img":"https://fd9-photos.leclercdrive.fr/image.ashx?id=2839950&use=l&cat=p&typeid=i","cat":284409},{"id":71531,"n":"Crème fraiche bio Bio village Epaisse - 30% MG  - 50cl","p":2.66,"u":"5,32 €/L","img":"https://fd9-photos.leclercdrive.fr/image.ashx?id=1975050&use=l&cat=p&typeid=i","cat":284381},{"id":71553,"n":"Déodorant Manava Freesia Orchidée - 200ml","p":1.34,"u":"6,70 €/L","img":"https://fd9-photos.leclercdrive.fr/image.ashx?id=2656454&use=l&cat=p&typeid=i","cat":284595},{"id":71555,"n":"Miel  Nid D'Abeille Montagne d'Espagne - 500g","p":5.27,"u":"10,54 €/KG","img":"https://fd9-photos.leclercdrive.fr/image.ashx?id=1952922&use=l&cat=p&typeid=i","cat":287643},{"id":71557,"n":"Mini sables P'tit Déli Chocolat au lait - 160g","p":1.89,"u":"11,81 €/KG","img":"https://fd9-photos.leclercdrive.fr/image.ashx?id=2323295&use=l&cat=p&typeid=i","cat":284488},{"id":71565,"n":"Pêches Douceur du Verger Sirop léger - 465g","p":1.62,"u":"3,48 €/KG","img":"https://fd9-photos.leclercdrive.fr/image.ashx?id=2666471&use=l&cat=p&typeid=i","cat":284507},{"id":71566,"n":"Sauce Soja Tables Du Monde 125ml","p":0.83,"u":"6,64 €/L","img":"https://fd9-photos.leclercdrive.fr/image.ashx?id=2679765&use=l&cat=p&typeid=i","cat":288992},{"id":71568,"n":"Sauce soja sucrée Table du monde - 125ml","p":0.83,"u":"6,64 €/L","img":"https://fd9-photos.leclercdrive.fr/image.ashx?id=2679762&use=l&cat=p&typeid=i","cat":288992},{"id":71570,"n":"Palmiers P'tit Déli Zestes Citron - 100g","p":0.86,"u":"8,60 €/KG","img":"https://fd9-photos.leclercdrive.fr/image.ashx?id=2331321&use=l&cat=p&typeid=i","cat":284487},{"id":71574,"n":"Gaufrettes P'tit Déli Chocolat noisette - 160g","p":1.54,"u":"9,63 €/KG","img":"https://fd9-photos.leclercdrive.fr/image.ashx?id=2915302&use=l&cat=p&typeid=i","cat":284488},{"id":71575,"n":"Test de grossesse Primoplast x1","p":0.74,"img":"https://fd9-photos.leclercdrive.fr/image.ashx?id=2832975&use=l&cat=p&typeid=i","cat":324482},{"id":71578,"n":"Crème lavante Manava Surgras - 300ml","p":1.12,"u":"3,73 €/L","img":"https://fd9-photos.leclercdrive.fr/image.ashx?id=2935513&use=l&cat=p&typeid=i","cat":284597},{"id":71579,"n":"Recharge crème lavante Manava Surgras - 250ml","p":0.66,"u":"2,64 €/L","img":"https://fd9-photos.leclercdrive.fr/image.ashx?id=2935516&use=l&cat=p&typeid=i","cat":284597},{"id":71599,"n":"Bicarbonate de soude Clair 500g","p":1.5,"u":"3,00 €/KG","img":"https://fd9-photos.leclercdrive.fr/image.ashx?id=2822129&use=l&cat=p&typeid=i","cat":325365},{"id":71602,"n":"Change bébé Mots d'Enfants Nouveau né - T1 - 2/5kg - x23","p":2.59,"u":"0,11 €/P","img":"https://fd9-photos.leclercdrive.fr/image.ashx?id=2907225&use=l&cat=p&typeid=i","cat":284737},{"id":71629,"n":"Boisson végétale Bio Village Lait amande intense bio - 1l","p":2.39,"u":"2,39 €/L","img":"https://fd9-photos.leclercdrive.fr/image.ashx?id=2386185&use=l&cat=p&typeid=i","cat":316067},{"id":71640,"n":"Coeur de filet de saumon fumé  D'Écosse L'origine du goût 140g","p":8.48,"u":"60,57 €/KG","img":"https://fd9-photos.leclercdrive.fr/image.ashx?id=2820451&use=l&cat=p&typeid=i","cat":285188},{"id":71650,"n":"Saumon fumé L'Origine du Goût Ecosse x4 - 140g","p":8.04,"u":"57,43 €/KG","img":"https://fd9-photos.leclercdrive.fr/image.ashx?id=2820448&use=l&cat=p&typeid=i","cat":285188},{"id":71679,"n":"Truffe noire du Périgord L'Origine du goût - 12,5g","p":15.99,"img":"https://fd9-photos.leclercdrive.fr/image.ashx?id=2823765&use=l&cat=p&typeid=i","cat":312610},{"id":71683,"n":"Pâtes de fruits NRT Assortiment 300g","p":8.7,"u":"29,00 €/KG","img":"https://fd9-photos.leclercdrive.fr/image.ashx?id=2265350&use=l&cat=p&typeid=i","cat":284499},{"id":71687,"n":"Pelure truffes noires Périgord L'origine du Goût - 12,5g","p":9.95,"u":"829,17 €/KG","img":"https://fd9-photos.leclercdrive.fr/image.ashx?id=2822953&use=l&cat=p&typeid=i","cat":312610},{"id":71700,"n":"Nappe damassée Homeside Rouge - 7m","p":2.96,"u":"0,42 €/MT","img":"https://fd9-photos.leclercdrive.fr/image.ashx?id=1659747&use=l&cat=p&typeid=i","cat":334134},{"id":71723,"n":"Déjeunettes 4p","p":1.99,"u":"0,50 €/P","img":"https://fd9-photos.leclercdrive.fr/image.ashx?id=2062489&use=l&cat=p&typeid=i","cat":284359},{"id":72032,"n":"Bière blonde Affligem 6.7% vol -  Fût 5L","p":20.31,"u":"4,06 €/L","img":"https://fd9-photos.leclercdrive.fr/image.ashx?id=2672722&use=l&cat=p&typeid=i","cat":334879},{"id":72164,"n":"Soda au cola Pepsi Zéro sucres Le lot de 4x1.5L","p":4.68,"u":"0,78 €/L","img":"https://fd9-photos.leclercdrive.fr/image.ashx?id=2692560&use=l&cat=p&typeid=i","cat":284530},{"id":72191,"n":"Jamon Bellota 48 mois L'Origine du goût - 70g","p":9.5,"u":"135,71 €/KG","img":"https://fd9-photos.leclercdrive.fr/image.ashx?id=1792489&use=l&cat=p&typeid=i","cat":316007},{"id":72448,"n":"Gateaux Ourson Lu Fraise - 3x150g","p":3.88,"u":"8,62 €/KG","img":"https://fd9-photos.leclercdrive.fr/image.ashx?id=3004777&use=l&cat=p&typeid=i","cat":284495},{"id":72786,"n":"Bière blonde Pelforth Fût pression - 5L","p":16.08,"u":"3,22 €/L","img":"https://fd9-photos.leclercdrive.fr/image.ashx?id=2767249&use=l&cat=p&typeid=i","cat":334879},{"id":72789,"n":"Bière blonde Desperados Fût 5L","p":18.68,"u":"3,74 €/L","img":"https://fd9-photos.leclercdrive.fr/image.ashx?id=2983513&use=l&cat=p&typeid=i","cat":334879},{"id":72790,"n":"Caviar Baerii origine France  L'origine du goût - 20g","p":19.95,"u":"997,50 €/KG","img":"https://fd9-photos.leclercdrive.fr/image.ashx?id=2807324&use=l&cat=p&typeid=i","cat":285191},{"id":72791,"n":"Bière Desperados 3x33cl","p":4.33,"u":"4,37 €/L","img":"https://fd9-photos.leclercdrive.fr/image.ashx?id=2983120&use=l&cat=p&typeid=i","cat":334878},{"id":72894,"n":"Huile d'olive Rustica Vierge extra fruité - 75cl","p":7.99,"u":"10,65 €/L","img":"https://fd9-photos.leclercdrive.fr/image.ashx?id=2898029&use=l&cat=p&typeid=i","cat":284453},{"id":72909,"n":"Pur jus de pomme Paysans d'ici Pommes Bio - 1L","p":3.03,"u":"3,03 €/L","img":"https://fd9-photos.leclercdrive.fr/image.ashx?id=2522308&use=l&cat=p&typeid=i","cat":284522},{"id":72911,"n":"Pur jus Ethiquable Tomates de Marmande bio - 75cl","p":2.34,"u":"3,12 €/L","img":"https://fd9-photos.leclercdrive.fr/image.ashx?id=2915575&use=l&cat=p&typeid=i","cat":284523},{"id":72920,"n":"Lentilles Bio Paysans d'ici  Vertes France - 500g","p":2.76,"u":"5,52 €/KG","img":"https://fd9-photos.leclercdrive.fr/image.ashx?id=2977552&use=l&cat=p&typeid=i","cat":284430},{"id":72924,"n":"Petit épeautre Ethiquable Gers bio - 500g","p":2.89,"u":"5,78 €/KG","img":"https://fd9-photos.leclercdrive.fr/image.ashx?id=2997112&use=l&cat=p&typeid=i","cat":318651},{"id":72934,"n":"Sauce nuoc mam Tables du monde 125ml","p":0.91,"u":"7,28 €/L","img":"https://fd9-photos.leclercdrive.fr/image.ashx?id=2679771&use=l&cat=p&typeid=i","cat":288992},{"id":72976,"n":"Vaseline pure Mercurochrome 75ml","p":2.91,"u":"38,80 €/L","img":"https://fd9-photos.leclercdrive.fr/image.ashx?id=2663992&use=l&cat=p&typeid=i","cat":284630},{"id":73006,"n":"Sauce pour nems Tables du monde 125ml","p":0.99,"u":"7,92 €/L","img":"https://fd9-photos.leclercdrive.fr/image.ashx?id=2526306&use=l&cat=p&typeid=i","cat":288992},{"id":73064,"n":"Masque tissu hydratant Garnier Repulpant Grenade Hydrabomb","p":2.23,"img":"https://fd9-photos.leclercdrive.fr/image.ashx?id=2401583&use=l&cat=p&typeid=i","cat":325346},{"id":73084,"n":"Crème Hydratante Visage Mixa Peaux Sensibles - 100ml","p":2.86,"u":"28,60 €/L","img":"https://fd9-photos.leclercdrive.fr/image.ashx?id=2300749&use=l&cat=p&typeid=i","cat":325345},{"id":73346,"n":"Apéritif de nos régions 26 pièces - 320g","p":5.3,"u":"16,56 €/KG","img":"https://fd9-photos.leclercdrive.fr/image.ashx?id=1988262&use=l&cat=p&typeid=i","cat":319774},{"id":73348,"n":"Apéritif de nos régions A l'italienne, 22 pièces - 220g","p":5.3,"u":"24,09 €/KG","img":"https://fd9-photos.leclercdrive.fr/image.ashx?id=1567240&use=l&cat=p&typeid=i","cat":319774},{"id":73349,"n":"Apéritif de nos régions Provençale, 26 pièces - 320g","p":5.3,"u":"16,56 €/KG","img":"https://fd9-photos.leclercdrive.fr/image.ashx?id=1565353&use=l&cat=p&typeid=i","cat":319774},{"id":73449,"n":"IGP Pruneaux d'Agen denoyautés 1kg","p":10.9,"u":"10,90 €/KG","img":"https://fd9-photos.leclercdrive.fr/image.ashx?id=2213841&use=l&cat=p&typeid=i","cat":284357},{"id":73697,"n":"Compote Allégée en sucres Eco+ Bocal pomme - 720g","p":0.85,"u":"1,18 €/KG","img":"https://fd9-photos.leclercdrive.fr/image.ashx?id=2953185&use=l&cat=p&typeid=i","cat":284508},{"id":73705,"n":"AOC Bourgogne Pinot Noir Couvent des Visitandines - 75cl","p":7.99,"u":"10,65 €/L","img":"https://fd9-photos.leclercdrive.fr/image.ashx?id=2870221&use=l&cat=p&typeid=i","cat":289556},{"id":73706,"n":"Riz basmati Eco+ 1kg","p":2.01,"u":"2,01 €/KG","img":"https://fd9-photos.leclercdrive.fr/image.ashx?id=2141651&use=l&cat=p&typeid=i","cat":284428},{"id":73708,"n":"Purée de tomate Eco+ Brique - 500g","p":0.51,"u":"1,02 €/KG","img":"https://fd9-photos.leclercdrive.fr/image.ashx?id=2756576&use=l&cat=p&typeid=i","cat":288384},{"id":73727,"n":"Bouchées pour chats  Eco+ Boeuf poulet légumes - 410g","p":0.79,"u":"1,93 €/KG","img":"https://fd9-photos.leclercdrive.fr/image.ashx?id=1292464&use=l&cat=p&typeid=i","cat":285601},{"id":73729,"n":"Tartelettes à la fraise Eco+ x12 - 200g","p":0.8,"u":"4,00 €/KG","img":"https://fd9-photos.leclercdrive.fr/image.ashx?id=2869757&use=l&cat=p&typeid=i","cat":284489},{"id":73732,"n":"Gel WC javel Eco+ 750ml","p":0.6,"u":"0,80 €/L","img":"https://fd9-photos.leclercdrive.fr/image.ashx?id=2768074&use=l&cat=p&typeid=i","cat":284662},{"id":73750,"n":"Rouleau papier cadeau Esquisse Feuilles - 5mx0,7m","p":1.25,"img":"https://fd9-photos.leclercdrive.fr/image.ashx?id=2600309&use=l&cat=p&typeid=i","cat":335914},{"id":73783,"n":"Cocktail 4 fruits Eco+ Sirop léger - 500 g","p":1.66,"u":"3,32 €/KG","img":"https://fd9-photos.leclercdrive.fr/image.ashx?id=2783011&use=l&cat=p&typeid=i","cat":284507},{"id":73785,"n":"Gateaux fourrage chocolat Eco+ x14 - 420g","p":1.98,"u":"4,71 €/KG","img":"https://fd9-photos.leclercdrive.fr/image.ashx?id=2050591&use=l&cat=p&typeid=i","cat":284369},{"id":73787,"n":"Sardines Eco+ Huile de tournesol - 3x125g","p":2.39,"u":"6,37 €/KG","img":"https://fd9-photos.leclercdrive.fr/image.ashx?id=2694070&use=l&cat=p&typeid=i","cat":305146},{"id":73791,"n":"Chips nature Eco+ 200g","p":1.0,"u":"5,00 €/KG","img":"https://fd9-photos.leclercdrive.fr/image.ashx?id=2943596&use=l&cat=p&typeid=i","cat":284447},{"id":73793,"n":"Goûters ronds Eco+ Fourrés chocolat - 500g","p":1.35,"u":"2,70 €/KG","img":"https://fd9-photos.leclercdrive.fr/image.ashx?id=2222751&use=l&cat=p&typeid=i","cat":284488},{"id":73797,"n":"Pâtes Eco+ Macaroni - 1kg","p":0.99,"u":"0,99 €/KG","img":"https://fd9-photos.leclercdrive.fr/image.ashx?id=2887395&use=l&cat=p&typeid=i","cat":284427},{"id":73798,"n":"Pâtes Eco+ Coquillettes - 1kg","p":1.01,"u":"1,01 €/KG","img":"https://fd9-photos.leclercdrive.fr/image.ashx?id=2885723&use=l&cat=p&typeid=i","cat":284427},{"id":73799,"n":"Pâtes Eco+ Torsades - 1kg","p":1.0,"u":"1,00 €/KG","img":"https://fd9-photos.leclercdrive.fr/image.ashx?id=2885726&use=l&cat=p&typeid=i","cat":284427},{"id":73801,"n":"Dosettes café Eco+ 100% Robusta - x48 - 336g","p":4.09,"u":"12,17 €/KG","img":"https://fd9-photos.leclercdrive.fr/image.ashx?id=2800222&use=l&cat=p&typeid=i","cat":293238},{"id":73804,"n":"Lingettes démaquillantes Eco+ x25","p":0.67,"u":"0,03 €/P","img":"https://fd9-photos.leclercdrive.fr/image.ashx?id=2282156&use=l&cat=p&typeid=i","cat":284603},{"id":73805,"n":"Biscuit fourré cacao Eco+ x12 - 225g","p":0.93,"u":"4,13 €/KG","img":"https://fd9-photos.leclercdrive.fr/image.ashx?id=2834223&use=l&cat=p&typeid=i","cat":284488},{"id":73807,"n":"Carré coton bébé Eco+ x60","p":0.99,"u":"0,02 €/P","img":"https://fd9-photos.leclercdrive.fr/image.ashx?id=2987634&use=l&cat=p&typeid=i","cat":284739},{"id":73834,"n":"Haricots verts D'Aucy Extra fins - 1kg","p":2.81,"u":"2,81 €/KG","img":"https://fd9-photos.leclercdrive.fr/image.ashx?id=2512146&use=l&cat=p&typeid=i","cat":319805},{"id":74047,"n":"Parmentier de porc Eco+ 1kg","p":2.6,"u":"2,60 €/KG","img":"https://fd9-photos.leclercdrive.fr/image.ashx?id=2774885&use=l&cat=p&typeid=i","cat":284254},{"id":74089,"n":"Batonnets Poissons panés Eco+ x15 - 450g","p":1.6,"u":"3,56 €/KG","img":"https://fd9-photos.leclercdrive.fr/image.ashx?id=2843565&use=l&cat=p&typeid=i","cat":319788},{"id":74090,"n":"Nectar Multifruits Eco+ Brique - 2L","p":1.45,"u":"0,73 €/L","img":"https://fd9-photos.leclercdrive.fr/image.ashx?id=2751853&use=l&cat=p&typeid=i","cat":284917},{"id":74091,"n":"Mozzarella Eco+ 18%mg - 125g","p":0.76,"u":"6,08 €/KG","img":"https://fd9-photos.leclercdrive.fr/image.ashx?id=2754868&use=l&cat=p&typeid=i","cat":314026},{"id":74094,"n":"Paella Eco+ Sachet - 1kg","p":3.59,"u":"3,59 €/KG","img":"https://fd9-photos.leclercdrive.fr/image.ashx?id=2801771&use=l&cat=p&typeid=i","cat":284254},{"id":74105,"n":"Pur jus d'orange Eco  1.5L","p":2.46,"u":"1,64 €/L","img":"https://fd9-photos.leclercdrive.fr/image.ashx?id=2720136&use=l&cat=p&typeid=i","cat":284521},{"id":74110,"n":"Chorizo doux Eco+ 250g","p":1.66,"u":"6,64 €/KG","img":"https://fd9-photos.leclercdrive.fr/image.ashx?id=2694082&use=l&cat=p&typeid=i","cat":316006},{"id":74112,"n":"Pommes frites Eco+ 1kg","p":1.68,"u":"1,68 €/KG","img":"https://fd9-photos.leclercdrive.fr/image.ashx?id=2958302&use=l&cat=p&typeid=i","cat":319791},{"id":74115,"n":"Petit Brie Eco+ 32%mg - 500g","p":3.39,"u":"6,78 €/KG","img":"https://fd9-photos.leclercdrive.fr/image.ashx?id=2938403&use=l&cat=p&typeid=i","cat":314033},{"id":74123,"n":"Citron jaune Rustica 200ml","p":0.79,"u":"3,95 €/L","img":"https://fd9-photos.leclercdrive.fr/image.ashx?id=2627652&use=l&cat=p&typeid=i","cat":288383},{"id":74255,"n":"Sauce foie gras Charal 120g","p":2.7,"u":"22,50 €/KG","img":"https://fd9-photos.leclercdrive.fr/image.ashx?id=2144281&use=l&cat=p&typeid=i","cat":327293},{"id":74340,"n":"Jambon le gourmet Madrange A l'os - x4 - 160g","p":2.76,"u":"17,25 €/KG","img":"https://fd9-photos.leclercdrive.fr/image.ashx?id=3008206&use=l&cat=p&typeid=i","cat":316009},{"id":74436,"n":"AOC Champagne Brut Montaudon Réserve première - 75cl","p":22.04,"u":"29,39 €/L","img":"https://fd9-photos.leclercdrive.fr/image.ashx?id=2504803&use=l&cat=p&typeid=i","cat":284542},{"id":74656,"n":"Croquettes chien Purina One Medium adulte poulet riz  2.5kg","p":8.14,"u":"3,26 €/KG","img":"https://fd9-photos.leclercdrive.fr/image.ashx?id=2878384&use=l&cat=p&typeid=i","cat":284672},{"id":74857,"n":"Gateaux P'tit Déli Tout chocolat x7 - 210g","p":2.2,"u":"10,48 €/KG","img":"https://fd9-photos.leclercdrive.fr/image.ashx?id=1947372&use=l&cat=p&typeid=i","cat":294776},{"id":75017,"n":"Maquereaux Pêche Océan Grillé nature - 97g","p":1.81,"u":"18,66 €/KG","img":"https://fd9-photos.leclercdrive.fr/image.ashx?id=2394681&use=l&cat=p&typeid=i","cat":303868},{"id":75152,"n":"AOC Crémant de Bourgogne brut Couvent des Visitandines - 75cl","p":7.83,"u":"10,44 €/L","img":"https://fd9-photos.leclercdrive.fr/image.ashx?id=2553599&use=l&cat=p&typeid=i","cat":284544},{"id":75208,"n":"Pain complet tranché   350GR","p":1.7,"u":"4,86 €/KG","img":"https://fd9-photos.leclercdrive.fr/image.ashx?id=2062504&use=l&cat=p&typeid=i","cat":284359},{"id":75266,"n":"Trio de quinoa Jardin Bio Sésame toasté bio - 220g","p":2.23,"u":"10,14 €/KG","img":"https://fd9-photos.leclercdrive.fr/image.ashx?id=2325185&use=l&cat=p&typeid=i","cat":287600},{"id":75296,"n":"Chou pâtissier x2 - 300g","p":3.6,"u":"12,00 €/KG","img":"https://fd9-photos.leclercdrive.fr/image.ashx?id=1279033&use=l&cat=p&typeid=i","cat":284360},{"id":75337,"n":"Café en grains Méo L'original Bio - 500g","p":9.09,"u":"18,18 €/KG","img":"https://fd9-photos.leclercdrive.fr/image.ashx?id=2798533&use=l&cat=p&typeid=i","cat":293237},{"id":75338,"n":"Sachets Infusion bio Clipper Mes belles gambettes - 40g","p":2.0,"u":"50,00 €/KG","img":"https://fd9-photos.leclercdrive.fr/image.ashx?id=2908300&use=l&cat=p&typeid=i","cat":293234},{"id":75349,"n":"Thé noir Bio Clipper Earl Grey - 20 sachets - 40g","p":2.31,"u":"57,75 €/KG","img":"https://fd9-photos.leclercdrive.fr/image.ashx?id=2922086&use=l&cat=p&typeid=i","cat":293233},{"id":75357,"n":"Jus multifruits Jafaden Matin Fruité - 1L","p":2.09,"u":"2,09 €/L","img":"https://fd9-photos.leclercdrive.fr/image.ashx?id=2916713&use=l&cat=p&typeid=i","cat":285435},{"id":75359,"n":"Soupe mouliné bio Knorr Tomates oignons et herbes - 1L","p":2.86,"u":"2,86 €/L","img":"https://fd9-photos.leclercdrive.fr/image.ashx?id=2312949&use=l&cat=p&typeid=i","cat":284462},{"id":75421,"n":"Avoine cuisiné bio Bjorg 200ml","p":1.26,"u":"6,30 €/L","img":"https://fd9-photos.leclercdrive.fr/image.ashx?id=2757292&use=l&cat=p&typeid=i","cat":288383},{"id":75426,"n":"Tofu fumé bio Bjorg - 2x100g","p":3.16,"u":"15,80 €/KG","img":"https://fd9-photos.leclercdrive.fr/image.ashx?id=2928531&use=l&cat=p&typeid=i","cat":284953},{"id":75438,"n":"Amande effilée La Noix Gaillarde - 500g","p":5.34,"u":"10,68 €/KG","img":"https://fd9-photos.leclercdrive.fr/image.ashx?id=1588671&use=l&cat=p&typeid=i","cat":284357},{"id":75450,"n":"Datte Ravier Holyfruits 250g","p":1.4,"u":"5,60 €/KG","img":"https://fd9-photos.leclercdrive.fr/image.ashx?id=2364171&use=l&cat=p&typeid=i","cat":284357},{"id":75452,"n":"Figues séchées Holyfruits Lerida - 500g","p":6.16,"u":"12,32 €/KG","img":"https://fd9-photos.leclercdrive.fr/image.ashx?id=2620362&use=l&cat=p&typeid=i","cat":284357},{"id":75491,"n":"Tablette chocolat au lait Lindt Praliné noisettes - 225g","p":4.49,"u":"19,96 €/KG","img":"https://fd9-photos.leclercdrive.fr/image.ashx?id=2423756&use=l&cat=p&typeid=i","cat":284497},{"id":75557,"n":"Tablette de chocolat noir Lindt Praliné Noisettes - 225g","p":4.15,"u":"18,44 €/KG","img":"https://fd9-photos.leclercdrive.fr/image.ashx?id=2606912&use=l&cat=p&typeid=i","cat":284956},{"id":75572,"n":"Yaourts nature bifidus Activia 16x125g","p":4.51,"u":"2,26 €/KG","img":"https://fd9-photos.leclercdrive.fr/image.ashx?id=2741700&use=l&cat=p&typeid=i","cat":315000},{"id":75573,"n":"Mousse aux cèpes Madrange 180g","p":1.62,"u":"9,00 €/KG","img":"https://fd9-photos.leclercdrive.fr/image.ashx?id=3008209&use=l&cat=p&typeid=i","cat":316008},{"id":75593,"n":"Ail blanc bio Bio Village 250g","p":3.79,"u":"15,16 €/KG","img":"https://fd9-photos.leclercdrive.fr/image.ashx?id=2922457&use=l&cat=p&typeid=i","cat":284352},{"id":75595,"n":"Courge butternut bio Bio Village - x1","p":2.59,"img":"https://fd9-photos.leclercdrive.fr/image.ashx?id=2645759&use=l&cat=p&typeid=i","cat":284352},{"id":75629,"n":"Liégeois chocolat Bio Bio village - 4x100g","p":1.89,"u":"4,73 €/KG","img":"https://fd9-photos.leclercdrive.fr/image.ashx?id=2992639&use=l&cat=p&typeid=i","cat":285042},{"id":75976,"n":"Potimarron bio Bio Village 1p","p":2.69,"img":"https://fd9-photos.leclercdrive.fr/image.ashx?id=2645765&use=l&cat=p&typeid=i","cat":284352},{"id":75984,"n":"Crevettes Bio Bio Village 100g","p":3.28,"u":"32,80 €/KG","img":"https://fd9-photos.leclercdrive.fr/image.ashx?id=2121564&use=l&cat=p&typeid=i","cat":284343},{"id":75986,"n":"Pizza Feu de bois Bio Village Bio Margharita - 350g","p":3.29,"u":"9,40 €/KG","img":"https://fd9-photos.leclercdrive.fr/image.ashx?id=2943668&use=l&cat=p&typeid=i","cat":284256},{"id":75988,"n":"Fromage blanc lait Bio Village Bio Brebis - 400g","p":2.5,"u":"6,25 €/KG","img":"https://fd9-photos.leclercdrive.fr/image.ashx?id=2839953&use=l&cat=p&typeid=i","cat":314998},{"id":76008,"n":"Chocolat au lait Lindt Création La Crème brûlée - 150g","p":3.08,"u":"20,53 €/KG","img":"https://fd9-photos.leclercdrive.fr/image.ashx?id=2685802&use=l&cat=p&typeid=i","cat":284497},{"id":76011,"n":"Chocolat noir Lindt Création Le Rocher noir - 150g","p":3.08,"u":"20,53 €/KG","img":"https://fd9-photos.leclercdrive.fr/image.ashx?id=2685808&use=l&cat=p&typeid=i","cat":284956},{"id":76015,"n":"Biscuit Speculoos Lotus Biscoff Original - 250g (2x125g)","p":1.66,"u":"6,64 €/KG","img":"https://fd9-photos.leclercdrive.fr/image.ashx?id=2854735&use=l&cat=p&typeid=i","cat":284487},{"id":76018,"n":"Biscuit spéculoos Lotus  Biscoff Original 140g","p":1.04,"u":"7,43 €/KG","img":"https://fd9-photos.leclercdrive.fr/image.ashx?id=2696079&use=l&cat=p&typeid=i","cat":284487},{"id":76024,"n":"Pain de mie seigle Epi d'Or 800g","p":2.6,"u":"3,25 €/KG","img":"https://fd9-photos.leclercdrive.fr/image.ashx?id=2209285&use=l&cat=p&typeid=i","cat":284477},{"id":76025,"n":"Cookies chocolat Eco+ Pépites de chocolat - 200g","p":0.97,"u":"4,85 €/KG","img":"https://fd9-photos.leclercdrive.fr/image.ashx?id=2821872&use=l&cat=p&typeid=i","cat":325066},{"id":76026,"n":"Biscuit tablette Eco+ Chocolat noir - 150g","p":1.07,"u":"7,13 €/KG","img":"https://fd9-photos.leclercdrive.fr/image.ashx?id=2698135&use=l&cat=p&typeid=i","cat":284488},{"id":76029,"n":"Gateaux fourrage Eco+ Fraise - x14 - 420g","p":2.57,"u":"6,12 €/KG","img":"https://fd9-photos.leclercdrive.fr/image.ashx?id=2970435&use=l&cat=p&typeid=i","cat":284495},{"id":76113,"n":"Fromage de Chèvre rapé  Les Croisés -  150g","p":2.69,"u":"17,93 €/KG","img":"https://fd9-photos.leclercdrive.fr/image.ashx?id=2897799&use=l&cat=p&typeid=i","cat":314035},{"id":76132,"n":"Lasagnes à la bolognaise Marie 600g","p":3.98,"u":"6,63 €/KG","img":"https://fd9-photos.leclercdrive.fr/image.ashx?id=2993391&use=l&cat=p&typeid=i","cat":284254},{"id":76211,"n":"L'ours d'or Haribo Sachet bonbons - 300g","p":1.99,"u":"6,63 €/KG","img":"https://fd9-photos.leclercdrive.fr/image.ashx?id=2805201&use=l&cat=p&typeid=i","cat":304250},{"id":76212,"n":"Tutti Candi Haribo Sachet bonbons - 250g","p":1.88,"u":"7,52 €/KG","img":"https://fd9-photos.leclercdrive.fr/image.ashx?id=2984910&use=l&cat=p&typeid=i","cat":304250},{"id":76214,"n":"Chamallows Choco Haribo Sachet bonbons guimauve - 160g","p":2.14,"u":"13,38 €/KG","img":"https://fd9-photos.leclercdrive.fr/image.ashx?id=2984919&use=l&cat=p&typeid=i","cat":304250},{"id":76219,"n":"Cannelloni Côté Table 800g","p":2.99,"u":"3,74 €/KG","img":"https://fd9-photos.leclercdrive.fr/image.ashx?id=2977897&use=l&cat=p&typeid=i","cat":284442},{"id":76220,"n":"Raviolis Côté Table Aux 6 légumes - 800g","p":2.29,"u":"2,86 €/KG","img":"https://fd9-photos.leclercdrive.fr/image.ashx?id=2977903&use=l&cat=p&typeid=i","cat":284442},{"id":76221,"n":"Pur jus Bio Village Bio Citron Sicile - 25cl","p":1.29,"u":"5,16 €/L","img":"https://fd9-photos.leclercdrive.fr/image.ashx?id=3010446&use=l&cat=p&typeid=i","cat":288383},{"id":76224,"n":"Maoam Stripes Haribo Sachet bonbons - 250g","p":2.2,"u":"8,80 €/KG","img":"https://fd9-photos.leclercdrive.fr/image.ashx?id=2953561&use=l&cat=p&typeid=i","cat":304250},{"id":76321,"n":"Assortiment crackers Tokapi 4x85g","p":2.8,"u":"8,24 €/KG","img":"https://fd9-photos.leclercdrive.fr/image.ashx?id=1926993&use=l&cat=p&typeid=i","cat":297000},{"id":76322,"n":"Mini crackers Tokapi Salés - 4x75g","p":3.11,"u":"10,37 €/KG","img":"https://fd9-photos.leclercdrive.fr/image.ashx?id=1648078&use=l&cat=p&typeid=i","cat":297000},{"id":76329,"n":"Nettoyant frigo Dr Beckmann 250ml","p":2.1,"u":"8,40 €/L","img":"https://fd9-photos.leclercdrive.fr/image.ashx?id=2577066&use=l&cat=p&typeid=i","cat":325357},{"id":76358,"n":"Prosecco zonin brut blanc  75cl","p":6.5,"pp":4.29,"u":"5,72 €/L","img":"https://fd9-photos.leclercdrive.fr/image.ashx?id=2507131&use=l&cat=p&typeid=i","cat":289461},{"id":76360,"n":"Soda Schweppes Indian Tonic - 1L","p":1.68,"u":"1,68 €/L","img":"https://fd9-photos.leclercdrive.fr/image.ashx?id=2852399&use=l&cat=p&typeid=i","cat":284531},{"id":76397,"n":"Tablette chocolat au lait Lindt Noisettes 34% - 150g","p":3.76,"u":"25,07 €/KG","img":"https://fd9-photos.leclercdrive.fr/image.ashx?id=1877960&use=l&cat=p&typeid=i","cat":284497},{"id":76403,"n":"Tablette Chocolat Blanc Crunch 2x100g","p":3.1,"u":"15,50 €/KG","img":"https://fd9-photos.leclercdrive.fr/image.ashx?id=2899734&use=l&cat=p&typeid=i","cat":284957},{"id":76454,"n":"Dos de Colin d'Alaska Findus MSC - x6 - 660g","p":7.71,"u":"11,68 €/KG","img":"https://fd9-photos.leclercdrive.fr/image.ashx?id=2735341&use=l&cat=p&typeid=i","cat":319786},{"id":76501,"n":"Chips Tortilla Old El Paso Nachips - 185g","p":2.47,"u":"13,35 €/KG","img":"https://fd9-photos.leclercdrive.fr/image.ashx?id=2444519&use=l&cat=p&typeid=i","cat":288993},{"id":76515,"n":"AOP Petit-Chablis blanc Union Vignerons - 75 cl","p":9.99,"u":"13,32 €/L","img":"https://fd9-photos.leclercdrive.fr/image.ashx?id=2417884&use=l&cat=p&typeid=i","cat":289557},{"id":76721,"n":"Serviette papier Olive Homeside Triple épaisseur 40x40cm - x20","p":1.39,"u":"0,07 €/P","img":"https://fd9-photos.leclercdrive.fr/image.ashx?id=2712337&use=l&cat=p&typeid=i","cat":334134},{"id":76728,"n":"Serviette papier Homeside Bleu ciel 40x40cm - x20","p":1.39,"u":"0,07 €/P","img":"https://fd9-photos.leclercdrive.fr/image.ashx?id=2738985&use=l&cat=p&typeid=i","cat":334134},{"id":76732,"n":"Yaourt allégé Sveltesse  Chocolat - 4x125g","p":1.61,"u":"3,22 €/KG","img":"https://fd9-photos.leclercdrive.fr/image.ashx?id=2571020&use=l&cat=p&typeid=i","cat":315000},{"id":76776,"n":"Eau de toilette Daniel Hechter  Homme Caractère - 50ml","p":14.29,"pp":10.0,"u":"200,00 €/L","img":"https://fd9-photos.leclercdrive.fr/image.ashx?id=2526953&use=l&cat=p&typeid=i","cat":287740},{"id":76783,"n":"Eau de Toilette Femme Eau Jeune Echappée Belle - 75ml","p":6.87,"pp":4.81,"u":"64,13 €/L","img":"https://fd9-photos.leclercdrive.fr/image.ashx?id=2458745&use=l&cat=p&typeid=i","cat":291525},{"id":76802,"n":"Biscuits cacao Kinder Cards Au lait et au cacao x5 - 128g","p":1.92,"u":"15,00 €/KG","img":"https://fd9-photos.leclercdrive.fr/image.ashx?id=2673328&use=l&cat=p&typeid=i","cat":284488},{"id":76859,"n":"Pâté de boeuf pour chat Eco+ Barquette - 100g","p":0.24,"u":"2,40 €/KG","img":"https://fd9-photos.leclercdrive.fr/image.ashx?id=2968613&use=l&cat=p&typeid=i","cat":285286},{"id":76861,"n":"Pâté au poisson pour chat Eco+ Barquette - 100g","p":0.24,"u":"2,40 €/KG","img":"https://fd9-photos.leclercdrive.fr/image.ashx?id=2052742&use=l&cat=p&typeid=i","cat":285286},{"id":76864,"n":"Gelée Bonne Maman Mûres - 370g","p":2.73,"u":"7,38 €/KG","img":"https://fd9-photos.leclercdrive.fr/image.ashx?id=2476305&use=l&cat=p&typeid=i","cat":284480},{"id":76870,"n":"Sachet fraîcheur chien Pedigree  Mixte en gelée - 12x100g","p":5.66,"u":"4,72 €/KG","img":"https://fd9-photos.leclercdrive.fr/image.ashx?id=2870239&use=l&cat=p&typeid=i","cat":284673},{"id":76875,"n":"Confiture Bonne Maman Fraise intense - 335g","p":1.94,"u":"5,79 €/KG","img":"https://fd9-photos.leclercdrive.fr/image.ashx?id=2341008&use=l&cat=p&typeid=i","cat":284480},{"id":76876,"n":"Confiture Bonne Maman Abricot intense - 335g","p":2.18,"u":"6,51 €/KG","img":"https://fd9-photos.leclercdrive.fr/image.ashx?id=2341011&use=l&cat=p&typeid=i","cat":284480},{"id":76877,"n":"Confiture Bonne Maman Framboise intense - 335g","p":2.72,"u":"8,12 €/KG","img":"https://fd9-photos.leclercdrive.fr/image.ashx?id=2341017&use=l&cat=p&typeid=i","cat":284480},{"id":76878,"n":"Confiture Bonne Maman Fruits rouges intense - 335g","p":2.24,"u":"6,69 €/KG","img":"https://fd9-photos.leclercdrive.fr/image.ashx?id=2900977&use=l&cat=p&typeid=i","cat":284480},{"id":76883,"n":"Sachet chat stérilisé Perfect Fit poissons sauce - 4x85g","p":2.75,"u":"8,09 €/KG","img":"https://fd9-photos.leclercdrive.fr/image.ashx?id=2759724&use=l&cat=p&typeid=i","cat":285286},{"id":76886,"n":"Sachet chat stérilisé Perfect  Fit poulet saumon sauce - 4x85g","p":2.6,"u":"7,65 €/KG","img":"https://fd9-photos.leclercdrive.fr/image.ashx?id=2759727&use=l&cat=p&typeid=i","cat":285286},{"id":76887,"n":"Friandises chien Pedigree  Récompense poulet canard - 130g","p":1.47,"u":"11,31 €/KG","img":"https://fd9-photos.leclercdrive.fr/image.ashx?id=2985555&use=l&cat=p&typeid=i","cat":294527},{"id":76888,"n":"Compotes Pom'Potes Gourdes  Multivariétés - 12x90g","p":4.92,"u":"4,56 €/KG","img":"https://fd9-photos.leclercdrive.fr/image.ashx?id=2986143&use=l&cat=p&typeid=i","cat":284508},{"id":76889,"n":"Compotes Pom'Potes Gourdes  Pomme Nature - 20x90g","p":7.4,"u":"4,11 €/KG","img":"https://fd9-photos.leclercdrive.fr/image.ashx?id=2889220&use=l&cat=p&typeid=i","cat":284508},{"id":76895,"n":"Lait croissance Bio Guigoz En poudre - dès 12 mois - 800g","p":15.15,"u":"18,94 €/KG","img":"https://fd9-photos.leclercdrive.fr/image.ashx?id=2740289&use=l&cat=p&typeid=i","cat":290219},{"id":76919,"n":"Gambas royales 8/12p Rouges 300g","p":6.52,"u":"21,73 €/KG","img":"https://fd9-photos.leclercdrive.fr/image.ashx?id=2875441&use=l&cat=p&typeid=i","cat":319787},{"id":76921,"n":"Moules Décoquillées Cuites 400g","p":3.68,"u":"9,20 €/KG","img":"https://fd9-photos.leclercdrive.fr/image.ashx?id=2882857&use=l&cat=p&typeid=i","cat":319787},{"id":76927,"n":"Morue Déssalée MSC - 400g","p":6.49,"u":"16,23 €/KG","img":"https://fd9-photos.leclercdrive.fr/image.ashx?id=2246908&use=l&cat=p&typeid=i","cat":319786},{"id":76999,"n":"Vinaigre de vin rouge Maille 50cl","p":2.3,"u":"4,60 €/L","img":"https://fd9-photos.leclercdrive.fr/image.ashx?id=2812747&use=l&cat=p&typeid=i","cat":298543},{"id":77008,"n":"Petits pains grillés Epi d'Or Briochés - 225g","p":1.45,"u":"6,44 €/KG","img":"https://fd9-photos.leclercdrive.fr/image.ashx?id=2496416&use=l&cat=p&typeid=i","cat":284479},{"id":77010,"n":"Lait concentré sucré Nestlé 8% MG - 397g","p":1.86,"u":"4,69 €/KG","img":"https://fd9-photos.leclercdrive.fr/image.ashx?id=2906832&use=l&cat=p&typeid=i","cat":299162},{"id":77017,"n":"Vinaigrette Maille Huile sésame/soja - 36cl","p":2.91,"u":"8,08 €/L","img":"https://fd9-photos.leclercdrive.fr/image.ashx?id=2985657&use=l&cat=p&typeid=i","cat":284456},{"id":77253,"n":"Préparation confiture Léonce Blanc - Crème de Marrons - 330g","p":3.59,"u":"10,88 €/KG","img":"https://fd9-photos.leclercdrive.fr/image.ashx?id=2672050&use=l&cat=p&typeid=i","cat":284481},{"id":77289,"n":"Friandises chats  Félix Poulet, foie, dinde  - 200g","p":2.43,"u":"12,15 €/KG","img":"https://fd9-photos.leclercdrive.fr/image.ashx?id=2740859&use=l&cat=p&typeid=i","cat":285285},{"id":77290,"n":"Friandises chats Félix Saveur ocean Saumon,truite 200g","p":2.43,"u":"12,15 €/KG","img":"https://fd9-photos.leclercdrive.fr/image.ashx?id=2940465&use=l&cat=p&typeid=i","cat":285285},{"id":77296,"n":"Tartelettes aux framboises   2x1p","p":4.2,"u":"2,10 €/P","img":"https://fd9-photos.leclercdrive.fr/image.ashx?id=557990&use=l&cat=p&typeid=i","cat":284360},{"id":77336,"n":"St nectaire laitier NRT AOP  300g","p":4.28,"u":"14,27 €/KG","img":"https://fd9-photos.leclercdrive.fr/image.ashx?id=2143359&use=l&cat=p&typeid=i","cat":329184},{"id":77359,"n":"Ravioli pur boeuf Côté Table Sauce italienne - 800g","p":2.19,"u":"2,74 €/KG","img":"https://fd9-photos.leclercdrive.fr/image.ashx?id=2977891&use=l&cat=p&typeid=i","cat":284442},{"id":77360,"n":"Ravioli bolognaise Côté Table 800g","p":2.89,"u":"3,61 €/KG","img":"https://fd9-photos.leclercdrive.fr/image.ashx?id=3013693&use=l&cat=p&typeid=i","cat":284442},{"id":77465,"n":"Fromages râpé spécial Pizza Les Croisés familial - 350g","p":3.94,"u":"11,26 €/KG","img":"https://fd9-photos.leclercdrive.fr/image.ashx?id=2942795&use=l&cat=p&typeid=i","cat":314035},{"id":77557,"n":"Rhum blanc Charrette  40%vol - 2L","p":27.05,"u":"13,53 €/L","img":"https://fd9-photos.leclercdrive.fr/image.ashx?id=2811491&use=l&cat=p&typeid=i","cat":284550},{"id":77632,"n":"Petits fours aux fruits x16 - 225g","p":6.7,"u":"29,78 €/KG","img":"https://fd9-photos.leclercdrive.fr/image.ashx?id=2941565&use=l&cat=p&typeid=i","cat":284360},{"id":77635,"n":"Tartelettes panachées x4 - 390g","p":6.95,"u":"17,82 €/KG","img":"https://fd9-photos.leclercdrive.fr/image.ashx?id=2496575&use=l&cat=p&typeid=i","cat":284360},{"id":77675,"n":"Tartinade Caviar d'aubergine Sud & Sol - 150g","p":2.3,"u":"15,33 €/KG","img":"https://fd9-photos.leclercdrive.fr/image.ashx?id=2971152&use=l&cat=p&typeid=i","cat":315999},{"id":77681,"n":"Amandes décortiquées Vahiné 125g","p":3.65,"u":"29,20 €/KG","img":"https://fd9-photos.leclercdrive.fr/image.ashx?id=2559805&use=l&cat=p&typeid=i","cat":284504},{"id":77683,"n":"Gousses vanille Vahiné x2","p":7.5,"u":"3,75 €/P","img":"https://fd9-photos.leclercdrive.fr/image.ashx?id=2524317&use=l&cat=p&typeid=i","cat":284504},{"id":77727,"n":"Pain Bagel La Boulangère x2 - 180g","p":1.37,"u":"7,61 €/KG","img":"https://fd9-photos.leclercdrive.fr/image.ashx?id=2333959&use=l&cat=p&typeid=i","cat":284985},{"id":77731,"n":"Pâte à sucre Vahiné 250g","p":3.53,"u":"14,12 €/KG","img":"https://fd9-photos.leclercdrive.fr/image.ashx?id=2559874&use=l&cat=p&typeid=i","cat":284504},{"id":77734,"n":"Pains au chocolat Fournée Dorée Beurre frais x8 - 360g","p":2.91,"u":"8,08 €/KG","img":"https://fd9-photos.leclercdrive.fr/image.ashx?id=2950354&use=l&cat=p&typeid=i","cat":296366},{"id":77735,"n":"IGP Vinaigrette à l'orange Maille 36cl","p":2.44,"u":"6,78 €/L","img":"https://fd9-photos.leclercdrive.fr/image.ashx?id=2082855&use=l&cat=p&typeid=i","cat":284456},{"id":77745,"n":"Sauce Gourmet Amora Béarnaise - 184g","p":1.61,"u":"8,75 €/KG","img":"https://fd9-photos.leclercdrive.fr/image.ashx?id=2387876&use=l&cat=p&typeid=i","cat":318430},{"id":77746,"n":"Sauce Gourmet Amora Burger - 188g","p":1.72,"u":"9,15 €/KG","img":"https://fd9-photos.leclercdrive.fr/image.ashx?id=2387879&use=l&cat=p&typeid=i","cat":318430},{"id":77754,"n":"Pain grillé Pelletier Goût brioche - 500g","p":3.17,"u":"6,34 €/KG","img":"https://fd9-photos.leclercdrive.fr/image.ashx?id=3002246&use=l&cat=p&typeid=i","cat":284479},{"id":77755,"n":"Vinaigrette Légère MAILLE Vin Rouge & Echalotes - 36cl","p":2.46,"u":"6,83 €/L","img":"https://fd9-photos.leclercdrive.fr/image.ashx?id=2788154&use=l&cat=p&typeid=i","cat":284456},{"id":77791,"n":"Lingettes Lait Demak'up 3x23","p":6.6,"u":"0,10 €/P","img":"https://fd9-photos.leclercdrive.fr/image.ashx?id=2398691&use=l&cat=p&typeid=i","cat":284603},{"id":77855,"n":"Huile à barbe L'Oréal Paris Men Expert bois de cèdre - 30ml","p":9.17,"u":"305,67 €/L","img":"https://fd9-photos.leclercdrive.fr/image.ashx?id=3008770&use=l&cat=p&typeid=i","cat":284622},{"id":77877,"n":"Fromage Holland Master  Gouda Vieux AOP - 200g","p":3.84,"u":"19,20 €/KG","img":"https://fd9-photos.leclercdrive.fr/image.ashx?id=1975748&use=l&cat=p&typeid=i","cat":314034},{"id":77890,"n":"Cake fourré fraise  Sans Gluten - x6 - 210g","p":3.01,"u":"14,33 €/KG","img":"https://fd9-photos.leclercdrive.fr/image.ashx?id=2568828&use=l&cat=p&typeid=i","cat":318654},{"id":77946,"n":"Soin visage L'Oréal Paris Revitalift anti-âge - 50ml","p":14.96,"u":"299,20 €/L","img":"https://fd9-photos.leclercdrive.fr/image.ashx?id=2867527&use=l&cat=p&typeid=i","cat":325345},{"id":77976,"n":"Beurre Grand Fermage Doux - 82% MG - 250g","p":2.75,"u":"11,00 €/KG","img":"https://fd9-photos.leclercdrive.fr/image.ashx?id=2985207&use=l&cat=p&typeid=i","cat":284379},{"id":77986,"n":"Houmous Blini 200g","p":2.01,"u":"10,05 €/KG","img":"https://fd9-photos.leclercdrive.fr/image.ashx?id=2487716&use=l&cat=p&typeid=i","cat":315999},{"id":78005,"n":"Feta AOP Casa Azzurra Portion - 150g","p":3.19,"u":"21,27 €/KG","img":"https://fd9-photos.leclercdrive.fr/image.ashx?id=1620610&use=l&cat=p&typeid=i","cat":314026},{"id":78057,"n":"Pain de mie nature Sans gluten - 300g","p":2.72,"u":"9,07 €/KG","img":"https://fd9-photos.leclercdrive.fr/image.ashx?id=2710828&use=l&cat=p&typeid=i","cat":284477},{"id":78060,"n":"Spaghetti Chaque Jour  Sans gluten - 400g","p":1.6,"u":"4,00 €/KG","img":"https://fd9-photos.leclercdrive.fr/image.ashx?id=2872712&use=l&cat=p&typeid=i","cat":284427},{"id":78087,"n":"Café solubleMaxwell House Qualité Filtre Jarre - 100g","p":4.43,"u":"44,30 €/KG","img":"https://fd9-photos.leclercdrive.fr/image.ashx?id=1793910&use=l&cat=p&typeid=i","cat":284843},{"id":78097,"n":"Ail Ducros Flacon moulin - 40g","p":3.05,"u":"76,25 €/KG","img":"https://fd9-photos.leclercdrive.fr/image.ashx?id=2486569&use=l&cat=p&typeid=i","cat":298297},{"id":78098,"n":"Sauce Épicée TABASCO Piment Rouge - 60ml","p":2.62,"u":"43,67 €/L","img":"https://fd9-photos.leclercdrive.fr/image.ashx?id=2961317&use=l&cat=p&typeid=i","cat":298298},{"id":78105,"n":"Capsules café L'Or Espresso Splendente N°7 x10","p":3.08,"u":"59,23 €/KG","img":"https://fd9-photos.leclercdrive.fr/image.ashx?id=3000465&use=l&cat=p&typeid=i","cat":284749},{"id":78106,"n":"Capsules café L'Or Espresso Supremo N°10 x10","p":3.58,"u":"68,85 €/KG","img":"https://fd9-photos.leclercdrive.fr/image.ashx?id=2393756&use=l&cat=p&typeid=i","cat":284749},{"id":78107,"n":"Capsules café L'Or Espresso Decaffeinato N°6 x10","p":3.23,"u":"62,12 €/KG","img":"https://fd9-photos.leclercdrive.fr/image.ashx?id=2100275&use=l&cat=p&typeid=i","cat":284749},{"id":78108,"n":"Capsules café L'Or Espresso Or Absolu N°9 x10","p":3.56,"u":"68,46 €/KG","img":"https://fd9-photos.leclercdrive.fr/image.ashx?id=2100287&use=l&cat=p&typeid=i","cat":284749},{"id":78131,"n":"Penne Chaque Jour  Sans gluten - 400g","p":1.62,"u":"4,05 €/KG","img":"https://fd9-photos.leclercdrive.fr/image.ashx?id=2866247&use=l&cat=p&typeid=i","cat":284427},{"id":78133,"n":"Sablés framboise Bonne Maman 150g","p":1.85,"u":"12,33 €/KG","img":"https://fd9-photos.leclercdrive.fr/image.ashx?id=2936215&use=l&cat=p&typeid=i","cat":284487},{"id":78135,"n":"Safran filament Ducros 0.35g","p":5.77,"img":"https://fd9-photos.leclercdrive.fr/image.ashx?id=2474296&use=l&cat=p&typeid=i","cat":298297},{"id":78137,"n":"Coquillettes Chaque Jour  Sans gluten - 400g","p":1.57,"u":"3,93 €/KG","img":"https://fd9-photos.leclercdrive.fr/image.ashx?id=2872715&use=l&cat=p&typeid=i","cat":284427},{"id":78138,"n":"Sablé de Retz Saint Michel Oter Bahlsen - 2x120g","p":1.77,"u":"7,38 €/KG","img":"https://fd9-photos.leclercdrive.fr/image.ashx?id=2935684&use=l&cat=p&typeid=i","cat":284487},{"id":78145,"n":"Purée de pois cassés Florette 2 x 200g","p":2.89,"u":"7,23 €/KG","img":"https://fd9-photos.leclercdrive.fr/image.ashx?id=2767687&use=l&cat=p&typeid=i","cat":333665},{"id":78154,"n":"Fusilli Chaque Jour  Sans gluten - 400g","p":1.75,"u":"4,38 €/KG","img":"https://fd9-photos.leclercdrive.fr/image.ashx?id=2885774&use=l&cat=p&typeid=i","cat":284427},{"id":78159,"n":"Barres céréales chocolat Chaque jour sans gluten - 132g","p":3.56,"u":"26,97 €/KG","img":"https://fd9-photos.leclercdrive.fr/image.ashx?id=2764395&use=l&cat=p&typeid=i","cat":318654},{"id":78160,"n":"Petits cookies Bonne Maman Pépites de chocolat - 250g","p":2.52,"u":"10,08 €/KG","img":"https://fd9-photos.leclercdrive.fr/image.ashx?id=2936170&use=l&cat=p&typeid=i","cat":325066},{"id":78176,"n":"Mini cônes Extrême Vanille Chocolat x8 - 312g","p":3.64,"u":"11,67 €/KG","img":"https://fd9-photos.leclercdrive.fr/image.ashx?id=2737030&use=l&cat=p&typeid=i","cat":284264},{"id":78192,"n":"Pizza extrème Marie L'américaine - 530g","p":4.12,"u":"7,77 €/KG","img":"https://fd9-photos.leclercdrive.fr/image.ashx?id=2996767&use=l&cat=p&typeid=i","cat":284256},{"id":78204,"n":"Biscuits Palmito LU 100g","p":0.82,"u":"8,20 €/KG","img":"https://fd9-photos.leclercdrive.fr/image.ashx?id=3001949&use=l&cat=p&typeid=i","cat":284487},{"id":78210,"n":"Biscuits Nutella B-ready 6x22g","p":1.95,"u":"14,77 €/KG","img":"https://fd9-photos.leclercdrive.fr/image.ashx?id=2770602&use=l&cat=p&typeid=i","cat":284488},{"id":78214,"n":"Cookies mini Granola Pépites de chocolat - 160g","p":1.72,"u":"10,75 €/KG","img":"https://fd9-photos.leclercdrive.fr/image.ashx?id=3002252&use=l&cat=p&typeid=i","cat":325066},{"id":78269,"n":"Gourde bébé Good Goût Bio 6Mois Petit déj - Fraise - 70g","p":1.12,"u":"16,00 €/KG","img":"https://fd9-photos.leclercdrive.fr/image.ashx?id=2736088&use=l&cat=p&typeid=i","cat":312393},{"id":78271,"n":"Gourde bébé Good Goût Bio 6mois Petit déj - Pomme - 70g","p":1.07,"u":"15,29 €/KG","img":"https://fd9-photos.leclercdrive.fr/image.ashx?id=2736094&use=l&cat=p&typeid=i","cat":312393},{"id":78275,"n":"Mini galette de riz Good Goût Myrtille bio - 40g","p":2.38,"u":"59,50 €/KG","img":"https://fd9-photos.leclercdrive.fr/image.ashx?id=2532135&use=l&cat=p&typeid=i","cat":312227},{"id":78276,"n":"Biscuit tout ronds Good Goût Bio - vanille dès 10 mois - 80g","p":4.36,"u":"54,50 €/KG","img":"https://fd9-photos.leclercdrive.fr/image.ashx?id=2736097&use=l&cat=p&typeid=i","cat":312227},{"id":78282,"n":"12 minis Feuilletés Vegétal 360g","p":5.3,"u":"14,72 €/KG","img":"https://fd9-photos.leclercdrive.fr/image.ashx?id=2766310&use=l&cat=p&typeid=i","cat":319774},{"id":78327,"n":"Lot 4 cuillères Mots d'Enfants Assortis","p":1.95,"img":"https://fd9-photos.leclercdrive.fr/image.ashx?id=1292699&use=l&cat=p&typeid=i","cat":289435},{"id":78405,"n":"Pain Camusettes Biofournil Campagne Bio - 2x200g","p":3.08,"u":"7,70 €/KG","img":"https://fd9-photos.leclercdrive.fr/image.ashx?id=2882812&use=l&cat=p&typeid=i","cat":325069},{"id":78412,"n":"Pommes de terre en cubes  Allaire - 500g","p":1.56,"u":"3,12 €/KG","img":"https://fd9-photos.leclercdrive.fr/image.ashx?id=2472270&use=l&cat=p&typeid=i","cat":284352},{"id":78413,"n":"Betterave entière Allaire Epluchée - Label rouge - 500g","p":1.1,"u":"2,20 €/KG","img":"https://fd9-photos.leclercdrive.fr/image.ashx?id=1613838&use=l&cat=p&typeid=i","cat":284352},{"id":78423,"n":"Pain petits pavés Biofournil Aux céréales Bio - 6x60g","p":3.17,"u":"8,81 €/KG","img":"https://fd9-photos.leclercdrive.fr/image.ashx?id=2884540&use=l&cat=p&typeid=i","cat":325069},{"id":78453,"n":"Graines de Tournesol Sun 500g","p":2.52,"u":"5,04 €/KG","img":"https://fd9-photos.leclercdrive.fr/image.ashx?id=2692167&use=l&cat=p&typeid=i","cat":284357},{"id":78454,"n":"Biscuits petit déjeuner Belvita Chocolat - 600g","p":3.76,"u":"6,27 €/KG","img":"https://fd9-photos.leclercdrive.fr/image.ashx?id=2345484&use=l&cat=p&typeid=i","cat":284491},{"id":78496,"n":"Boudoirs Brossard x30 - 175g","p":1.75,"u":"10,00 €/KG","img":"https://fd9-photos.leclercdrive.fr/image.ashx?id=2964995&use=l&cat=p&typeid=i","cat":284487},{"id":78544,"n":"Ravioli pur boeuf Côté Table  400g","p":1.35,"u":"3,38 €/KG","img":"https://fd9-photos.leclercdrive.fr/image.ashx?id=2977894&use=l&cat=p&typeid=i","cat":284442},{"id":78546,"n":"Ravioli bolognaise Côté Table 400g","p":1.99,"u":"4,98 €/KG","img":"https://fd9-photos.leclercdrive.fr/image.ashx?id=2977888&use=l&cat=p&typeid=i","cat":284442},{"id":78574,"n":"Biscuits Choc'land Magie BN Chocolat au lait - 150g","p":1.87,"u":"12,47 €/KG","img":"https://fd9-photos.leclercdrive.fr/image.ashx?id=1739699&use=l&cat=p&typeid=i","cat":284488},{"id":78577,"n":"Gaufrettes Brun  Chocolat - 146g","p":0.87,"u":"5,96 €/KG","img":"https://fd9-photos.leclercdrive.fr/image.ashx?id=2842543&use=l&cat=p&typeid=i","cat":284487},{"id":78580,"n":"Gaufrettes Brun  Vanille - 146g","p":0.95,"u":"6,51 €/KG","img":"https://fd9-photos.leclercdrive.fr/image.ashx?id=2354320&use=l&cat=p&typeid=i","cat":284487},{"id":78586,"n":"Biscuits cuillers Brossard Pâtissier -300g","p":3.94,"u":"13,13 €/KG","img":"https://fd9-photos.leclercdrive.fr/image.ashx?id=2983384&use=l&cat=p&typeid=i","cat":284487},{"id":78594,"n":"Biscuits croquants Délichoc Chocolat noir - 150g","p":1.86,"u":"12,40 €/KG","img":"https://fd9-photos.leclercdrive.fr/image.ashx?id=2956307&use=l&cat=p&typeid=i","cat":284488},{"id":78614,"n":"Acetone Mieuxa 1L","p":7.7,"u":"7,70 €/L","img":"https://fd9-photos.leclercdrive.fr/image.ashx?id=2276996&use=l&cat=p&typeid=i","cat":300576},{"id":78618,"n":"Assiettes en carton Eco+ x100","p":3.11,"img":"https://fd9-photos.leclercdrive.fr/image.ashx?id=1307672&use=l&cat=p&typeid=i","cat":334134},{"id":78628,"n":"Serviettes blanches Homeside x30 - 38cmx38cm - 2 plis","p":1.31,"u":"0,04 €/P","img":"https://fd9-photos.leclercdrive.fr/image.ashx?id=1659693&use=l&cat=p&typeid=i","cat":334134},{"id":78680,"n":"Champagne brut demie Rothschild 37.5cl","p":13.57,"u":"36,19 €/L","img":"https://fd9-photos.leclercdrive.fr/image.ashx?id=2686603&use=l&cat=p&typeid=i","cat":284542},{"id":78715,"n":"Gaufrettes vanille Eco+ 190g","p":0.69,"u":"3,63 €/KG","img":"https://fd9-photos.leclercdrive.fr/image.ashx?id=2760786&use=l&cat=p&typeid=i","cat":284487},{"id":78716,"n":"Gaufrettes chocolat Eco+ 190g","p":0.69,"u":"3,63 €/KG","img":"https://fd9-photos.leclercdrive.fr/image.ashx?id=2843036&use=l&cat=p&typeid=i","cat":284487},{"id":78717,"n":"Brioche tranchée Eco+ Nature - 500g","p":1.19,"u":"2,38 €/KG","img":"https://fd9-photos.leclercdrive.fr/image.ashx?id=2605086&use=l&cat=p&typeid=i","cat":284478},{"id":78719,"n":"Goûter fourré rond Eco+ Vanille - 500g","p":1.43,"u":"2,86 €/KG","img":"https://fd9-photos.leclercdrive.fr/image.ashx?id=2223611&use=l&cat=p&typeid=i","cat":284489},{"id":78722,"n":"Tartelettes à l'abricot Eco+ x12 - 200g","p":0.8,"u":"4,00 €/KG","img":"https://fd9-photos.leclercdrive.fr/image.ashx?id=2869754&use=l&cat=p&typeid=i","cat":284489},{"id":78723,"n":"Petits beurre Eco+ x24 - 175g","p":0.58,"u":"3,31 €/KG","img":"https://fd9-photos.leclercdrive.fr/image.ashx?id=2758782&use=l&cat=p&typeid=i","cat":284487},{"id":78725,"n":"Génoises fourrées orange Eco+ 300g","p":1.5,"u":"5,00 €/KG","img":"https://fd9-photos.leclercdrive.fr/image.ashx?id=2768445&use=l&cat=p&typeid=i","cat":284489},{"id":78726,"n":"Biscuits petit déjeuner Eco+ x25 - 350g","p":0.73,"u":"2,09 €/KG","img":"https://fd9-photos.leclercdrive.fr/image.ashx?id=2550821&use=l&cat=p&typeid=i","cat":284491},{"id":78727,"n":"Champignons de Paris 240g","p":2.49,"u":"10,38 €/KG","img":"https://fd9-photos.leclercdrive.fr/image.ashx?id=1570120&use=l&cat=p&typeid=i","cat":284352},{"id":78728,"n":"Goûter fourré Eco+ Chocolat - 300g","p":1.07,"u":"3,57 €/KG","img":"https://fd9-photos.leclercdrive.fr/image.ashx?id=2775884&use=l&cat=p&typeid=i","cat":284488},{"id":78729,"n":"Biscuits sablés Sprits Eco+ 400g","p":1.14,"u":"2,85 €/KG","img":"https://fd9-photos.leclercdrive.fr/image.ashx?id=2196367&use=l&cat=p&typeid=i","cat":284487},{"id":78732,"n":"Guacamole Old El Paso Doux - 320g","p":2.48,"u":"7,75 €/KG","img":"https://fd9-photos.leclercdrive.fr/image.ashx?id=2737612&use=l&cat=p&typeid=i","cat":288993},{"id":78734,"n":"Boisson gourmande PAGO Red ACE Orange sang carotte ctrn - 75cl","p":1.87,"u":"2,49 €/L","img":"https://fd9-photos.leclercdrive.fr/image.ashx?id=2861234&use=l&cat=p&typeid=i","cat":284915},{"id":78737,"n":"Petit beurre Schar Sans gluten - 165g","p":2.52,"u":"15,27 €/KG","img":"https://fd9-photos.leclercdrive.fr/image.ashx?id=2137072&use=l&cat=p&typeid=i","cat":318654},{"id":78767,"n":"Chocolat noir Bio Ethiquable Côte d'Ivoire/Bolivie - 100g","p":3.19,"u":"31,90 €/KG","img":"https://fd9-photos.leclercdrive.fr/image.ashx?id=3003378&use=l&cat=p&typeid=i","cat":284956},{"id":78773,"n":"Tablette de chocolat noir Lindt Noir 78% cacao - 100g","p":2.42,"u":"24,20 €/KG","img":"https://fd9-photos.leclercdrive.fr/image.ashx?id=2689481&use=l&cat=p&typeid=i","cat":284956},{"id":78837,"n":"Fromage blanc Danone Nature 3%MG - 825g","p":2.66,"u":"3,22 €/KG","img":"https://fd9-photos.leclercdrive.fr/image.ashx?id=2813878&use=l&cat=p&typeid=i","cat":284409},{"id":78932,"n":"Crème entière Fairefrance UHT Liquide 30%mg - 3x20cl","p":2.99,"u":"4,98 €/L","img":"https://fd9-photos.leclercdrive.fr/image.ashx?id=2506011&use=l&cat=p&typeid=i","cat":284381},{"id":78937,"n":"Knacki végétal Herta x6 - 210g","p":2.46,"u":"11,71 €/KG","img":"https://fd9-photos.leclercdrive.fr/image.ashx?id=2992323&use=l&cat=p&typeid=i","cat":316036},{"id":78953,"n":"Savon solide Bionaïa Abricot bio - 100g","p":1.39,"u":"13,90 €/KG","img":"https://fd9-photos.leclercdrive.fr/image.ashx?id=2331324&use=l&cat=p&typeid=i","cat":284597},{"id":78965,"n":"Xtrem Box Sodebo Radiatori à la Bolognaise -400g","p":3.35,"u":"8,38 €/KG","img":"https://fd9-photos.leclercdrive.fr/image.ashx?id=2638760&use=l&cat=p&typeid=i","cat":334983},{"id":78969,"n":"Trio de lentilles à la moutarde Pierre Martinet - 250g","p":2.63,"u":"10,52 €/KG","img":"https://fd9-photos.leclercdrive.fr/image.ashx?id=2939610&use=l&cat=p&typeid=i","cat":316036},{"id":79019,"n":"Galettes bio Céréal Bio  Rroquefort, figues - 2x200g","p":2.16,"u":"10,80 €/KG","img":"https://fd9-photos.leclercdrive.fr/image.ashx?id=2573522&use=l&cat=p&typeid=i","cat":284953},{"id":79021,"n":"Galette Blé bio Céréal Bio  Pommes Terres Emmental xé 200g","p":2.65,"u":"13,25 €/KG","img":"https://fd9-photos.leclercdrive.fr/image.ashx?id=2575102&use=l&cat=p&typeid=i","cat":284953},{"id":79068,"n":"IGP Côte des roses Rosé Languedoc Roussillon 13% - 75cl","p":7.27,"u":"9,69 €/L","img":"https://fd9-photos.leclercdrive.fr/image.ashx?id=2505528&use=l&cat=p&typeid=i","cat":289558},{"id":79092,"n":"Adoucissant peaux sensibles 40 lavages - 750 ml - UNI VERT","p":1.78,"u":"2,37 €/L","img":"https://fd9-photos.leclercdrive.fr/image.ashx?id=2893334&use=l&cat=p&typeid=i","cat":284650},{"id":79252,"n":"Compote bébé bio Blédina 6 mois Pomme banane kiwi - 2x130g","p":1.92,"u":"7,38 €/KG","img":"https://fd9-photos.leclercdrive.fr/image.ashx?id=2848560&use=l&cat=p&typeid=i","cat":312388},{"id":79402,"n":"Chorizo espagnol fort x30 - 150g","p":2.19,"u":"14,60 €/KG","img":"https://fd9-photos.leclercdrive.fr/image.ashx?id=1873728&use=l&cat=p&typeid=i","cat":316007},{"id":79528,"n":"Nouilles Tables du Monde Asiatiques Boeuf cup - 61.5g","p":0.74,"u":"11,94 €/KG","img":"https://fd9-photos.leclercdrive.fr/image.ashx?id=1297258&use=l&cat=p&typeid=i","cat":288992},{"id":79529,"n":"Nouille Tables du Monde Asiatique Poulet cup - 61.5g","p":0.74,"u":"11,94 €/KG","img":"https://fd9-photos.leclercdrive.fr/image.ashx?id=1297261&use=l&cat=p&typeid=i","cat":288992},{"id":79532,"n":"Nouilles Table du Monde Asiatiques Curry cup - 61.5g","p":0.79,"u":"12,74 €/KG","img":"https://fd9-photos.leclercdrive.fr/image.ashx?id=1297264&use=l&cat=p&typeid=i","cat":288992},{"id":79543,"n":"Pâtes De Cecco Linguine n°7 - 500g","p":1.63,"u":"3,26 €/KG","img":"https://fd9-photos.leclercdrive.fr/image.ashx?id=2997280&use=l&cat=p&typeid=i","cat":284427},{"id":79545,"n":"Pâtes Collezione Barilla Tortellini jambon fromage -250g","p":2.59,"u":"10,36 €/KG","img":"https://fd9-photos.leclercdrive.fr/image.ashx?id=2588624&use=l&cat=p&typeid=i","cat":284427},{"id":79552,"n":"Pâtes Barilla Spaghettoni n°7 - 1kg","p":1.91,"u":"1,91 €/KG","img":"https://fd9-photos.leclercdrive.fr/image.ashx?id=2392233&use=l&cat=p&typeid=i","cat":284427},{"id":79555,"n":"Sauce Tomates Barilla Basilic - 200g","p":1.33,"u":"6,65 €/KG","img":"https://fd9-photos.leclercdrive.fr/image.ashx?id=2834044&use=l&cat=p&typeid=i","cat":287599},{"id":79556,"n":"Couscous parfumé Tipiak Epice - 510g","p":2.03,"u":"3,98 €/KG","img":"https://fd9-photos.leclercdrive.fr/image.ashx?id=2882866&use=l&cat=p&typeid=i","cat":284429},{"id":79560,"n":"Madeleines moelleuses Saint Michel x10 - 250g","p":1.75,"u":"7,00 €/KG","img":"https://fd9-photos.leclercdrive.fr/image.ashx?id=2936155&use=l&cat=p&typeid=i","cat":284492},{"id":79623,"n":"Barre de céréales Nature Valley  Crunchy avoine miel X5-210g","p":2.78,"u":"13,24 €/KG","img":"https://fd9-photos.leclercdrive.fr/image.ashx?id=2844472&use=l&cat=p&typeid=i","cat":285869},{"id":79624,"n":"Barre de céréales Nature Valley Crunchy avoine chocolat x5-210g","p":2.78,"u":"13,24 €/KG","img":"https://fd9-photos.leclercdrive.fr/image.ashx?id=2844475&use=l&cat=p&typeid=i","cat":285869},{"id":79625,"n":"Barre de céréales Nature Valley  Sweet & Salty chocolat x5-150g","p":2.95,"u":"19,67 €/KG","img":"https://fd9-photos.leclercdrive.fr/image.ashx?id=2737714&use=l&cat=p&typeid=i","cat":285869},{"id":79668,"n":"Bouillon cubes Knorr Légumes réduit en sel x12- 109g","p":1.44,"u":"13,21 €/KG","img":"https://fd9-photos.leclercdrive.fr/image.ashx?id=2793068&use=l&cat=p&typeid=i","cat":288379},{"id":79674,"n":"Mascara Maybelline  Colossal Big Shot volume Noir","p":9.58,"img":"https://fd9-photos.leclercdrive.fr/image.ashx?id=2422734&use=l&cat=p&typeid=i","cat":287029},{"id":79682,"n":"Poudre fondante L'Oréal Paris Accord Parfait 3D Beige doré","p":11.36,"img":"https://fd9-photos.leclercdrive.fr/image.ashx?id=2395544&use=l&cat=p&typeid=i","cat":287029},{"id":79692,"n":"Mascara L'Oréal Paris Millions de Cils Noir","p":10.79,"pp":7.12,"img":"https://fd9-photos.leclercdrive.fr/image.ashx?id=2419167&use=l&cat=p&typeid=i","cat":287029},{"id":79694,"n":"Fond de Teint L'Oréal Paris Accord Parfait 2.R Vanille Rosé","p":16.0,"img":"https://fd9-photos.leclercdrive.fr/image.ashx?id=2937355&use=l&cat=p&typeid=i","cat":287029},{"id":79832,"n":"Gourde bébé Good Goût Bio 4mois Prune - 120g","p":1.43,"u":"11,92 €/KG","img":"https://fd9-photos.leclercdrive.fr/image.ashx?id=2381270&use=l&cat=p&typeid=i","cat":312393},{"id":79873,"n":"Fond de teint Maybelline Dream Radiant 21 Beige Doré","p":9.71,"img":"https://fd9-photos.leclercdrive.fr/image.ashx?id=2434455&use=l&cat=p&typeid=i","cat":287029},{"id":79877,"n":"Correcteur anticerne Maybelline Instant Anti-Age 01 Beige Rose","p":10.11,"img":"https://fd9-photos.leclercdrive.fr/image.ashx?id=2770542&use=l&cat=p&typeid=i","cat":287029},{"id":79904,"n":"Mascara waterproof Maybelline  Volum'Express noir","p":6.21,"img":"https://fd9-photos.leclercdrive.fr/image.ashx?id=2470285&use=l&cat=p&typeid=i","cat":287029},{"id":79908,"n":"Eyeliner express Maybelline Liner liquide Noir","p":9.9,"img":"https://fd9-photos.leclercdrive.fr/image.ashx?id=2670854&use=l&cat=p&typeid=i","cat":287029},{"id":79909,"n":"Mascara Maybelline  Cils Sensational Intense Noir","p":8.21,"img":"https://fd9-photos.leclercdrive.fr/image.ashx?id=2278154&use=l&cat=p&typeid=i","cat":287029},{"id":79936,"n":"Jambon Tranché Fin Fleury Michon -25% de sel x4 - 120g","p":2.48,"u":"20,67 €/KG","img":"https://fd9-photos.leclercdrive.fr/image.ashx?id=2889295&use=l&cat=p&typeid=i","cat":316009},{"id":79937,"n":"Dés de jambon Fleury Michon -25% de sel - 2x75g","p":2.23,"u":"14,87 €/KG","img":"https://fd9-photos.leclercdrive.fr/image.ashx?id=2645492&use=l&cat=p&typeid=i","cat":316011},{"id":79940,"n":"Bière blonde Grimbergen 6,7° - 50cl canette","p":1.97,"u":"3,94 €/L","img":"https://fd9-photos.leclercdrive.fr/image.ashx?id=2605458&use=l&cat=p&typeid=i","cat":334853},{"id":79960,"n":"Joker Le Fruit Jus de pomme - 1L","p":1.84,"u":"1,84 €/L","img":"https://fd9-photos.leclercdrive.fr/image.ashx?id=2846601&use=l&cat=p&typeid=i","cat":284522},{"id":79961,"n":"Nectar Bio Pressade Multifruits - 1L","p":2.11,"u":"2,11 €/L","img":"https://fd9-photos.leclercdrive.fr/image.ashx?id=2732530&use=l&cat=p&typeid=i","cat":284917},{"id":79966,"n":"Joker Pur Jus Engagé Orange sans pulpe - 1,5L","p":3.59,"u":"2,39 €/L","img":"https://fd9-photos.leclercdrive.fr/image.ashx?id=3001290&use=l&cat=p&typeid=i","cat":284521},{"id":79971,"n":"Boisson Citronnade Pulco Citron - 1L","p":2.07,"u":"2,07 €/L","img":"https://fd9-photos.leclercdrive.fr/image.ashx?id=2942263&use=l&cat=p&typeid=i","cat":295018},{"id":79972,"n":"Soda rouge Orangina Orange Sanguine - 1,5L","p":1.92,"u":"1,28 €/L","img":"https://fd9-photos.leclercdrive.fr/image.ashx?id=2539833&use=l&cat=p&typeid=i","cat":284532},{"id":80009,"n":"Chocolat noir bio Ethiquable Equateur/Nicaragua 98% - 100g","p":2.95,"u":"29,50 €/KG","img":"https://fd9-photos.leclercdrive.fr/image.ashx?id=2870899&use=l&cat=p&typeid=i","cat":284956},{"id":80100,"n":"Graine de courge bio Happy Bio 250g","p":4.32,"u":"17,28 €/KG","img":"https://fd9-photos.leclercdrive.fr/image.ashx?id=2970993&use=l&cat=p&typeid=i","cat":323809},{"id":80102,"n":"Lentille corail bio Happy Bio 500g","p":2.78,"u":"5,56 €/KG","img":"https://fd9-photos.leclercdrive.fr/image.ashx?id=2685012&use=l&cat=p&typeid=i","cat":284430},{"id":80128,"n":"Rosette de Lyon Saint-Azay 12 tranches - 100g","p":1.44,"u":"14,40 €/KG","img":"https://fd9-photos.leclercdrive.fr/image.ashx?id=2728264&use=l&cat=p&typeid=i","cat":316007},{"id":80130,"n":"Alèses absorbantes DryNites 78x88cm - x12","p":12.02,"u":"1,00 €/P","img":"https://fd9-photos.leclercdrive.fr/image.ashx?id=2883717&use=l&cat=p&typeid=i","cat":290633},{"id":80186,"n":"Rhum tradition Rivière du Mat Blanc - 40%vol - 70cl","p":10.15,"u":"14,50 €/L","img":"https://fd9-photos.leclercdrive.fr/image.ashx?id=2616117&use=l&cat=p&typeid=i","cat":284550},{"id":80231,"n":"Graines de courge bio Bio Village - 200g","p":3.09,"u":"15,45 €/KG","img":"https://fd9-photos.leclercdrive.fr/image.ashx?id=2699583&use=l&cat=p&typeid=i","cat":323809},{"id":80302,"n":"Eau minérale naturelle Volvic 6x1,5L","p":3.04,"u":"0,34 €/L","img":"https://fd9-photos.leclercdrive.fr/image.ashx?id=2730244&use=l&cat=p&typeid=i","cat":284535},{"id":80305,"n":"Boisson aux fruits Oasis Tropical - 12x33cl","p":7.18,"u":"1,81 €/L","img":"https://fd9-photos.leclercdrive.fr/image.ashx?id=2880706&use=l&cat=p&typeid=i","cat":295018},{"id":80306,"n":"Soda Schweppes Saveur Agrumes -12x33cl","p":6.33,"u":"1,60 €/L","img":"https://fd9-photos.leclercdrive.fr/image.ashx?id=2852426&use=l&cat=p&typeid=i","cat":284532},{"id":80346,"n":"yaourt aux fruits bifidus activia cerise - 4x125g","p":1.95,"u":"3,90 €/KG","img":"https://fd9-photos.leclercdrive.fr/image.ashx?id=2885327&use=l&cat=p&typeid=i","cat":315000},{"id":80352,"n":"Cannelloni Côté Table  - 400g","p":2.07,"u":"5,18 €/KG","img":"https://fd9-photos.leclercdrive.fr/image.ashx?id=3014287&use=l&cat=p&typeid=i","cat":284442},{"id":80380,"n":"Tablette De Chocolat Poulain Noir Extra - 200g","p":2.19,"u":"10,95 €/KG","img":"https://fd9-photos.leclercdrive.fr/image.ashx?id=2890262&use=l&cat=p&typeid=i","cat":284956},{"id":80382,"n":"Tablette De Chocolat Poulain Noir Extra - 2x100g","p":2.44,"u":"12,20 €/KG","img":"https://fd9-photos.leclercdrive.fr/image.ashx?id=2867566&use=l&cat=p&typeid=i","cat":284956},{"id":80383,"n":"Tablette KINDER Chocolat Chocolat au Lait x12 - 150g","p":2.38,"u":"15,87 €/KG","img":"https://fd9-photos.leclercdrive.fr/image.ashx?id=1904474&use=l&cat=p&typeid=i","cat":284498},{"id":80385,"n":"Barres Chocolatées KINDER BUENO  Chocolat au Lait x5 - 215g","p":3.88,"u":"18,05 €/KG","img":"https://fd9-photos.leclercdrive.fr/image.ashx?id=2679621&use=l&cat=p&typeid=i","cat":284498},{"id":80386,"n":"Barres KINDER BUENO White  Chocolat Blanc x6 - 234g","p":4.14,"u":"17,69 €/KG","img":"https://fd9-photos.leclercdrive.fr/image.ashx?id=2679639&use=l&cat=p&typeid=i","cat":284498},{"id":80391,"n":"Mascara L'Oréal Paris  Lash Paradise Noir","p":11.69,"img":"https://fd9-photos.leclercdrive.fr/image.ashx?id=2580158&use=l&cat=p&typeid=i","cat":287029},{"id":80398,"n":"Eau Micellaire visage Nivea Peaux sensibles - 400ml","p":3.97,"u":"9,93 €/L","img":"https://fd9-photos.leclercdrive.fr/image.ashx?id=2800965&use=l&cat=p&typeid=i","cat":284603},{"id":80479,"n":"Bières Blondes Chouffe 6x33cl","p":10.59,"u":"5,35 €/L","img":"https://fd9-photos.leclercdrive.fr/image.ashx?id=2877079&use=l&cat=p&typeid=i","cat":334872},{"id":80630,"n":"Purée de tomates Bio Village Bio  - 72cl","p":1.54,"u":"2,14 €/L","img":"https://fd9-photos.leclercdrive.fr/image.ashx?id=2077475&use=l&cat=p&typeid=i","cat":288384},{"id":80663,"n":"Soda Pepsi Cola - 5x1.5L + 1 offerte","p":5.84,"u":"0,65 €/L","img":"https://fd9-photos.leclercdrive.fr/image.ashx?id=2983324&use=l&cat=p&typeid=i","cat":284530},{"id":80786,"n":"Compote Cool Fruits bio Vitabio Mangue Ananas - 390g","p":2.63,"u":"6,74 €/KG","img":"https://fd9-photos.leclercdrive.fr/image.ashx?id=2470360&use=l&cat=p&typeid=i","cat":284508},{"id":80841,"n":"Bouillon Cube Maggi Volaille - Degraissé - 120g","p":1.54,"u":"12,83 €/KG","img":"https://fd9-photos.leclercdrive.fr/image.ashx?id=2737087&use=l&cat=p&typeid=i","cat":288379},{"id":80853,"n":"Fonds d'artichauts Géant Vert - 210g","p":3.62,"u":"17,24 €/KG","img":"https://fd9-photos.leclercdrive.fr/image.ashx?id=2840563&use=l&cat=p&typeid=i","cat":312611},{"id":80927,"n":"Fromage chèvre chaud Soignon Nature - 21% MG - 4x25g","p":1.94,"u":"19,40 €/KG","img":"https://fd9-photos.leclercdrive.fr/image.ashx?id=2844951&use=l&cat=p&typeid=i","cat":314027},{"id":81188,"n":"Flan aromatisé vanille Flanby nappé de caramel - 12x100g","p":2.64,"u":"2,20 €/KG","img":"https://fd9-photos.leclercdrive.fr/image.ashx?id=2744584&use=l&cat=p&typeid=i","cat":284420},{"id":81193,"n":"Compotes Douceur du Verger Pomme Châtaigne - 4x100g","p":1.46,"u":"3,65 €/KG","img":"https://fd9-photos.leclercdrive.fr/image.ashx?id=2993304&use=l&cat=p&typeid=i","cat":284416},{"id":81210,"n":"Brioche tressée Vendéenne Pur beurre - 400g","p":4.3,"u":"10,75 €/KG","img":"https://fd9-photos.leclercdrive.fr/image.ashx?id=2886055&use=l&cat=p&typeid=i","cat":284478},{"id":81215,"n":"Compote Cool Fruits bio Vitabio Pomme Mangue Ananas -12x90g","p":7.16,"u":"6,63 €/KG","img":"https://fd9-photos.leclercdrive.fr/image.ashx?id=2621399&use=l&cat=p&typeid=i","cat":284508},{"id":81217,"n":"Compote Cool Fruits bio Vitabio Pomme Pêche Abricot -12x90g","p":7.23,"u":"6,69 €/KG","img":"https://fd9-photos.leclercdrive.fr/image.ashx?id=2621423&use=l&cat=p&typeid=i","cat":284508},{"id":81234,"n":"Les carrés Good Goût Dès 8 mois - banane bio - 50g","p":2.77,"u":"55,40 €/KG","img":"https://fd9-photos.leclercdrive.fr/image.ashx?id=2640052&use=l&cat=p&typeid=i","cat":312227},{"id":81236,"n":"Fromage à tartiner Boursin Ail et fines herbes 10 portions","p":2.55,"u":"15,94 €/KG","img":"https://fd9-photos.leclercdrive.fr/image.ashx?id=2964682&use=l&cat=p&typeid=i","cat":314029},{"id":81243,"n":"Bière blonde Heineken Sans alcool - 12x25cl","p":8.35,"u":"2,78 €/L","img":"https://fd9-photos.leclercdrive.fr/image.ashx?id=2795944&use=l&cat=p&typeid=i","cat":334877},{"id":81250,"n":"Bière blonde Grimbergen 6,7° - 20x25cl","p":13.89,"u":"2,78 €/L","img":"https://fd9-photos.leclercdrive.fr/image.ashx?id=2294791&use=l&cat=p&typeid=i","cat":334852},{"id":81254,"n":"Bière blonde Grimbergen 6,7° - 12x25cl","p":9.15,"u":"3,05 €/L","img":"https://fd9-photos.leclercdrive.fr/image.ashx?id=2872865&use=l&cat=p&typeid=i","cat":334852},{"id":81268,"n":"Bière blonde Grimbergen 6,7° - 6x25cl","p":4.97,"u":"3,31 €/L","img":"https://fd9-photos.leclercdrive.fr/image.ashx?id=2294381&use=l&cat=p&typeid=i","cat":334852},{"id":81272,"n":"Vin mousseux brut blanc  Produit en Allemagne - 75cl","p":1.57,"u":"2,09 €/L","img":"https://fd9-photos.leclercdrive.fr/image.ashx?id=2720133&use=l&cat=p&typeid=i","cat":284544},{"id":81277,"n":"Vin mousseux demi-sec blanc  Produit en Allemagne - 75cl","p":1.59,"u":"2,12 €/L","img":"https://fd9-photos.leclercdrive.fr/image.ashx?id=2720130&use=l&cat=p&typeid=i","cat":284544},{"id":81278,"n":"Vinaigre IGP Toscoro Balsamique de Modène - 50cl","p":2.96,"u":"5,92 €/L","img":"https://fd9-photos.leclercdrive.fr/image.ashx?id=2758150&use=l&cat=p&typeid=i","cat":289010},{"id":81280,"n":"Fromage La Vache qui rit Toastinette nature 10 tranches","p":1.75,"u":"8,75 €/KG","img":"https://fd9-photos.leclercdrive.fr/image.ashx?id=2342776&use=l&cat=p&typeid=i","cat":314028},{"id":81281,"n":"Fromage La Vache qui rit Toastinette cheddar 10 tranches","p":1.76,"u":"8,80 €/KG","img":"https://fd9-photos.leclercdrive.fr/image.ashx?id=2342773&use=l&cat=p&typeid=i","cat":314028},{"id":81291,"n":"Bière sans alcool Tourtel Twist Citron Vert Menthe 0,0° -6x27cl","p":4.04,"u":"2,45 €/L","img":"https://fd9-photos.leclercdrive.fr/image.ashx?id=2896567&use=l&cat=p&typeid=i","cat":334877},{"id":81318,"n":"Bonbons KINDER Schoko-Bons Chocolat au lait - 500G","p":8.08,"u":"16,16 €/KG","img":"https://fd9-photos.leclercdrive.fr/image.ashx?id=2402925&use=l&cat=p&typeid=i","cat":304238},{"id":81322,"n":"Huile de Tournesol Eco+ 3L","p":4.89,"u":"1,63 €/L","img":"https://fd9-photos.leclercdrive.fr/image.ashx?id=3002506&use=l&cat=p&typeid=i","cat":284453},{"id":81323,"n":"Huile d'olive Bio Carapelli Extra-vierge - 75cl","p":12.27,"u":"16,36 €/L","img":"https://fd9-photos.leclercdrive.fr/image.ashx?id=2737447&use=l&cat=p&typeid=i","cat":284453},{"id":81352,"n":"Dosettes Bio Village Bio Amérique latine  x36 - 252g","p":4.49,"u":"17,82 €/KG","img":"https://fd9-photos.leclercdrive.fr/image.ashx?id=3003070&use=l&cat=p&typeid=i","cat":293238},{"id":81354,"n":"Confiture Eco+ Abricot - 1kg","p":2.17,"u":"2,17 €/KG","img":"https://fd9-photos.leclercdrive.fr/image.ashx?id=2953194&use=l&cat=p&typeid=i","cat":284480},{"id":81371,"n":"Tartine de pain Pasquier Au blé complet - 240g","p":1.57,"u":"6,54 €/KG","img":"https://fd9-photos.leclercdrive.fr/image.ashx?id=2927339&use=l&cat=p&typeid=i","cat":284479},{"id":81374,"n":"Vodka Zubrowka Biala 37.5%vol - 1L","p":14.95,"pp":13.45,"u":"13,45 €/L","img":"https://fd9-photos.leclercdrive.fr/image.ashx?id=2955510&use=l&cat=p&typeid=i","cat":284550},{"id":81378,"n":"Bière Arômatisée Desquiles Rhum - 5.9%vol - 50cl","p":1.7,"u":"3,40 €/L","img":"https://fd9-photos.leclercdrive.fr/image.ashx?id=2637928&use=l&cat=p&typeid=i","cat":334853},{"id":81379,"n":"Jambon cru -25%  de Sel Aoste 6 tranches - 100g","p":3.41,"u":"34,10 €/KG","img":"https://fd9-photos.leclercdrive.fr/image.ashx?id=2359507&use=l&cat=p&typeid=i","cat":316007},{"id":81383,"n":"Rillettes du Mans La Véritable Bordeau Chesnel - 220g","p":2.29,"u":"10,41 €/KG","img":"https://fd9-photos.leclercdrive.fr/image.ashx?id=2763100&use=l&cat=p&typeid=i","cat":316008},{"id":81384,"n":"Vodka Zubrowska Biala 37.5%vol - 70cl","p":12.32,"u":"17,60 €/L","img":"https://fd9-photos.leclercdrive.fr/image.ashx?id=2961227&use=l&cat=p&typeid=i","cat":284550},{"id":81548,"n":"Pain de mie Harrys 100% mie Nature Sans croûte Maxi - 650g","p":2.1,"u":"3,23 €/KG","img":"https://fd9-photos.leclercdrive.fr/image.ashx?id=2517468&use=l&cat=p&typeid=i","cat":284477},{"id":81554,"n":"Riz au lait Bonne Maman Vanille Naturelle - 4x100g","p":2.34,"u":"5,85 €/KG","img":"https://fd9-photos.leclercdrive.fr/image.ashx?id=2619130&use=l&cat=p&typeid=i","cat":284418},{"id":81558,"n":"Pain de mie 100% Mie Harrys Nature petites tranches - 500g","p":1.76,"u":"3,52 €/KG","img":"https://fd9-photos.leclercdrive.fr/image.ashx?id=2517453&use=l&cat=p&typeid=i","cat":284477},{"id":81559,"n":"Yaourt Enfant Petits Filous Fruits Mixés Panaché - 12x50g","p":2.32,"u":"3,87 €/KG","img":"https://fd9-photos.leclercdrive.fr/image.ashx?id=2767359&use=l&cat=p&typeid=i","cat":284414},{"id":81563,"n":"AOP Champagne Canard Duchêne Demi Sec - 75cl","p":24.6,"u":"32,80 €/L","img":"https://fd9-photos.leclercdrive.fr/image.ashx?id=2757259&use=l&cat=p&typeid=i","cat":284542},{"id":81564,"n":"AOP Champagne Canard-Duchêne Brut - 75cl","p":24.6,"u":"32,80 €/L","img":"https://fd9-photos.leclercdrive.fr/image.ashx?id=2756909&use=l&cat=p&typeid=i","cat":284542},{"id":81565,"n":"AOP Champagne Canard Duchêne Brut - 37.5cl","p":14.64,"u":"39,04 €/L","img":"https://fd9-photos.leclercdrive.fr/image.ashx?id=2104372&use=l&cat=p&typeid=i","cat":284542},{"id":81566,"n":"Fromage Raclette Burger Les Croisés 8 Tranches - 150g","p":1.23,"u":"8,20 €/KG","img":"https://fd9-photos.leclercdrive.fr/image.ashx?id=2959731&use=l&cat=p&typeid=i","cat":314028},{"id":81567,"n":"Biscuits Good Goût - 8 mois Bio - Mangue - 50g","p":3.9,"u":"78,00 €/KG","img":"https://fd9-photos.leclercdrive.fr/image.ashx?id=2762256&use=l&cat=p&typeid=i","cat":312227},{"id":81596,"n":"Huile d'olive extra vierge BIO 1L","p":12.42,"u":"12,42 €/L","img":"https://fd9-photos.leclercdrive.fr/image.ashx?id=2604665&use=l&cat=p&typeid=i","cat":284453},{"id":81611,"n":"AOP Coteaux Varois Provence  Château de l'Escarelle - 75cl","p":6.5,"u":"8,67 €/L","img":"https://fd9-photos.leclercdrive.fr/image.ashx?id=2437665&use=l&cat=p&typeid=i","cat":289558},{"id":81684,"n":"Le Potiron Paysan Breton - 750g","p":2.31,"u":"3,08 €/KG","img":"https://fd9-photos.leclercdrive.fr/image.ashx?id=2882409&use=l&cat=p&typeid=i","cat":319805},{"id":81701,"n":"Repas bébé bio BabyBio 12 mois Patate douce Pintade - 230g","p":1.96,"u":"8,52 €/KG","img":"https://fd9-photos.leclercdrive.fr/image.ashx?id=2827410&use=l&cat=p&typeid=i","cat":312237},{"id":81702,"n":"Gourde bébé Babybio - 6 mois Bio Pomme / Framboise - 360g","p":3.03,"u":"8,42 €/KG","img":"https://fd9-photos.leclercdrive.fr/image.ashx?id=2827542&use=l&cat=p&typeid=i","cat":312393},{"id":81735,"n":"Bière Blonde Delirium Tremens 33cl","p":2.39,"u":"7,24 €/L","img":"https://fd9-photos.leclercdrive.fr/image.ashx?id=2363111&use=l&cat=p&typeid=i","cat":334872},{"id":81768,"n":"Brioche tranchée La Boulangère Bio - 400g","p":2.39,"u":"5,98 €/KG","img":"https://fd9-photos.leclercdrive.fr/image.ashx?id=2912194&use=l&cat=p&typeid=i","cat":284478},{"id":81779,"n":"Thé noir Bio Ethiquable  Tchaï aux épices x20 - 36g","p":2.33,"u":"64,72 €/KG","img":"https://fd9-photos.leclercdrive.fr/image.ashx?id=2870833&use=l&cat=p&typeid=i","cat":293233},{"id":81781,"n":"Thé noir Bio Ethiquable  Earl grey Darjeeling x20 - 36g","p":2.31,"u":"64,17 €/KG","img":"https://fd9-photos.leclercdrive.fr/image.ashx?id=2870836&use=l&cat=p&typeid=i","cat":293233},{"id":81927,"n":"Rhum Blanc Agricole AOC Martinique 40° - 2 L","p":26.55,"u":"13,28 €/L","img":"https://fd9-photos.leclercdrive.fr/image.ashx?id=1558483&use=l&cat=p&typeid=i","cat":284550},{"id":81969,"n":"Sauce Blanche Halal Samia 350ml","p":1.97,"u":"5,63 €/L","img":"https://fd9-photos.leclercdrive.fr/image.ashx?id=2579634&use=l&cat=p&typeid=i","cat":289013},{"id":81991,"n":"Courgettes rondelle Bio Village Bio - 600g","p":1.99,"u":"3,32 €/KG","img":"https://fd9-photos.leclercdrive.fr/image.ashx?id=2898089&use=l&cat=p&typeid=i","cat":319805},{"id":82004,"n":"Mozzarella mini Galbani 150g","p":2.56,"u":"17,07 €/KG","img":"https://fd9-photos.leclercdrive.fr/image.ashx?id=2766586&use=l&cat=p&typeid=i","cat":314026},{"id":82008,"n":"Emmental râpé fondant Président 3x70g","p":2.72,"u":"12,95 €/KG","img":"https://fd9-photos.leclercdrive.fr/image.ashx?id=2462741&use=l&cat=p&typeid=i","cat":314035},{"id":82009,"n":"Mozzarella râpée cucina Galbani 150g","p":2.94,"u":"19,60 €/KG","img":"https://fd9-photos.leclercdrive.fr/image.ashx?id=2787887&use=l&cat=p&typeid=i","cat":314035},{"id":82045,"n":"Delice de Poulet Isla Délice Halal Doré au four - 120g","p":2.38,"u":"19,83 €/KG","img":"https://fd9-photos.leclercdrive.fr/image.ashx?id=1989129&use=l&cat=p&typeid=i","cat":316010},{"id":82078,"n":"AOP Lussac Saint-Emilion rouge Esprit de Lussac - 75cl","p":7.31,"u":"9,75 €/L","img":"https://fd9-photos.leclercdrive.fr/image.ashx?id=3014509&use=l&cat=p&typeid=i","cat":289556},{"id":82088,"n":"IGP Côtes de Gascogne rosé Domus - 75cl","p":5.5,"u":"7,33 €/L","img":"https://fd9-photos.leclercdrive.fr/image.ashx?id=2445385&use=l&cat=p&typeid=i","cat":289558},{"id":82099,"n":"Steak haché Eco+ x10 - 1kg","p":8.74,"u":"8,74 €/KG","img":"https://fd9-photos.leclercdrive.fr/image.ashx?id=2966532&use=l&cat=p&typeid=i","cat":319778},{"id":82145,"n":"Bière blonde La G de Goudale 7.9%vol - 75cl","p":3.84,"u":"5,12 €/L","img":"https://fd9-photos.leclercdrive.fr/image.ashx?id=2861566&use=l&cat=p&typeid=i","cat":334872},{"id":82148,"n":"Lardons fumés Supérieur Eco+ 2x100g","p":1.28,"u":"6,40 €/KG","img":"https://fd9-photos.leclercdrive.fr/image.ashx?id=2998895&use=l&cat=p&typeid=i","cat":316011},{"id":82152,"n":"Compote Andros Abricot Morceaux - 4x100g","p":2.33,"u":"5,83 €/KG","img":"https://fd9-photos.leclercdrive.fr/image.ashx?id=2853566&use=l&cat=p&typeid=i","cat":284416},{"id":82157,"n":"Dessert fruitier pêche Andros En morceaux - 4x100g","p":2.02,"u":"5,05 €/KG","img":"https://fd9-photos.leclercdrive.fr/image.ashx?id=2845470&use=l&cat=p&typeid=i","cat":284416},{"id":82159,"n":"Compotes Andros Pomme/chataigne - 4x100g","p":1.8,"u":"4,50 €/KG","img":"https://fd9-photos.leclercdrive.fr/image.ashx?id=2937361&use=l&cat=p&typeid=i","cat":284416},{"id":82167,"n":"Compotes Andros Pomme Banane - 4x100g","p":1.59,"u":"3,98 €/KG","img":"https://fd9-photos.leclercdrive.fr/image.ashx?id=2883997&use=l&cat=p&typeid=i","cat":284416},{"id":82172,"n":"Mini cônes Extrême  Vanille Caramel x8 - 312g","p":3.59,"u":"11,51 €/KG","img":"https://fd9-photos.leclercdrive.fr/image.ashx?id=2737033&use=l&cat=p&typeid=i","cat":284264},{"id":82174,"n":"Extrême  Citron Framboise - 6x71g","p":3.35,"u":"7,86 €/KG","img":"https://fd9-photos.leclercdrive.fr/image.ashx?id=2866076&use=l&cat=p&typeid=i","cat":284264},{"id":82179,"n":"Bière blonde 3 Monts 75cl","p":2.47,"u":"3,29 €/L","img":"https://fd9-photos.leclercdrive.fr/image.ashx?id=2550553&use=l&cat=p&typeid=i","cat":334852},{"id":82181,"n":"Bière Mort Subite Kriek A la cerise - 33cl","p":1.4,"u":"4,24 €/L","img":"https://fd9-photos.leclercdrive.fr/image.ashx?id=2796414&use=l&cat=p&typeid=i","cat":334872},{"id":82184,"n":"Barres KINDER BUENO White  Chocolat Blanc x12 - 468g","p":8.71,"u":"18,61 €/KG","img":"https://fd9-photos.leclercdrive.fr/image.ashx?id=2679642&use=l&cat=p&typeid=i","cat":284498},{"id":82217,"n":"Gin Hendrick's 41.1%vol - 70cl","p":32.49,"u":"46,41 €/L","img":"https://fd9-photos.leclercdrive.fr/image.ashx?id=2225594&use=l&cat=p&typeid=i","cat":284550},{"id":82218,"n":"Emmental fromage rapé Les Croisés - 750g","p":5.98,"u":"7,97 €/KG","img":"https://fd9-photos.leclercdrive.fr/image.ashx?id=2900665&use=l&cat=p&typeid=i","cat":314035},{"id":82234,"n":"Liniment Corine de Farme Bio - 500ml","p":4.89,"u":"9,78 €/L","img":"https://fd9-photos.leclercdrive.fr/image.ashx?id=2424449&use=l&cat=p&typeid=i","cat":284741},{"id":82237,"n":"Rhum trois rivières Cuvée du  Moulin - 40%vol - 70cl","p":22.05,"u":"31,50 €/L","img":"https://fd9-photos.leclercdrive.fr/image.ashx?id=2844909&use=l&cat=p&typeid=i","cat":284550},{"id":82238,"n":"Arrangé Maison La Mauny Banane 30%vol. - 70cl","p":18.29,"u":"26,13 €/L","img":"https://fd9-photos.leclercdrive.fr/image.ashx?id=2956334&use=l&cat=p&typeid=i","cat":284551},{"id":82250,"n":"Thon au Naturel Petit Navire Démarche Responsable 140g","p":2.3,"u":"16,43 €/KG","img":"https://fd9-photos.leclercdrive.fr/image.ashx?id=2928360&use=l&cat=p&typeid=i","cat":303867},{"id":82251,"n":"Thon MSC Naturel Petit Navire Entier -  112g","p":3.03,"u":"27,05 €/KG","img":"https://fd9-photos.leclercdrive.fr/image.ashx?id=2928357&use=l&cat=p&typeid=i","cat":303867},{"id":82253,"n":"Biscuits Thé LU 350g","p":1.52,"u":"4,34 €/KG","img":"https://fd9-photos.leclercdrive.fr/image.ashx?id=2977738&use=l&cat=p&typeid=i","cat":284487},{"id":82264,"n":"Doonuts St Michel Pépites de chocolat - 180g","p":2.03,"u":"11,28 €/KG","img":"https://fd9-photos.leclercdrive.fr/image.ashx?id=1917782&use=l&cat=p&typeid=i","cat":284495},{"id":82265,"n":"Céréales Quaker Cruesli Chocolat - 450g","p":2.66,"u":"5,91 €/KG","img":"https://fd9-photos.leclercdrive.fr/image.ashx?id=2382791&use=l&cat=p&typeid=i","cat":309512},{"id":82266,"n":"Filet de sardines Saupiquet A l'huile d'olive - 100g","p":1.6,"u":"16,00 €/KG","img":"https://fd9-photos.leclercdrive.fr/image.ashx?id=2845347&use=l&cat=p&typeid=i","cat":305146},{"id":82267,"n":"Céréales Quaker Cruesli Chocolat au lait - 900g","p":5.39,"u":"5,99 €/KG","img":"https://fd9-photos.leclercdrive.fr/image.ashx?id=2212150&use=l&cat=p&typeid=i","cat":309512},{"id":82276,"n":"Sardines Huile PARMENTIER Tournesol 135g","p":1.62,"u":"12,00 €/KG","img":"https://fd9-photos.leclercdrive.fr/image.ashx?id=2989057&use=l&cat=p&typeid=i","cat":305146},{"id":82280,"n":"Sardines Parmentier Piment - 135g","p":1.8,"u":"13,33 €/KG","img":"https://fd9-photos.leclercdrive.fr/image.ashx?id=2988312&use=l&cat=p&typeid=i","cat":305146},{"id":82281,"n":"Boulettes de boeuf Eco+ x30 - 900g","p":6.97,"u":"7,74 €/KG","img":"https://fd9-photos.leclercdrive.fr/image.ashx?id=2966529&use=l&cat=p&typeid=i","cat":319779},{"id":82283,"n":"Bière ambrée corse Pietra 6° - 33cl","p":1.62,"u":"4,91 €/L","img":"https://fd9-photos.leclercdrive.fr/image.ashx?id=2929362&use=l&cat=p&typeid=i","cat":334872},{"id":82350,"n":"Frites fines McCain Côté Comptoir - 650g","p":2.35,"u":"3,62 €/KG","img":"https://fd9-photos.leclercdrive.fr/image.ashx?id=2693887&use=l&cat=p&typeid=i","cat":319791},{"id":82351,"n":"Frites incurvées McCain Côté Brasserie - 650g","p":2.17,"u":"3,34 €/KG","img":"https://fd9-photos.leclercdrive.fr/image.ashx?id=2927044&use=l&cat=p&typeid=i","cat":319791},{"id":82353,"n":"Biscuits Oréo enrobé chocolat Au lait - 246g","p":2.57,"u":"10,45 €/KG","img":"https://fd9-photos.leclercdrive.fr/image.ashx?id=2908333&use=l&cat=p&typeid=i","cat":284488},{"id":82433,"n":"Cordons Bleus Côté Croc Poulet x4 - 400g","p":3.95,"u":"9,88 €/KG","img":"https://fd9-photos.leclercdrive.fr/image.ashx?id=2801052&use=l&cat=p&typeid=i","cat":333683},{"id":82440,"n":"Boisson lactée Candy'UP Vanille - 6x20cl","p":2.87,"u":"2,39 €/L","img":"https://fd9-photos.leclercdrive.fr/image.ashx?id=2485632&use=l&cat=p&typeid=i","cat":295246},{"id":82449,"n":"Amande en poudre Sun 500g","p":6.96,"u":"13,92 €/KG","img":"https://fd9-photos.leclercdrive.fr/image.ashx?id=2730613&use=l&cat=p&typeid=i","cat":284504},{"id":82520,"n":"Fromage Croque emmental Président - 12 tranches - 200g","p":1.81,"u":"9,05 €/KG","img":"https://fd9-photos.leclercdrive.fr/image.ashx?id=2446356&use=l&cat=p&typeid=i","cat":314028},{"id":82556,"n":"Eau minérale Sainte Baume 6x1.5L","p":2.78,"u":"0,31 €/L","img":"https://fd9-photos.leclercdrive.fr/image.ashx?id=2642681&use=l&cat=p&typeid=i","cat":284535},{"id":82575,"n":"Bière ambrée La Goudale 7.2%vol - 6x25cl","p":5.42,"u":"3,61 €/L","img":"https://fd9-photos.leclercdrive.fr/image.ashx?id=2915521&use=l&cat=p&typeid=i","cat":334852},{"id":82611,"n":"L'Ortolan portions Fromagerie Milleret - 8 x 30 g","p":3.39,"u":"14,13 €/KG","img":"https://fd9-photos.leclercdrive.fr/image.ashx?id=1857850&use=l&cat=p&typeid=i","cat":314030},{"id":82647,"n":"Garniture :bouchées à la reine Petit Jean 2+1 offert - 3x400g","p":4.1,"u":"3,42 €/KG","img":"https://fd9-photos.leclercdrive.fr/image.ashx?id=2185286&use=l&cat=p&typeid=i","cat":284441},{"id":82665,"n":"Arrangé Rivière du Mât Vanille des Tropiques - 70cl","p":16.18,"u":"23,11 €/L","img":"https://fd9-photos.leclercdrive.fr/image.ashx?id=2731291&use=l&cat=p&typeid=i","cat":284551},{"id":82667,"n":"Yaourt aux fruits bifidus Activia poire - 4x125g","p":1.91,"u":"3,82 €/KG","img":"https://fd9-photos.leclercdrive.fr/image.ashx?id=2885330&use=l&cat=p&typeid=i","cat":315000},{"id":82669,"n":"Yaourt aux fruits bifidus Activia mangue - 4x125g","p":1.94,"u":"3,88 €/KG","img":"https://fd9-photos.leclercdrive.fr/image.ashx?id=2886642&use=l&cat=p&typeid=i","cat":315000},{"id":82677,"n":"yaourt aux fruits bifidus activia fraise - 4x125g","p":1.95,"u":"3,90 €/KG","img":"https://fd9-photos.leclercdrive.fr/image.ashx?id=2886627&use=l&cat=p&typeid=i","cat":315000},{"id":82717,"n":"Arrangé Rivière du Mât Ananas Caramélisé 35% vol 70cl","p":16.06,"u":"22,94 €/L","img":"https://fd9-photos.leclercdrive.fr/image.ashx?id=2731297&use=l&cat=p&typeid=i","cat":284551},{"id":82739,"n":"Poisson pané Croustibat Findus Petit trésor MSC - x15 - 450g","p":3.04,"u":"6,76 €/KG","img":"https://fd9-photos.leclercdrive.fr/image.ashx?id=3008758&use=l&cat=p&typeid=i","cat":319788},{"id":82741,"n":"Poisson pané Findus Colin  Alaska Fish and Chips x13- 364g","p":2.84,"u":"7,80 €/KG","img":"https://fd9-photos.leclercdrive.fr/image.ashx?id=3008761&use=l&cat=p&typeid=i","cat":319788},{"id":82748,"n":"Couches Activ+ Mots d'enfants  Taille 4+ 9/20kg - x37 changes","p":12.99,"u":"0,35 €/P","img":"https://fd9-photos.leclercdrive.fr/image.ashx?id=2934742&use=l&cat=p&typeid=i","cat":284737},{"id":82958,"n":"Amande en poudre naturelle La Noix Gaillarde - 500g","p":3.89,"u":"7,78 €/KG","img":"https://fd9-photos.leclercdrive.fr/image.ashx?id=1584407&use=l&cat=p&typeid=i","cat":284357},{"id":83107,"n":"Bière La G de Goudale 7.9% vol - 33cl","p":1.88,"u":"5,70 €/L","img":"https://fd9-photos.leclercdrive.fr/image.ashx?id=1736938&use=l&cat=p&typeid=i","cat":334872},{"id":83120,"n":"Bière brune Pelforth 12x25cl","p":8.71,"u":"2,90 €/L","img":"https://fd9-photos.leclercdrive.fr/image.ashx?id=2646182&use=l&cat=p&typeid=i","cat":334852},{"id":83132,"n":"Boisson lactée Tous mes amis pour chats - 3x200ml","p":2.13,"u":"3,55 €/L","img":"https://fd9-photos.leclercdrive.fr/image.ashx?id=1944634&use=l&cat=p&typeid=i","cat":285285},{"id":83246,"n":"Maïs doux Bio 400g","p":2.59,"u":"6,48 €/KG","img":"https://fd9-photos.leclercdrive.fr/image.ashx?id=1610621&use=l&cat=p&typeid=i","cat":333671},{"id":83303,"n":"Happy Cola Haribo Sachet bonbons - 300g","p":1.92,"u":"6,40 €/KG","img":"https://fd9-photos.leclercdrive.fr/image.ashx?id=2806087&use=l&cat=p&typeid=i","cat":304250},{"id":83350,"n":"Bonbons Haribo Moam Happy fruttis - 200g","p":1.66,"u":"8,30 €/KG","img":"https://fd9-photos.leclercdrive.fr/image.ashx?id=2984916&use=l&cat=p&typeid=i","cat":304250},{"id":83377,"n":"Pâte à tartiner Karéléa Noisette sans sucre ajouté-400g","p":4.54,"u":"11,35 €/KG","img":"https://fd9-photos.leclercdrive.fr/image.ashx?id=2888013&use=l&cat=p&typeid=i","cat":284481},{"id":83382,"n":"Coeurs d'Artichauts Florelli A la paysanne - 280g","p":3.04,"u":"10,86 €/KG","img":"https://fd9-photos.leclercdrive.fr/image.ashx?id=2594533&use=l&cat=p&typeid=i","cat":289010},{"id":83429,"n":"AOP Côtes de Provence rosé H Haussmann - 75cl","p":7.5,"u":"10,00 €/L","img":"https://fd9-photos.leclercdrive.fr/image.ashx?id=2093535&use=l&cat=p&typeid=i","cat":289558},{"id":83474,"n":"Sauce pour pâtes Florelli Asperges tomates parmesan -190g","p":2.06,"u":"10,84 €/KG","img":"https://fd9-photos.leclercdrive.fr/image.ashx?id=3011665&use=l&cat=p&typeid=i","cat":289010},{"id":83476,"n":"Tapenade d'Olives vertes Les Tartinables Florelli 190g","p":2.47,"u":"13,00 €/KG","img":"https://fd9-photos.leclercdrive.fr/image.ashx?id=2904347&use=l&cat=p&typeid=i","cat":289010},{"id":83698,"n":"IGP Pays d'Oc Grenache vin rosé Vieux Carion 12.5% vol - 75cl","p":2.25,"u":"3,00 €/L","img":"https://fd9-photos.leclercdrive.fr/image.ashx?id=2722823&use=l&cat=p&typeid=i","cat":289558},{"id":83710,"n":"Noix de cajou Seeberger Grillées - 150g","p":3.38,"u":"22,53 €/KG","img":"https://fd9-photos.leclercdrive.fr/image.ashx?id=2950609&use=l&cat=p&typeid=i","cat":316002},{"id":83787,"n":"Dessert Lacté P'TIT BRASSE BIO Poire Banane 6M+ - 4x90g","p":2.22,"u":"6,17 €/KG","img":"https://fd9-photos.leclercdrive.fr/image.ashx?id=2670866&use=l&cat=p&typeid=i","cat":312392},{"id":83790,"n":"Desserts Lactés P'TIT BRASSE BIO Pomme Pêche 6M+ - 4x90g","p":2.04,"u":"5,67 €/KG","img":"https://fd9-photos.leclercdrive.fr/image.ashx?id=2670863&use=l&cat=p&typeid=i","cat":312392},{"id":83820,"n":"Chips Pom'Lisse  Saveur Chèvre miel - 135g","p":1.35,"u":"10,00 €/KG","img":"https://fd9-photos.leclercdrive.fr/image.ashx?id=2654474&use=l&cat=p&typeid=i","cat":284447},{"id":83972,"n":"AOC Languedoc rouge Mythique - 75cl - 14%","p":3.76,"u":"5,01 €/L","img":"https://fd9-photos.leclercdrive.fr/image.ashx?id=1763634&use=l&cat=p&typeid=i","cat":289556},{"id":83974,"n":"IGP  Pays d'Hérault vin rosé Bernard Cordelier - 75cl","p":1.99,"u":"2,65 €/L","img":"https://fd9-photos.leclercdrive.fr/image.ashx?id=2891908&use=l&cat=p&typeid=i","cat":289558},{"id":83986,"n":"IGP Pays d'Oc rosé Merlot Grand Sud 12.5% vol - 1L","p":4.16,"u":"4,16 €/L","img":"https://fd9-photos.leclercdrive.fr/image.ashx?id=2941580&use=l&cat=p&typeid=i","cat":289558},{"id":84002,"n":"Vin Blanc La villageoise  Union européenne - 1.5L","p":3.49,"u":"2,33 €/L","img":"https://fd9-photos.leclercdrive.fr/image.ashx?id=2414133&use=l&cat=p&typeid=i","cat":289557},{"id":84003,"n":"Vin blanc de cuisine Union Européenne La villageoise 25cl","p":0.92,"u":"3,68 €/L","img":"https://fd9-photos.leclercdrive.fr/image.ashx?id=2527859&use=l&cat=p&typeid=i","cat":289557},{"id":84031,"n":"Maca-ginseng-gimgembre  Tonifiant sexuel - 40 comprimés","p":5.25,"u":"0,13 €/P","img":"https://fd9-photos.leclercdrive.fr/image.ashx?id=2773376&use=l&cat=p&typeid=i","cat":313217},{"id":84152,"n":"Pain pour Panini La Boulangère x4 - 300g","p":1.78,"u":"5,93 €/KG","img":"https://fd9-photos.leclercdrive.fr/image.ashx?id=2937457&use=l&cat=p&typeid=i","cat":284985},{"id":84154,"n":"Bonbons VICHY Menthe 230g","p":1.23,"u":"5,35 €/KG","img":"https://fd9-photos.leclercdrive.fr/image.ashx?id=2806342&use=l&cat=p&typeid=i","cat":304252},{"id":84158,"n":"Bonbons CARAMBAR Fruits Assortiment - 320g","p":1.69,"u":"5,28 €/KG","img":"https://fd9-photos.leclercdrive.fr/image.ashx?id=2964499&use=l&cat=p&typeid=i","cat":304250},{"id":84160,"n":"Bonbons CARAMBAR Caramel 320g","p":1.69,"u":"5,28 €/KG","img":"https://fd9-photos.leclercdrive.fr/image.ashx?id=2770124&use=l&cat=p&typeid=i","cat":304250},{"id":84161,"n":"Bonbons LA PIE QUI CHANTE Michoko Noir - 280g","p":2.53,"u":"9,04 €/KG","img":"https://fd9-photos.leclercdrive.fr/image.ashx?id=2817842&use=l&cat=p&typeid=i","cat":304250},{"id":84163,"n":"Break P'tit Déli 135g","p":1.33,"u":"9,85 €/KG","img":"https://fd9-photos.leclercdrive.fr/image.ashx?id=1419312&use=l&cat=p&typeid=i","cat":284488},{"id":84167,"n":"Amande Emondée Maître Prunille 250g","p":4.61,"u":"18,44 €/KG","img":"https://fd9-photos.leclercdrive.fr/image.ashx?id=1760872&use=l&cat=p&typeid=i","cat":284357},{"id":84178,"n":"Pur jus Tropicana Orange Pure Premium Avec Pulpe - 1.5L","p":3.96,"u":"2,64 €/L","img":"https://fd9-photos.leclercdrive.fr/image.ashx?id=2605656&use=l&cat=p&typeid=i","cat":284521},{"id":84247,"n":"Dentifrice Dentavie Bio Haleine fraiche - 75ml","p":3.27,"u":"43,60 €/L","img":"https://fd9-photos.leclercdrive.fr/image.ashx?id=2575522&use=l&cat=p&typeid=i","cat":284612},{"id":84249,"n":"Crème Bio Hydratante Sobio Etic Aloe Vera - 100ml","p":7.49,"u":"74,90 €/L","img":"https://fd9-photos.leclercdrive.fr/image.ashx?id=2787074&use=l&cat=p&typeid=i","cat":325345},{"id":84385,"n":"Croc'Choc Lucien Georgelin Noisette - 375g","p":3.05,"u":"8,13 €/KG","img":"https://fd9-photos.leclercdrive.fr/image.ashx?id=2561811&use=l&cat=p&typeid=i","cat":309513},{"id":84386,"n":"Croc'Tou Choc Lucien Georgelin 375g - Lucien Georgelin","p":2.97,"u":"7,92 €/KG","img":"https://fd9-photos.leclercdrive.fr/image.ashx?id=2561808&use=l&cat=p&typeid=i","cat":309513},{"id":84392,"n":"Sauce tomate de Marmande 300g - Lucien Georgelin","p":1.91,"u":"6,37 €/KG","img":"https://fd9-photos.leclercdrive.fr/image.ashx?id=2015660&use=l&cat=p&typeid=i","cat":288384},{"id":84441,"n":"Trio saucissons Cévennes  Nos Régions ont du Talent 345g","p":6.84,"u":"19,83 €/KG","img":"https://fd9-photos.leclercdrive.fr/image.ashx?id=2776301&use=l&cat=p&typeid=i","cat":316006},{"id":84458,"n":"Crème glacée L'Angélys Artisanale Chocolat noir - 450g","p":5.15,"u":"11,44 €/KG","img":"https://fd9-photos.leclercdrive.fr/image.ashx?id=2963571&use=l&cat=p&typeid=i","cat":284263},{"id":84486,"n":"Mousse forestière Supérieure Médaille d'or CGA 2017 - 170g","p":2.7,"u":"15,88 €/KG","img":"https://fd9-photos.leclercdrive.fr/image.ashx?id=2989261&use=l&cat=p&typeid=i","cat":316008},{"id":84762,"n":"Saucisse de Toulouse La Nouvelle Agriculture x4-500g","p":6.95,"pp":5.95,"u":"11,90 €/KG","img":"https://fd9-photos.leclercdrive.fr/image.ashx?id=2838662&use=l&cat=p&typeid=i","cat":284334},{"id":84784,"n":"Filet de poulet Le Gaulois x2 - 300g","p":4.99,"u":"16,63 €/KG","img":"https://fd9-photos.leclercdrive.fr/image.ashx?id=2732761&use=l&cat=p&typeid=i","cat":284336},{"id":84786,"n":"Pilons de poulet jaune Le Gaulois - 360g","p":2.92,"u":"8,11 €/KG","img":"https://fd9-photos.leclercdrive.fr/image.ashx?id=2732755&use=l&cat=p&typeid=i","cat":284336},{"id":84787,"n":"Haut de cuisse de poulet blanc Le Gaulois - 450g","p":3.41,"u":"7,58 €/KG","img":"https://fd9-photos.leclercdrive.fr/image.ashx?id=2561712&use=l&cat=p&typeid=i","cat":284336},{"id":84790,"n":"Cuisse de poulet blanc Le Gaulois - 500g","p":3.19,"u":"6,38 €/KG","img":"https://fd9-photos.leclercdrive.fr/image.ashx?id=2732752&use=l&cat=p&typeid=i","cat":284336},{"id":84818,"n":"Baby carottes La Ferme à Jules Les Crudettes - 400g","p":2.48,"u":"6,20 €/KG","img":"https://fd9-photos.leclercdrive.fr/image.ashx?id=2227570&use=l&cat=p&typeid=i","cat":284352},{"id":84819,"n":"Cerneaux de noix Seeberger 150g","p":5.01,"u":"33,40 €/KG","img":"https://fd9-photos.leclercdrive.fr/image.ashx?id=2950615&use=l&cat=p&typeid=i","cat":284357},{"id":84820,"n":"Minis sandwich Daunat jambon/emmental - 130g","p":1.78,"u":"13,69 €/KG","img":"https://fd9-photos.leclercdrive.fr/image.ashx?id=2951812&use=l&cat=p&typeid=i","cat":333658},{"id":84825,"n":"Le Moelleux Daunat Thon Oeuf Crudités - 230g","p":2.32,"u":"10,09 €/KG","img":"https://fd9-photos.leclercdrive.fr/image.ashx?id=2623223&use=l&cat=p&typeid=i","cat":333658},{"id":85001,"n":"Ethylotest Arcoll A usage unique","p":2.35,"img":"https://fd9-photos.leclercdrive.fr/image.ashx?id=2056620&use=l&cat=p&typeid=i","cat":334880},{"id":85022,"n":"Shampooing Naturé Moi Extra-doux - 250ml","p":2.55,"u":"10,20 €/L","img":"https://fd9-photos.leclercdrive.fr/image.ashx?id=2740673&use=l&cat=p&typeid=i","cat":284606},{"id":85024,"n":"Lentille verte bio Happy Bio  500g","p":2.33,"u":"4,66 €/KG","img":"https://fd9-photos.leclercdrive.fr/image.ashx?id=2685015&use=l&cat=p&typeid=i","cat":284430},{"id":85051,"n":"Endives Panier du Primeur x5","p":2.49,"u":"0,50 €/P","img":"https://fd9-photos.leclercdrive.fr/image.ashx?id=2655607&use=l&cat=p&typeid=i","cat":284352},{"id":85052,"n":"Croquettes petit chien Ultima  Nature Poulet - 1,25kg","p":6.35,"u":"5,08 €/KG","img":"https://fd9-photos.leclercdrive.fr/image.ashx?id=2593164&use=l&cat=p&typeid=i","cat":294526},{"id":85059,"n":"Protection auditive Quies En mousse fluo - x16","p":6.57,"u":"0,41 €/P","img":"https://fd9-photos.leclercdrive.fr/image.ashx?id=2159511&use=l&cat=p&typeid=i","cat":284630},{"id":85084,"n":"Pâtes Capellini de Panzani Sous cellophane - 1kg","p":2.12,"u":"2,12 €/KG","img":"https://fd9-photos.leclercdrive.fr/image.ashx?id=2876035&use=l&cat=p&typeid=i","cat":284427},{"id":85090,"n":"Sauce 3 Poivres Heinz - 220g","p":1.98,"u":"9,00 €/KG","img":"https://fd9-photos.leclercdrive.fr/image.ashx?id=2973351&use=l&cat=p&typeid=i","cat":318431},{"id":85106,"n":"Mayonnaise American Style Heinz  - 395g","p":2.7,"u":"6,84 €/KG","img":"https://fd9-photos.leclercdrive.fr/image.ashx?id=2927059&use=l&cat=p&typeid=i","cat":298295},{"id":85159,"n":"Nouilles au Poulet Apollo 4x85g + 85g offerts","p":1.62,"u":"3,81 €/KG","img":"https://fd9-photos.leclercdrive.fr/image.ashx?id=2534006&use=l&cat=p&typeid=i","cat":287367},{"id":85206,"n":"Génoises fourrées Pim's LU Fraise des bois - 150g","p":1.65,"u":"11,00 €/KG","img":"https://fd9-photos.leclercdrive.fr/image.ashx?id=3002204&use=l&cat=p&typeid=i","cat":284489},{"id":85207,"n":"Génoise fourrées Pim's LU Poire - 150g","p":1.71,"u":"11,40 €/KG","img":"https://fd9-photos.leclercdrive.fr/image.ashx?id=2145202&use=l&cat=p&typeid=i","cat":284489},{"id":85268,"n":"Infusion Bio Ethiquable Rooibos Afrique du Sud x20 - 40g","p":2.4,"u":"3,00 €/KG","img":"https://fd9-photos.leclercdrive.fr/image.ashx?id=2870878&use=l&cat=p&typeid=i","cat":293233},{"id":85287,"n":"Confiture Ethiquable Figue du Rousillon bio  - 375g","p":3.05,"u":"8,13 €/KG","img":"https://fd9-photos.leclercdrive.fr/image.ashx?id=2944230&use=l&cat=p&typeid=i","cat":284480},{"id":85290,"n":"Chocolat noir Bio Ethiquable  74% Côte d'Ivoire - 100g","p":3.03,"u":"30,30 €/KG","img":"https://fd9-photos.leclercdrive.fr/image.ashx?id=2870929&use=l&cat=p&typeid=i","cat":284956},{"id":85532,"n":"Tenders de Poulet Père Dodu  Aiguillettes - 380g","p":5.5,"u":"14,47 €/KG","img":"https://fd9-photos.leclercdrive.fr/image.ashx?id=2957200&use=l&cat=p&typeid=i","cat":333684},{"id":85666,"n":"IGP Ardeche rosé Pont d'Arc 12.5% vol - BIB 5L","p":10.99,"u":"2,20 €/L","img":"https://fd9-photos.leclercdrive.fr/image.ashx?id=2527922&use=l&cat=p&typeid=i","cat":289560},{"id":85677,"n":"AOP Saumur Vin blanc pétillant  Ackerman brut - 75cl","p":6.21,"u":"8,28 €/L","img":"https://fd9-photos.leclercdrive.fr/image.ashx?id=2730232&use=l&cat=p&typeid=i","cat":284544},{"id":85698,"n":"AOP Gros Plant Pays Nantais/Lie Blanc sec  Haute Carizière 75cl","p":3.84,"u":"5,12 €/L","img":"https://fd9-photos.leclercdrive.fr/image.ashx?id=2126265&use=l&cat=p&typeid=i","cat":289557},{"id":85739,"n":"Soda Pepsi Saveur cola sans sucres - 1L","p":1.12,"u":"1,12 €/L","img":"https://fd9-photos.leclercdrive.fr/image.ashx?id=2682300&use=l&cat=p&typeid=i","cat":284530},{"id":85743,"n":"Chipolatas Nouvelle Agriculture Herbes - x6 - 330g","p":5.2,"pp":4.2,"u":"12,73 €/KG","img":"https://fd9-photos.leclercdrive.fr/image.ashx?id=2650525&use=l&cat=p&typeid=i","cat":284334},{"id":85745,"n":"Batonnets Surimi Coraya x30 - 450g","p":4.47,"u":"9,93 €/KG","img":"https://fd9-photos.leclercdrive.fr/image.ashx?id=2962683&use=l&cat=p&typeid=i","cat":285189},{"id":85955,"n":"Vin d'Espagne rosé grenache Bio Alexandre de Montmirel - BIB 3L","p":11.95,"u":"3,98 €/L","img":"https://fd9-photos.leclercdrive.fr/image.ashx?id=2276729&use=l&cat=p&typeid=i","cat":289558},{"id":85998,"n":"Sauce Curry Mango Heinz - 225g","p":2.06,"u":"9,16 €/KG","img":"https://fd9-photos.leclercdrive.fr/image.ashx?id=2927050&use=l&cat=p&typeid=i","cat":318431},{"id":86020,"n":"Champagne Alfred Rothschild Brut - 75cl","p":27.12,"u":"36,16 €/L","img":"https://fd9-photos.leclercdrive.fr/image.ashx?id=2628473&use=l&cat=p&typeid=i","cat":284542},{"id":86049,"n":"Éventail de Crevettes Pescanova ASC Sauce Cocktail - 130g","p":4.2,"u":"32,31 €/KG","img":"https://fd9-photos.leclercdrive.fr/image.ashx?id=2816871&use=l&cat=p&typeid=i","cat":284343},{"id":86071,"n":"AOP Prosecco Perlino Extra Dry - 75cl","p":6.67,"u":"8,89 €/L","img":"https://fd9-photos.leclercdrive.fr/image.ashx?id=2612778&use=l&cat=p&typeid=i","cat":289461},{"id":86208,"n":"Pâte à tartiner Nutella 1kg","p":6.62,"u":"6,62 €/KG","img":"https://fd9-photos.leclercdrive.fr/image.ashx?id=2935648&use=l&cat=p&typeid=i","cat":284481},{"id":86375,"n":"Rochers Suchard  Lait - 7x35g","p":4.08,"u":"16,65 €/KG","img":"https://fd9-photos.leclercdrive.fr/image.ashx?id=2950372&use=l&cat=p&typeid=i","cat":284499},{"id":86376,"n":"Rochers Suchard Noir - 7x35g","p":4.08,"u":"16,65 €/KG","img":"https://fd9-photos.leclercdrive.fr/image.ashx?id=2950375&use=l&cat=p&typeid=i","cat":284499},{"id":86403,"n":"Capsules café L'Or Espresso Delizioso N°5 x10","p":3.08,"u":"59,23 €/KG","img":"https://fd9-photos.leclercdrive.fr/image.ashx?id=3000462&use=l&cat=p&typeid=i","cat":284749},{"id":86409,"n":"Amande à tartiner Bjorg Bio - 185g","p":5.77,"u":"31,19 €/KG","img":"https://fd9-photos.leclercdrive.fr/image.ashx?id=2752969&use=l&cat=p&typeid=i","cat":284481},{"id":86411,"n":"Biscuit bio Bjorg Avoine pépites chocolat - 130g","p":2.23,"u":"17,15 €/KG","img":"https://fd9-photos.leclercdrive.fr/image.ashx?id=2999985&use=l&cat=p&typeid=i","cat":325066},{"id":86412,"n":"Biscuit bio Bjorg Avoine complet nature - 130g","p":1.87,"u":"14,38 €/KG","img":"https://fd9-photos.leclercdrive.fr/image.ashx?id=2921606&use=l&cat=p&typeid=i","cat":284487},{"id":86416,"n":"Confiture bio Bio Village Fruits rouges - 370g","p":2.79,"u":"7,54 €/KG","img":"https://fd9-photos.leclercdrive.fr/image.ashx?id=2965638&use=l&cat=p&typeid=i","cat":284480},{"id":86417,"n":"Barquettes Bio Village Fraise bio - 120g","p":1.99,"u":"16,58 €/KG","img":"https://fd9-photos.leclercdrive.fr/image.ashx?id=2907476&use=l&cat=p&typeid=i","cat":284489},{"id":86438,"n":"Dentifrice Integral 8 Signal Nature Elements Coco 75ml","p":1.76,"u":"23,47 €/L","img":"https://fd9-photos.leclercdrive.fr/image.ashx?id=2974659&use=l&cat=p&typeid=i","cat":284612},{"id":86451,"n":"Lessive gel Génie Lavage main - 200ml","p":1.56,"u":"7,80 €/L","img":"https://fd9-photos.leclercdrive.fr/image.ashx?id=2664142&use=l&cat=p&typeid=i","cat":284643},{"id":86470,"n":"Bonbons KREMA Festival Assortiment - 360g","p":2.47,"u":"6,86 €/KG","img":"https://fd9-photos.leclercdrive.fr/image.ashx?id=2817875&use=l&cat=p&typeid=i","cat":304250},{"id":86482,"n":"Bonbons KREMA Régal'ad Assortiment Fruits - 360g","p":2.82,"u":"7,83 €/KG","img":"https://fd9-photos.leclercdrive.fr/image.ashx?id=2855295&use=l&cat=p&typeid=i","cat":304250},{"id":86489,"n":"Chocolat en poudre Poulain Grand arôme 32% cacao - 250g","p":2.03,"u":"8,12 €/KG","img":"https://fd9-photos.leclercdrive.fr/image.ashx?id=2859071&use=l&cat=p&typeid=i","cat":293235},{"id":86570,"n":"Chewing gum Malabar Tutti Frutti - 214g","p":2.11,"u":"9,86 €/KG","img":"https://fd9-photos.leclercdrive.fr/image.ashx?id=2817848&use=l&cat=p&typeid=i","cat":304251},{"id":86586,"n":"Pain de mie Harrys Nature extra moelleux - 500g","p":1.37,"u":"2,74 €/KG","img":"https://fd9-photos.leclercdrive.fr/image.ashx?id=2660730&use=l&cat=p&typeid=i","cat":284477},{"id":86591,"n":"AOP Champagne Pommery Brut Royal étui- 75cl","p":33.32,"u":"44,43 €/L","img":"https://fd9-photos.leclercdrive.fr/image.ashx?id=2791500&use=l&cat=p&typeid=i","cat":284542},{"id":86658,"n":"Thé vert Twinings Simplement pur - x25 - 37g","p":2.49,"u":"67,30 €/KG","img":"https://fd9-photos.leclercdrive.fr/image.ashx?id=2893015&use=l&cat=p&typeid=i","cat":293233},{"id":86670,"n":"Flocons d'avoine complet Bjorg bio - 900g","p":2.66,"u":"2,96 €/KG","img":"https://fd9-photos.leclercdrive.fr/image.ashx?id=2928534&use=l&cat=p&typeid=i","cat":309512},{"id":86724,"n":"Huile d'olive Bio Village Bio Vierge extra fruité - 75 cl","p":7.99,"u":"10,65 €/L","img":"https://fd9-photos.leclercdrive.fr/image.ashx?id=3005712&use=l&cat=p&typeid=i","cat":284453},{"id":86725,"n":"Poudre de cacao bio Bio Village 500g - 32% de cacao","p":3.95,"u":"7,90 €/KG","img":"https://fd9-photos.leclercdrive.fr/image.ashx?id=2441516&use=l&cat=p&typeid=i","cat":293235},{"id":86734,"n":"Cookies P'tit Déli Triple chocolat - 200g","p":1.44,"u":"7,20 €/KG","img":"https://fd9-photos.leclercdrive.fr/image.ashx?id=2529608&use=l&cat=p&typeid=i","cat":325066},{"id":86747,"n":"Sacs de congélation Elembal Curseur moyen - x15","p":1.99,"u":"0,13 €/P","img":"https://fd9-photos.leclercdrive.fr/image.ashx?id=2511120&use=l&cat=p&typeid=i","cat":334134},{"id":86779,"n":"Colin d'Alaska Pêche Océan Beurre citron - MSC - 400g","p":3.39,"u":"8,48 €/KG","img":"https://fd9-photos.leclercdrive.fr/image.ashx?id=2930126&use=l&cat=p&typeid=i","cat":319786},{"id":86884,"n":"Amande en poudre Vahiné 200g","p":3.98,"u":"19,90 €/KG","img":"https://fd9-photos.leclercdrive.fr/image.ashx?id=2559850&use=l&cat=p&typeid=i","cat":284504},{"id":86885,"n":"Pralin Vahiné 200g","p":3.8,"u":"19,00 €/KG","img":"https://fd9-photos.leclercdrive.fr/image.ashx?id=2524320&use=l&cat=p&typeid=i","cat":284504},{"id":86905,"n":"Bière blonde 1664 5,5° - 12x33cl canettes","p":9.46,"u":"2,39 €/L","img":"https://fd9-photos.leclercdrive.fr/image.ashx?id=2246617&use=l&cat=p&typeid=i","cat":334853},{"id":86907,"n":"Lait en poudre Modilac Bébé : 2ème âge - 820g","p":14.65,"u":"17,87 €/KG","img":"https://fd9-photos.leclercdrive.fr/image.ashx?id=2873393&use=l&cat=p&typeid=i","cat":284727},{"id":86909,"n":"Lait en poudre Modilac Doucéa Bébé 0-6mois - 820g","p":19.66,"u":"23,98 €/KG","img":"https://fd9-photos.leclercdrive.fr/image.ashx?id=2997031&use=l&cat=p&typeid=i","cat":284726},{"id":86947,"n":"Parmesan rapé AOP 30% MG Bio Bio village - 50g","p":1.66,"u":"33,20 €/KG","img":"https://fd9-photos.leclercdrive.fr/image.ashx?id=2887422&use=l&cat=p&typeid=i","cat":314035},{"id":86954,"n":"Croissants crus surgelés Gourmet d'Alsace - 1.5kg - x30","p":9.42,"u":"6,28 €/KG","img":"https://fd9-photos.leclercdrive.fr/image.ashx?id=2167101&use=l&cat=p&typeid=i","cat":288858},{"id":86956,"n":"Pains au chocolat surgelé Gourmet d'Alsace - 1.25kg - x25","p":9.42,"u":"7,54 €/KG","img":"https://fd9-photos.leclercdrive.fr/image.ashx?id=2167104&use=l&cat=p&typeid=i","cat":288858},{"id":86957,"n":"Lentilles blondes Notre Jardin 500g","p":2.64,"u":"5,28 €/KG","img":"https://fd9-photos.leclercdrive.fr/image.ashx?id=2096455&use=l&cat=p&typeid=i","cat":284430},{"id":86969,"n":"Haricots blancs Notre Jardin 500g","p":2.09,"u":"4,18 €/KG","img":"https://fd9-photos.leclercdrive.fr/image.ashx?id=2096449&use=l&cat=p&typeid=i","cat":284430},{"id":86986,"n":"Sachet fraicheur chat Sheba Thon saumon en gelée - 6x50g","p":2.66,"u":"8,87 €/KG","img":"https://fd9-photos.leclercdrive.fr/image.ashx?id=2850162&use=l&cat=p&typeid=i","cat":285286},{"id":87001,"n":"Petits Pois Notre Jardin 600g","p":1.69,"u":"2,82 €/KG","img":"https://fd9-photos.leclercdrive.fr/image.ashx?id=2873159&use=l&cat=p&typeid=i","cat":319805},{"id":87007,"n":"Bâtonnets à mâcher Dentalife Extra mini x23 - 207g","p":4.24,"u":"20,48 €/KG","img":"https://fd9-photos.leclercdrive.fr/image.ashx?id=2963970&use=l&cat=p&typeid=i","cat":294527},{"id":87017,"n":"Barquette 6 bouquets garnis Thym et Laurier - 15g","p":3.05,"u":"203,33 €/KG","img":"https://fd9-photos.leclercdrive.fr/image.ashx?id=2090090&use=l&cat=p&typeid=i","cat":293607},{"id":87019,"n":"Barquette Thym 20g","p":2.99,"u":"149,50 €/KG","img":"https://fd9-photos.leclercdrive.fr/image.ashx?id=1566088&use=l&cat=p&typeid=i","cat":293607},{"id":87028,"n":"Vin Rouge Coteaux Varois Château de l'Escarelle - 75cl","p":7.63,"u":"10,17 €/L","img":"https://fd9-photos.leclercdrive.fr/image.ashx?id=2439467&use=l&cat=p&typeid=i","cat":289556},{"id":87030,"n":"Vin Blanc Coteaux Varois Château de l'Escarelle - 75cl","p":6.9,"u":"9,20 €/L","img":"https://fd9-photos.leclercdrive.fr/image.ashx?id=2439470&use=l&cat=p&typeid=i","cat":289557},{"id":87038,"n":"Yaourt nature Danone 8x125g","p":1.89,"u":"1,89 €/KG","img":"https://fd9-photos.leclercdrive.fr/image.ashx?id=3001985&use=l&cat=p&typeid=i","cat":284409},{"id":87067,"n":"Yaourt à boire P'tit max  Délisse Fraise - 6x180g","p":2.03,"u":"1,88 €/KG","img":"https://fd9-photos.leclercdrive.fr/image.ashx?id=2762510&use=l&cat=p&typeid=i","cat":284415},{"id":87074,"n":"Nappe Damassée Homeside Grise - 7m","p":2.96,"img":"https://fd9-photos.leclercdrive.fr/image.ashx?id=1659750&use=l&cat=p&typeid=i","cat":334134},{"id":87078,"n":"Serviettes en papier Homeside Aqua - 33x33cm - 3 plis","p":1.99,"img":"https://fd9-photos.leclercdrive.fr/image.ashx?id=1659729&use=l&cat=p&typeid=i","cat":334134},{"id":87081,"n":"Serviettes en papier Homeside Rouge - 33x33cm - x50","p":1.99,"img":"https://fd9-photos.leclercdrive.fr/image.ashx?id=1659723&use=l&cat=p&typeid=i","cat":334134},{"id":87083,"n":"Rhum premium Bacardi Reserva  Ocho 8 ans d'âge 40° - 70cl","p":29.4,"u":"42,00 €/L","img":"https://fd9-photos.leclercdrive.fr/image.ashx?id=2848373&use=l&cat=p&typeid=i","cat":284550},{"id":87084,"n":"Rhum ambré Bacardi Carta Oro 37,5° - 70cl","p":15.67,"u":"22,39 €/L","img":"https://fd9-photos.leclercdrive.fr/image.ashx?id=2858171&use=l&cat=p&typeid=i","cat":284550},{"id":87089,"n":"Pavé Gourmand Garden Gourmet Epinards et Fromage 180g","p":2.15,"u":"11,94 €/KG","img":"https://fd9-photos.leclercdrive.fr/image.ashx?id=2971389&use=l&cat=p&typeid=i","cat":316036},{"id":87133,"n":"Thé vert Bio Ethiquable  Menthe x20 - 36g","p":2.07,"u":"57,50 €/KG","img":"https://fd9-photos.leclercdrive.fr/image.ashx?id=2870875&use=l&cat=p&typeid=i","cat":293233},{"id":87377,"n":"Shampooing douceur L'Arbre Vert 250ml","p":2.24,"u":"8,96 €/L","img":"https://fd9-photos.leclercdrive.fr/image.ashx?id=2886118&use=l&cat=p&typeid=i","cat":284606},{"id":87704,"n":"Nuggets filet Maitre Coq Poulet - 400g","p":4.95,"u":"12,38 €/KG","img":"https://fd9-photos.leclercdrive.fr/image.ashx?id=2739788&use=l&cat=p&typeid=i","cat":333684},{"id":87742,"n":"Yaourt bifidus Activia vanille - 16x125g","p":4.51,"u":"2,26 €/KG","img":"https://fd9-photos.leclercdrive.fr/image.ashx?id=2741757&use=l&cat=p&typeid=i","cat":315000},{"id":87746,"n":"Yaourt bifidus Activia Citron - 16x125g","p":4.51,"u":"2,26 €/KG","img":"https://fd9-photos.leclercdrive.fr/image.ashx?id=2741781&use=l&cat=p&typeid=i","cat":315000},{"id":87747,"n":"Yaourts natures brassés bifidus Activia - 16x125g","p":4.51,"u":"2,26 €/KG","img":"https://fd9-photos.leclercdrive.fr/image.ashx?id=2741790&use=l&cat=p&typeid=i","cat":315000},{"id":87748,"n":"Yaourts natures 0%mg bifidus Activia - 16x125g","p":4.51,"u":"2,26 €/KG","img":"https://fd9-photos.leclercdrive.fr/image.ashx?id=2741793&use=l&cat=p&typeid=i","cat":315000},{"id":87849,"n":"Boisson végétale Alpro lait de coco riz - 1l","p":2.2,"u":"2,20 €/L","img":"https://fd9-photos.leclercdrive.fr/image.ashx?id=2790243&use=l&cat=p&typeid=i","cat":316067},{"id":87894,"n":"Boisson énergisante Crazy Tiger Bouteille - 1L","p":2.09,"u":"2,09 €/L","img":"https://fd9-photos.leclercdrive.fr/image.ashx?id=2927555&use=l&cat=p&typeid=i","cat":284533},{"id":87923,"n":"Compotes  gourdes Pom'Potes Multivariétés - 12x90g","p":5.1,"u":"4,72 €/KG","img":"https://fd9-photos.leclercdrive.fr/image.ashx?id=3010942&use=l&cat=p&typeid=i","cat":284508},{"id":87924,"n":"Dosettes café Senseo Classique x40","p":6.2,"u":"22,38 €/KG","img":"https://fd9-photos.leclercdrive.fr/image.ashx?id=2876326&use=l&cat=p&typeid=i","cat":293238},{"id":87925,"n":"Dosettes café Senseo Corsé x40","p":6.28,"u":"22,67 €/KG","img":"https://fd9-photos.leclercdrive.fr/image.ashx?id=2393581&use=l&cat=p&typeid=i","cat":293238},{"id":87926,"n":"Dosettes café Senseo Doux x40","p":6.28,"u":"22,67 €/KG","img":"https://fd9-photos.leclercdrive.fr/image.ashx?id=2337567&use=l&cat=p&typeid=i","cat":293238},{"id":87927,"n":"Dosettes café Senseo Décaféiné x40","p":6.26,"u":"22,60 €/KG","img":"https://fd9-photos.leclercdrive.fr/image.ashx?id=2324921&use=l&cat=p&typeid=i","cat":293238},{"id":87931,"n":"Dosettes café Senseo Doux x54","p":8.43,"u":"22,48 €/KG","img":"https://fd9-photos.leclercdrive.fr/image.ashx?id=2289951&use=l&cat=p&typeid=i","cat":293238},{"id":87949,"n":"Sirop La Maison Guiot Menthe glaciale - 70cl","p":3.03,"u":"4,33 €/L","img":"https://fd9-photos.leclercdrive.fr/image.ashx?id=2138473&use=l&cat=p&typeid=i","cat":295020},{"id":87950,"n":"Snacks chats Tous mes amis Liquide - 90g","p":1.45,"u":"16,11 €/KG","img":"https://fd9-photos.leclercdrive.fr/image.ashx?id=2520041&use=l&cat=p&typeid=i","cat":285285},{"id":88048,"n":"Compote Charles & Alice Pommes Bananes Vanille -4x100g","p":1.79,"u":"4,61 €/KG","img":"https://fd9-photos.leclercdrive.fr/image.ashx?id=2757698&use=l&cat=p&typeid=i","cat":284416},{"id":88056,"n":"Sachets repas Ultima Nature 2x Saumon - 2x Truite - 340g","p":3.0,"u":"8,82 €/KG","img":"https://fd9-photos.leclercdrive.fr/image.ashx?id=1592175&use=l&cat=p&typeid=i","cat":285601},{"id":88062,"n":"Matière grasse Primevere Oméga 3 - 55% - 250g","p":1.68,"u":"6,72 €/KG","img":"https://fd9-photos.leclercdrive.fr/image.ashx?id=2928468&use=l&cat=p&typeid=i","cat":315229},{"id":88115,"n":"yaourt à boire danonino fraise banane abricot - 6x100g","p":2.73,"u":"4,55 €/KG","img":"https://fd9-photos.leclercdrive.fr/image.ashx?id=3003143&use=l&cat=p&typeid=i","cat":284415},{"id":88128,"n":"Fonds d'artichaut Magda - 500g","p":3.91,"u":"7,82 €/KG","img":"https://fd9-photos.leclercdrive.fr/image.ashx?id=2091830&use=l&cat=p&typeid=i","cat":319805},{"id":88206,"n":"Céréales bébé Blédine 12 mois  Vanille - 400g","p":2.31,"u":"5,78 €/KG","img":"https://fd9-photos.leclercdrive.fr/image.ashx?id=2763124&use=l&cat=p&typeid=i","cat":312225},{"id":88340,"n":"Berries Haribo Sachet bonbons - 200g","p":1.85,"u":"9,25 €/KG","img":"https://fd9-photos.leclercdrive.fr/image.ashx?id=2982411&use=l&cat=p&typeid=i","cat":304250},{"id":88342,"n":"Fécule et farine Tipiak Sans gluten - 500g","p":3.02,"u":"6,04 €/KG","img":"https://fd9-photos.leclercdrive.fr/image.ashx?id=2649217&use=l&cat=p&typeid=i","cat":318654},{"id":88359,"n":"Bougies et chiffres Vahiné Plastique","p":3.49,"img":"https://fd9-photos.leclercdrive.fr/image.ashx?id=2402702&use=l&cat=p&typeid=i","cat":335913},{"id":88361,"n":"Saucisse Isla Délice Halal Goût boeuf olive - 500g","p":2.3,"u":"4,60 €/KG","img":"https://fd9-photos.leclercdrive.fr/image.ashx?id=2264006&use=l&cat=p&typeid=i","cat":316013},{"id":88413,"n":"Beurre Allégé Elle&Vire Doux - 41% MG - 250g","p":2.26,"u":"9,04 €/KG","img":"https://fd9-photos.leclercdrive.fr/image.ashx?id=2969169&use=l&cat=p&typeid=i","cat":284379},{"id":88414,"n":"Boisson a base de thé Fresh Tea Thé vert saveur menthe 1L","p":0.96,"u":"0,96 €/L","img":"https://fd9-photos.leclercdrive.fr/image.ashx?id=3003058&use=l&cat=p&typeid=i","cat":295019},{"id":88417,"n":"Matière grasse St Hubert 51%MG-Sans huile de palme -500g","p":5.29,"u":"10,58 €/KG","img":"https://fd9-photos.leclercdrive.fr/image.ashx?id=2734117&use=l&cat=p&typeid=i","cat":315229},{"id":88418,"n":"Boisson a base de thé Fresh Tea Pêche - 1L","p":0.89,"u":"0,89 €/L","img":"https://fd9-photos.leclercdrive.fr/image.ashx?id=2622275&use=l&cat=p&typeid=i","cat":295019},{"id":88429,"n":"Eau gazeuse San Pellegrino Minérale naturelle - 6x33cl","p":2.95,"u":"1,49 €/L","img":"https://fd9-photos.leclercdrive.fr/image.ashx?id=2459090&use=l&cat=p&typeid=i","cat":284536},{"id":88438,"n":"Coulommiers Cœur de Lion  Extra-Crèmeux - 385g","p":3.37,"u":"8,75 €/KG","img":"https://fd9-photos.leclercdrive.fr/image.ashx?id=2999958&use=l&cat=p&typeid=i","cat":314033},{"id":88441,"n":"Fromage à tartiner St Môret Nature maxi format - 400g","p":4.57,"u":"11,43 €/KG","img":"https://fd9-photos.leclercdrive.fr/image.ashx?id=2755459&use=l&cat=p&typeid=i","cat":314029},{"id":88442,"n":"Arrangé Isautier Banane Flambée - 40%vol - 50cl","p":16.09,"u":"32,18 €/L","img":"https://fd9-photos.leclercdrive.fr/image.ashx?id=2686903&use=l&cat=p&typeid=i","cat":284551},{"id":88446,"n":"Fromage Le Rustique Tomme  Fruitée - 280g","p":4.35,"u":"15,54 €/KG","img":"https://fd9-photos.leclercdrive.fr/image.ashx?id=2921549&use=l&cat=p&typeid=i","cat":329184},{"id":88448,"n":"Fromage à Tartiner Carré Frais  Nature 0% - 8 Portions - 200g","p":2.48,"u":"12,40 €/KG","img":"https://fd9-photos.leclercdrive.fr/image.ashx?id=2868684&use=l&cat=p&typeid=i","cat":314029},{"id":88450,"n":"Escalope Cordon Bleu Père Dodu  Dinde x2 - 200g","p":2.74,"u":"13,70 €/KG","img":"https://fd9-photos.leclercdrive.fr/image.ashx?id=2957203&use=l&cat=p&typeid=i","cat":333683},{"id":88451,"n":"AOP Champagne Chanoine Frères Brut - 75cl","p":20.63,"u":"27,51 €/L","img":"https://fd9-photos.leclercdrive.fr/image.ashx?id=2673217&use=l&cat=p&typeid=i","cat":284542},{"id":88454,"n":"Saucisson Fuet Justin Bridou  170g","p":3.23,"u":"19,00 €/KG","img":"https://fd9-photos.leclercdrive.fr/image.ashx?id=2751165&use=l&cat=p&typeid=i","cat":316006},{"id":88460,"n":"Fromage de Chèvre Chavroux  9 Portions - 162g","p":3.11,"u":"19,20 €/KG","img":"https://fd9-photos.leclercdrive.fr/image.ashx?id=2936689&use=l&cat=p&typeid=i","cat":314031},{"id":88461,"n":"Salami Danois  Saint-Azay x16 - 160g","p":1.58,"u":"9,88 €/KG","img":"https://fd9-photos.leclercdrive.fr/image.ashx?id=2708354&use=l&cat=p&typeid=i","cat":316007},{"id":88471,"n":"Protège slip Tena Long - x20","p":2.44,"u":"0,12 €/P","img":"https://fd9-photos.leclercdrive.fr/image.ashx?id=2428588&use=l&cat=p&typeid=i","cat":284628},{"id":88560,"n":"Céréales bébé Blédine 6 mois  Biscuit - 400g","p":2.11,"u":"5,28 €/KG","img":"https://fd9-photos.leclercdrive.fr/image.ashx?id=2773295&use=l&cat=p&typeid=i","cat":312225},{"id":88662,"n":"Yaourt bifidus Activia Vanille - 4x125g","p":1.67,"u":"3,34 €/KG","img":"https://fd9-photos.leclercdrive.fr/image.ashx?id=3006184&use=l&cat=p&typeid=i","cat":315000},{"id":88698,"n":"Citrons bio Bio Village Sachet x4","p":1.99,"u":"0,50 €/P","img":"https://fd9-photos.leclercdrive.fr/image.ashx?id=2805063&use=l&cat=p&typeid=i","cat":284356},{"id":88707,"n":"Endive bio Bio Village Sachet 400g","p":3.99,"u":"9,98 €/KG","img":"https://fd9-photos.leclercdrive.fr/image.ashx?id=2655619&use=l&cat=p&typeid=i","cat":284352},{"id":88738,"n":"Yaourt bifidus Activia citron vanille coco - 12x125g","p":4.85,"u":"3,23 €/KG","img":"https://fd9-photos.leclercdrive.fr/image.ashx?id=3003149&use=l&cat=p&typeid=i","cat":315000},{"id":88740,"n":"Yaourt bifidus Activia citron - 4x125g","p":1.67,"u":"3,34 €/KG","img":"https://fd9-photos.leclercdrive.fr/image.ashx?id=3006181&use=l&cat=p&typeid=i","cat":315000},{"id":88742,"n":"Yaourt bifidus Activia coco - 4x125g","p":1.72,"u":"3,44 €/KG","img":"https://fd9-photos.leclercdrive.fr/image.ashx?id=2886651&use=l&cat=p&typeid=i","cat":315000},{"id":88981,"n":"Tablette chocolat au lait Milka Caramel - 3x100g","p":4.17,"u":"13,90 €/KG","img":"https://fd9-photos.leclercdrive.fr/image.ashx?id=2617078&use=l&cat=p&typeid=i","cat":284497},{"id":88986,"n":"Barre Chocolat au Lait KitKat x6 barres - 249g","p":3.14,"u":"12,61 €/KG","img":"https://fd9-photos.leclercdrive.fr/image.ashx?id=2989426&use=l&cat=p&typeid=i","cat":284498},{"id":88987,"n":"Smarties Tube Géant Bonbons Chocolat - 130g","p":2.11,"u":"16,23 €/KG","img":"https://fd9-photos.leclercdrive.fr/image.ashx?id=2625586&use=l&cat=p&typeid=i","cat":304238},{"id":89090,"n":"Boisson végétale Alpro Soja - 1L","p":1.88,"u":"1,88 €/L","img":"https://fd9-photos.leclercdrive.fr/image.ashx?id=2977681&use=l&cat=p&typeid=i","cat":316067},{"id":89092,"n":"Boisson au soja Alpro Saveur chocolat - 1L","p":2.58,"u":"2,58 €/L","img":"https://fd9-photos.leclercdrive.fr/image.ashx?id=1889294&use=l&cat=p&typeid=i","cat":316067},{"id":89093,"n":"Boisson végétale Alpro avoine - 1l","p":2.21,"u":"2,21 €/L","img":"https://fd9-photos.leclercdrive.fr/image.ashx?id=2986852&use=l&cat=p&typeid=i","cat":316067},{"id":89094,"n":"Boisson végétale lait d'amande grillée sans sucre alpro - 1l","p":2.21,"u":"2,21 €/L","img":"https://fd9-photos.leclercdrive.fr/image.ashx?id=2985543&use=l&cat=p&typeid=i","cat":316067},{"id":89160,"n":"Recharge liquide nettoyant Swiffer WetJet - 1.25L","p":4.69,"pp":2.81,"u":"2,25 €/L","img":"https://fd9-photos.leclercdrive.fr/image.ashx?id=2867800&use=l&cat=p&typeid=i","cat":325364},{"id":89190,"n":"Carotte Bio Bio Village 1kg","p":1.89,"u":"1,89 €/KG","img":"https://fd9-photos.leclercdrive.fr/image.ashx?id=1457160&use=l&cat=p&typeid=i","cat":284352},{"id":89196,"n":"Eau gazeuse aromatisée Badoit Citron vert - 1L","p":1.2,"u":"1,20 €/L","img":"https://fd9-photos.leclercdrive.fr/image.ashx?id=2730658&use=l&cat=p&typeid=i","cat":284536},{"id":89198,"n":"Eau gazeuse aromatisée Badoit Citron menthe - 1L","p":1.3,"u":"1,30 €/L","img":"https://fd9-photos.leclercdrive.fr/image.ashx?id=2730661&use=l&cat=p&typeid=i","cat":284536},{"id":89213,"n":"Nouilles aux légumes Apollo 4x85g + 85g offerts","p":1.56,"u":"3,67 €/KG","img":"https://fd9-photos.leclercdrive.fr/image.ashx?id=2534015&use=l&cat=p&typeid=i","cat":287367},{"id":89237,"n":"AOP Vin Rouge d'Ottrott  Arthur Metz - 75cl","p":10.47,"u":"13,96 €/L","img":"https://fd9-photos.leclercdrive.fr/image.ashx?id=1564933&use=l&cat=p&typeid=i","cat":289556},{"id":89240,"n":"AOP Alsace Blanc sec Klevener de Heiligenstein 75cl","p":9.67,"u":"12,89 €/L","img":"https://fd9-photos.leclercdrive.fr/image.ashx?id=1579479&use=l&cat=p&typeid=i","cat":289557},{"id":89337,"n":"Cire coiffante Vitanove Brillance - 75ml","p":2.27,"u":"30,27 €/L","img":"https://fd9-photos.leclercdrive.fr/image.ashx?id=2780683&use=l&cat=p&typeid=i","cat":284609},{"id":89338,"n":"Soin anti-rides Inell Q10 Jour - 50ml","p":2.49,"u":"49,80 €/L","img":"https://fd9-photos.leclercdrive.fr/image.ashx?id=2822132&use=l&cat=p&typeid=i","cat":325345},{"id":89345,"n":"Serviettes Super Doulys Ultra mince - x24","p":1.8,"u":"0,08 €/P","img":"https://fd9-photos.leclercdrive.fr/image.ashx?id=2839931&use=l&cat=p&typeid=i","cat":284624},{"id":89346,"n":"Serviettes Nuit Doulys Ultra mince - x20","p":2.55,"u":"0,13 €/P","img":"https://fd9-photos.leclercdrive.fr/image.ashx?id=2839935&use=l&cat=p&typeid=i","cat":284624},{"id":89410,"n":"Noix de pécan Daco Bello 125g","p":4.54,"u":"36,32 €/KG","img":"https://fd9-photos.leclercdrive.fr/image.ashx?id=2344735&use=l&cat=p&typeid=i","cat":284357},{"id":89415,"n":"Mélange salade futée Daco Bello 125g","p":2.36,"u":"18,88 €/KG","img":"https://fd9-photos.leclercdrive.fr/image.ashx?id=2298034&use=l&cat=p&typeid=i","cat":284357},{"id":89424,"n":"Pesto vert Bio Village Bio - 185g","p":1.8,"u":"9,73 €/KG","img":"https://fd9-photos.leclercdrive.fr/image.ashx?id=1466304&use=l&cat=p&typeid=i","cat":287599},{"id":89496,"n":"Bâtonnets Pop'Fruit Melon x4 - 280g","p":4.21,"u":"15,04 €/KG","img":"https://fd9-photos.leclercdrive.fr/image.ashx?id=1882991&use=l&cat=p&typeid=i","cat":284265},{"id":89503,"n":"Mélange de fruits secs  Seeberger - 150g","p":2.61,"u":"17,40 €/KG","img":"https://fd9-photos.leclercdrive.fr/image.ashx?id=2950636&use=l&cat=p&typeid=i","cat":316002},{"id":89506,"n":"Oeufs Plein air  Eco + x12","p":2.59,"u":"0,22 €/P","img":"https://fd9-photos.leclercdrive.fr/image.ashx?id=2724544&use=l&cat=p&typeid=i","cat":284378},{"id":89507,"n":"Xtrem Box Sodebo Radiatori à la Carbonara 400g","p":3.24,"u":"8,10 €/KG","img":"https://fd9-photos.leclercdrive.fr/image.ashx?id=2631588&use=l&cat=p&typeid=i","cat":334983},{"id":89522,"n":"Barre bretonne Ker Cadélac 800g","p":3.68,"u":"4,60 €/KG","img":"https://fd9-photos.leclercdrive.fr/image.ashx?id=2956146&use=l&cat=p&typeid=i","cat":294776},{"id":89523,"n":"Madeleines coquilles Eco+ Aux oeufs - 500g","p":1.61,"u":"3,22 €/KG","img":"https://fd9-photos.leclercdrive.fr/image.ashx?id=2780671&use=l&cat=p&typeid=i","cat":284492},{"id":89549,"n":"Confiture Fraise de Carpentras 370g","p":4.29,"u":"11,59 €/KG","img":"https://fd9-photos.leclercdrive.fr/image.ashx?id=2893681&use=l&cat=p&typeid=i","cat":284480},{"id":89564,"n":"Soupe de Poissons Au Bec Fin De Roche - 85cl","p":8.73,"u":"10,27 €/L","img":"https://fd9-photos.leclercdrive.fr/image.ashx?id=2613546&use=l&cat=p&typeid=i","cat":287366},{"id":89566,"n":"Tapenade Noire Au Bec Fin A la façon Bergers Varois - 90g","p":3.5,"u":"38,89 €/KG","img":"https://fd9-photos.leclercdrive.fr/image.ashx?id=3008623&use=l&cat=p&typeid=i","cat":284451},{"id":89660,"n":"Xtrem Box Sodebo Radiatori  4 Fromages - 400g","p":3.27,"u":"8,18 €/KG","img":"https://fd9-photos.leclercdrive.fr/image.ashx?id=2631591&use=l&cat=p&typeid=i","cat":334983},{"id":89695,"n":"Poulet Weight Watchers Curry-coco - 300g","p":2.98,"u":"9,93 €/KG","img":"https://fd9-photos.leclercdrive.fr/image.ashx?id=2827203&use=l&cat=p&typeid=i","cat":333665},{"id":89848,"n":"Boisson Végétale lait d'amande  bjorg cappuccino - bio - 1l","p":3.08,"u":"3,08 €/L","img":"https://fd9-photos.leclercdrive.fr/image.ashx?id=2962488&use=l&cat=p&typeid=i","cat":316067},{"id":89863,"n":"boisson végétale riz amande  bio bjorg 1l","p":2.23,"u":"2,23 €/L","img":"https://fd9-photos.leclercdrive.fr/image.ashx?id=2973628&use=l&cat=p&typeid=i","cat":316067},{"id":89897,"n":"Boisson Végétale lait d'amande grillée bio - 1l","p":2.67,"u":"2,67 €/L","img":"https://fd9-photos.leclercdrive.fr/image.ashx?id=2912065&use=l&cat=p&typeid=i","cat":316067},{"id":89906,"n":"Beurre de Baratte Doux Isigny  82% MG - 250g","p":3.2,"u":"12,80 €/KG","img":"https://fd9-photos.leclercdrive.fr/image.ashx?id=2578130&use=l&cat=p&typeid=i","cat":284379},{"id":89914,"n":"Bouillon Cube Maggi Légumes x18 - 180g","p":1.54,"u":"8,56 €/KG","img":"https://fd9-photos.leclercdrive.fr/image.ashx?id=2737039&use=l&cat=p&typeid=i","cat":288379},{"id":89959,"n":"Pelle et balayette","p":2.59,"img":"https://fd9-photos.leclercdrive.fr/image.ashx?id=1463745&use=l&cat=p&typeid=i","cat":284669},{"id":90055,"n":"Confiture extra bio Jardin Bio 60% de fraise - 320g","p":2.56,"u":"8,00 €/KG","img":"https://fd9-photos.leclercdrive.fr/image.ashx?id=2537493&use=l&cat=p&typeid=i","cat":284480},{"id":90056,"n":"Quinotto Jardin Bio Bio légumes parmesan - 220g","p":2.06,"u":"9,36 €/KG","img":"https://fd9-photos.leclercdrive.fr/image.ashx?id=2535421&use=l&cat=p&typeid=i","cat":287600},{"id":90058,"n":"Ravioli Jardin Bio Bio chèvre ciboulette - 250g","p":2.39,"u":"9,56 €/KG","img":"https://fd9-photos.leclercdrive.fr/image.ashx?id=2534842&use=l&cat=p&typeid=i","cat":287600},{"id":90059,"n":"Thé Bio Ethiquable Breakfast - 20 sachets - 36g","p":2.07,"u":"57,50 €/KG","img":"https://fd9-photos.leclercdrive.fr/image.ashx?id=2870830&use=l&cat=p&typeid=i","cat":293233},{"id":90060,"n":"Thé vert Bio Ethiquable  Vietnam x20 - 36g","p":2.32,"u":"3,22 €/KG","img":"https://fd9-photos.leclercdrive.fr/image.ashx?id=2870845&use=l&cat=p&typeid=i","cat":293233},{"id":90082,"n":"Ciboulette Ducros 4g","p":1.42,"u":"355,00 €/KG","img":"https://fd9-photos.leclercdrive.fr/image.ashx?id=2559487&use=l&cat=p&typeid=i","cat":298297},{"id":90091,"n":"Gaufre vergeoise Lotus Bakeries Coeur fondant 5x2 pièce - 310g","p":2.7,"u":"8,71 €/KG","img":"https://fd9-photos.leclercdrive.fr/image.ashx?id=2695887&use=l&cat=p&typeid=i","cat":294777},{"id":90120,"n":"Crème Saint Agur  155g","p":2.58,"u":"16,65 €/KG","img":"https://fd9-photos.leclercdrive.fr/image.ashx?id=2760014&use=l&cat=p&typeid=i","cat":314029},{"id":90122,"n":"Camembert Coeur de Lion 250g","p":2.04,"u":"8,16 €/KG","img":"https://fd9-photos.leclercdrive.fr/image.ashx?id=3008185&use=l&cat=p&typeid=i","cat":314033},{"id":90182,"n":"Savon Bionaïa Lait d'anesse - 100g","p":1.72,"u":"17,20 €/KG","img":"https://fd9-photos.leclercdrive.fr/image.ashx?id=2491047&use=l&cat=p&typeid=i","cat":284597},{"id":90188,"n":"Cremio Box Sodebo Poulet à l'Emmental - 280g","p":2.25,"u":"8,04 €/KG","img":"https://fd9-photos.leclercdrive.fr/image.ashx?id=2679068&use=l&cat=p&typeid=i","cat":334983},{"id":90224,"n":"Ménagère Troquet Lisa D'Alban 24 pièces - Noir","p":11.75,"u":"0,49 €/P","img":"https://fd9-photos.leclercdrive.fr/image.ashx?id=3000656&use=l&cat=p&typeid=i","cat":334134},{"id":90227,"n":"Couteau de Chef Ardence x1","p":11.9,"u":"0,50 €/P","img":"https://fd9-photos.leclercdrive.fr/image.ashx?id=1474460&use=l&cat=p&typeid=i","cat":334135},{"id":90228,"n":"Bière aromatisée Belzebuth Pink 2.8%vol. - 33cl","p":1.8,"u":"5,45 €/L","img":"https://fd9-photos.leclercdrive.fr/image.ashx?id=2906385&use=l&cat=p&typeid=i","cat":334878},{"id":90266,"n":"Salière Poivrière  9.5x3.5cm - Verre et Inox - x1","p":2.35,"img":"https://fd9-photos.leclercdrive.fr/image.ashx?id=2022891&use=l&cat=p&typeid=i","cat":334135},{"id":90278,"n":"Set 3 casseroles Homeside 16-18-20cm +manche amovible","p":34.9,"img":"https://fd9-photos.leclercdrive.fr/image.ashx?id=1474505&use=l&cat=p&typeid=i","cat":298490},{"id":90481,"n":"Eau infusée Bio Volvic  Hibiscus litchti passion - 75cl","p":1.44,"u":"1,92 €/L","img":"https://fd9-photos.leclercdrive.fr/image.ashx?id=2500437&use=l&cat=p&typeid=i","cat":284537},{"id":90500,"n":"Verres à vin Gisèle Ardence 34cl - x4","p":7.4,"u":"21,76 €/L","img":"https://fd9-photos.leclercdrive.fr/image.ashx?id=1498691&use=l&cat=p&typeid=i","cat":334134},{"id":90535,"n":"Crabe Nautilus 100% morceaux - 105g","p":5.45,"pp":3.6,"u":"34,29 €/KG","img":"https://fd9-photos.leclercdrive.fr/image.ashx?id=2647516&use=l&cat=p&typeid=i","cat":305147},{"id":90547,"n":"Croquettes chat Purina One Chat Stérilisé Truite/Blé-1.5kg","p":7.5,"u":"5,00 €/KG","img":"https://fd9-photos.leclercdrive.fr/image.ashx?id=2488064&use=l&cat=p&typeid=i","cat":284680},{"id":90562,"n":"Yaourt bifidus Activia saveur framboise - 4x125g","p":1.79,"u":"3,58 €/KG","img":"https://fd9-photos.leclercdrive.fr/image.ashx?id=2886654&use=l&cat=p&typeid=i","cat":315000},{"id":90580,"n":"Mélange 4 baies bio Ducros 25g","p":3.01,"u":"120,40 €/KG","img":"https://fd9-photos.leclercdrive.fr/image.ashx?id=2484104&use=l&cat=p&typeid=i","cat":284457},{"id":90581,"n":"Poivre noir bio Ducros Moulin - 30g","p":3.32,"u":"110,67 €/KG","img":"https://fd9-photos.leclercdrive.fr/image.ashx?id=2484107&use=l&cat=p&typeid=i","cat":284457},{"id":90584,"n":"Curry 75g","p":3.74,"u":"49,87 €/KG","img":"https://fd9-photos.leclercdrive.fr/image.ashx?id=2868669&use=l&cat=p&typeid=i","cat":298297},{"id":90592,"n":"Herbes de Provence 35g","p":2.69,"u":"76,86 €/KG","img":"https://fd9-photos.leclercdrive.fr/image.ashx?id=2019582&use=l&cat=p&typeid=i","cat":298297},{"id":90643,"n":"Thé vert Bio Clipper Mangue - 20 sachets - 35g","p":2.18,"u":"62,29 €/KG","img":"https://fd9-photos.leclercdrive.fr/image.ashx?id=2916420&use=l&cat=p&typeid=i","cat":293233},{"id":90644,"n":"Thé vert Bio Clipper Framboise menthe - 35g","p":2.13,"u":"60,86 €/KG","img":"https://fd9-photos.leclercdrive.fr/image.ashx?id=2908303&use=l&cat=p&typeid=i","cat":293233},{"id":90667,"n":"Céréales Chocapic Nestlé Bio - 375g","p":3.64,"u":"9,71 €/KG","img":"https://fd9-photos.leclercdrive.fr/image.ashx?id=2997262&use=l&cat=p&typeid=i","cat":309513},{"id":90675,"n":"Crème dessert Mont Blanc Boîte Chocolat - 570g","p":2.54,"u":"4,46 €/KG","img":"https://fd9-photos.leclercdrive.fr/image.ashx?id=3011614&use=l&cat=p&typeid=i","cat":284506},{"id":90676,"n":"Crème dessert Mont Blanc Boîte Vanille - 570g","p":2.53,"u":"4,44 €/KG","img":"https://fd9-photos.leclercdrive.fr/image.ashx?id=3008830&use=l&cat=p&typeid=i","cat":284506},{"id":90725,"n":"Infusion bio Clipper Vanille et saveur fraise - 40g","p":2.32,"u":"58,00 €/KG","img":"https://fd9-photos.leclercdrive.fr/image.ashx?id=2906751&use=l&cat=p&typeid=i","cat":293234},{"id":90728,"n":"Effilés en sauce Purina One Saumon/carottes Junior - 4x85g","p":3.02,"u":"8,88 €/KG","img":"https://fd9-photos.leclercdrive.fr/image.ashx?id=1612554&use=l&cat=p&typeid=i","cat":285286},{"id":90736,"n":"Crème Mains Nutritive Mixa Huile d’abricot BIO - 100ml","p":3.25,"u":"32,50 €/L","img":"https://fd9-photos.leclercdrive.fr/image.ashx?id=2425838&use=l&cat=p&typeid=i","cat":325354},{"id":90777,"n":"Crème visage La Provençale Bio Jouvence Anti-Âge - 50ml","p":8.32,"u":"166,40 €/L","img":"https://fd9-photos.leclercdrive.fr/image.ashx?id=2950357&use=l&cat=p&typeid=i","cat":325345},{"id":90822,"n":"Soupe liquide Knorr Légumes du potager - 45cl","p":2.56,"u":"5,69 €/L","img":"https://fd9-photos.leclercdrive.fr/image.ashx?id=2324357&use=l&cat=p&typeid=i","cat":284462},{"id":90847,"n":"Dosettes café Senseo Grand Mère Corsé x54","p":5.38,"u":"15,11 €/KG","img":"https://fd9-photos.leclercdrive.fr/image.ashx?id=2745817&use=l&cat=p&typeid=i","cat":293238},{"id":90868,"n":"Flûtes apéritif Kambly Sésame - 2x125g","p":2.39,"u":"9,56 €/KG","img":"https://fd9-photos.leclercdrive.fr/image.ashx?id=2253731&use=l&cat=p&typeid=i","cat":297000},{"id":90877,"n":"Barre Têtes-Brûlées Cola Framboise Kitache - 200g","p":2.1,"u":"10,50 €/KG","img":"https://fd9-photos.leclercdrive.fr/image.ashx?id=2981148&use=l&cat=p&typeid=i","cat":304250},{"id":90993,"n":"Soda Pepsi Regular - 2L","p":1.61,"u":"0,81 €/L","img":"https://fd9-photos.leclercdrive.fr/image.ashx?id=1583915&use=l&cat=p&typeid=i","cat":284530},{"id":91019,"n":"Pastis de Marseille Sigale 45%vol. - 50cl","p":9.89,"u":"19,78 €/L","img":"https://fd9-photos.leclercdrive.fr/image.ashx?id=2637820&use=l&cat=p&typeid=i","cat":284548},{"id":91176,"n":"Lait Démaquillant Nivea Visage&Yeux Camomille - 200ml","p":4.5,"u":"22,50 €/L","img":"https://fd9-photos.leclercdrive.fr/image.ashx?id=2836097&use=l&cat=p&typeid=i","cat":284603},{"id":91177,"n":"Démaquillant Yeux biphase Nivea Sensibles Waterproof - 125ml","p":3.15,"u":"25,20 €/L","img":"https://fd9-photos.leclercdrive.fr/image.ashx?id=2953944&use=l&cat=p&typeid=i","cat":284603},{"id":91178,"n":"Crème visage Jour FPS 15 Nivea Nourrissante Peau Sèche - 50ml","p":4.29,"u":"85,80 €/L","img":"https://fd9-photos.leclercdrive.fr/image.ashx?id=3014605&use=l&cat=p&typeid=i","cat":325345},{"id":91221,"n":"Pâtes Fusili Panzani Créatives - 500G","p":1.15,"u":"2,30 €/KG","img":"https://fd9-photos.leclercdrive.fr/image.ashx?id=2902942&use=l&cat=p&typeid=i","cat":284427},{"id":91231,"n":"Thé vert Twinings Framboise Passion x20 - 32g","p":2.66,"u":"83,13 €/KG","img":"https://fd9-photos.leclercdrive.fr/image.ashx?id=2893030&use=l&cat=p&typeid=i","cat":293233},{"id":91242,"n":"Café Soluble Nescafé Spécial Filtre L'Original 200g","p":7.8,"u":"39,00 €/KG","img":"https://fd9-photos.leclercdrive.fr/image.ashx?id=2986906&use=l&cat=p&typeid=i","cat":284843},{"id":91249,"n":"Jambon cuit rôti aux herbes 120g","p":4.48,"u":"37,33 €/KG","img":"https://fd9-photos.leclercdrive.fr/image.ashx?id=2025170&use=l&cat=p&typeid=i","cat":316009},{"id":91255,"n":"Briquet J25 mini décor x4","p":3.99,"u":"1,00 €/P","img":"https://fd9-photos.leclercdrive.fr/image.ashx?id=2185641&use=l&cat=p&typeid=i","cat":300578},{"id":91376,"n":"Ampoule crayon Foxter ECO30 240W blanc chaud x1","p":3.99,"img":"https://fd9-photos.leclercdrive.fr/image.ashx?id=1505655&use=l&cat=p&typeid=i","cat":300573},{"id":91390,"n":"Ampoule globe Foxter LED E27 8,5-60W blanc chaud x1","p":7.99,"img":"https://fd9-photos.leclercdrive.fr/image.ashx?id=1505542&use=l&cat=p&typeid=i","cat":300573},{"id":91434,"n":"Ampoule réflecteur Foxter LED E14 5-60W blanc chaud","p":6.99,"u":"Dont 0,19 € d'éco-part.","img":"https://fd9-photos.leclercdrive.fr/image.ashx?id=1505730&use=l&cat=p&typeid=i","cat":300573},{"id":91435,"n":"Ampoule Spot Foxter LED GU5.3 2,8-20W blanc chaud","p":2.99,"u":"Dont 0,19 € d'éco-part.","img":"https://fd9-photos.leclercdrive.fr/image.ashx?id=1505676&use=l&cat=p&typeid=i","cat":300573},{"id":91436,"n":"Ampoule Spot Foxter LED  GU5.3 8,2-50W dim blanc chaud","p":4.99,"img":"https://fd9-photos.leclercdrive.fr/image.ashx?id=2162528&use=l&cat=p&typeid=i","cat":300573},{"id":91440,"n":"IGP Pays d'Oc blanc Bio Vegan Chardonnay Naturae 12% vol 75cl","p":6.48,"u":"8,64 €/L","img":"https://fd9-photos.leclercdrive.fr/image.ashx?id=2676063&use=l&cat=p&typeid=i","cat":289557},{"id":91441,"n":"IGP Pays d'Oc rouge Bio Naturae Cabernet-Sauvignon-75cl","p":6.42,"u":"8,56 €/L","img":"https://fd9-photos.leclercdrive.fr/image.ashx?id=2675493&use=l&cat=p&typeid=i","cat":289556},{"id":91457,"n":"Ampoule tube Foxter LED S19 6.5-60W 31cm blanc chaud","p":8.99,"u":"Dont 0,19 € d'éco-part.","img":"https://fd9-photos.leclercdrive.fr/image.ashx?id=1505545&use=l&cat=p&typeid=i","cat":300573},{"id":91462,"n":"Marrons glacés Equador Morceaux - 250g","p":6.6,"u":"26,40 €/KG","img":"https://fd9-photos.leclercdrive.fr/image.ashx?id=2228013&use=l&cat=p&typeid=i","cat":327603},{"id":91482,"n":"Riz Comptoir du Grain Champignons 2 min - 250g","p":1.22,"u":"4,88 €/KG","img":"https://fd9-photos.leclercdrive.fr/image.ashx?id=2856561&use=l&cat=p&typeid=i","cat":287600},{"id":91485,"n":"Riz long Comptoir du Grain Express 2 min - 250g","p":0.99,"u":"3,96 €/KG","img":"https://fd9-photos.leclercdrive.fr/image.ashx?id=2441393&use=l&cat=p&typeid=i","cat":287600},{"id":91553,"n":"Quinoa Céréal Bio  Bio repas express 220g","p":1.93,"u":"8,77 €/KG","img":"https://fd9-photos.leclercdrive.fr/image.ashx?id=2575081&use=l&cat=p&typeid=i","cat":287600},{"id":91554,"n":"Blé Riz quinoa Céréal Bio  Bio repas express 220g","p":1.91,"u":"8,68 €/KG","img":"https://fd9-photos.leclercdrive.fr/image.ashx?id=2662844&use=l&cat=p&typeid=i","cat":287600},{"id":91557,"n":"Lentilles Riz Soja Céréal Bio Bio repas express-250g","p":1.81,"u":"7,24 €/KG","img":"https://fd9-photos.leclercdrive.fr/image.ashx?id=2575084&use=l&cat=p&typeid=i","cat":287600},{"id":91585,"n":"Bicarbonate de soude Briochin Ecocert - 500g","p":3.6,"u":"7,20 €/KG","img":"https://fd9-photos.leclercdrive.fr/image.ashx?id=3000749&use=l&cat=p&typeid=i","cat":325365},{"id":91605,"n":"Soin nutritif So Bio Etic Aloe Vera bio - 50ml","p":7.54,"u":"150,80 €/L","img":"https://fd9-photos.leclercdrive.fr/image.ashx?id=2992128&use=l&cat=p&typeid=i","cat":325345},{"id":91647,"n":"Caviar Baeri Prince Soukhanoff Boîte de 10g","p":7.31,"u":"731,00 €/KG","img":"https://fd9-photos.leclercdrive.fr/image.ashx?id=2095896&use=l&cat=p&typeid=i","cat":285191},{"id":91768,"n":"Roquefort AOP Société Fromage de brebis - 100g","p":2.55,"u":"25,50 €/KG","img":"https://fd9-photos.leclercdrive.fr/image.ashx?id=2729701&use=l&cat=p&typeid=i","cat":314032},{"id":91805,"n":"petit suisse aux fruits danonino - 18x50g","p":3.57,"u":"3,97 €/KG","img":"https://fd9-photos.leclercdrive.fr/image.ashx?id=3003137&use=l&cat=p&typeid=i","cat":284414},{"id":91807,"n":"petit suisse aux fruits danonino - 12x50g","p":2.52,"u":"4,20 €/KG","img":"https://fd9-photos.leclercdrive.fr/image.ashx?id=3003140&use=l&cat=p&typeid=i","cat":284414},{"id":91812,"n":"Panés pois chiches feta Végé - 2x90g","p":1.88,"u":"10,44 €/KG","img":"https://fd9-photos.leclercdrive.fr/image.ashx?id=2865272&use=l&cat=p&typeid=i","cat":316036},{"id":92027,"n":"Tablette chocolat au lait Lindt Caramel Pointe de sel - 100g","p":2.33,"u":"23,30 €/KG","img":"https://fd9-photos.leclercdrive.fr/image.ashx?id=2750384&use=l&cat=p&typeid=i","cat":284497},{"id":92073,"n":"Légumes pour Wok Bio Village Bio - 600g","p":2.99,"u":"4,98 €/KG","img":"https://fd9-photos.leclercdrive.fr/image.ashx?id=2898071&use=l&cat=p&typeid=i","cat":319823},{"id":92255,"n":"Soupe liquide brique Liebig  Courgettes Vache Qui Rit 2x30cl","p":2.91,"u":"4,85 €/L","img":"https://fd9-photos.leclercdrive.fr/image.ashx?id=2175518&use=l&cat=p&typeid=i","cat":284462},{"id":92256,"n":"Gourdes bio bébé Hipp Bio 4 variétés - 8x120g","p":7.65,"u":"7,97 €/KG","img":"https://fd9-photos.leclercdrive.fr/image.ashx?id=2915578&use=l&cat=p&typeid=i","cat":312393},{"id":92267,"n":"Soupe instantanée Royco  Indienne - 3x200ml","p":1.73,"u":"2,88 €/L","img":"https://fd9-photos.leclercdrive.fr/image.ashx?id=2650988&use=l&cat=p&typeid=i","cat":293527},{"id":92273,"n":"Soupe paysanne Knorr Lentilles/Lard fumé/Légumes -1L","p":3.43,"u":"3,43 €/L","img":"https://fd9-photos.leclercdrive.fr/image.ashx?id=2408255&use=l&cat=p&typeid=i","cat":284462},{"id":92304,"n":"Soupe Saveurs d'Antan Knorr Poule vermicelles - 30cl","p":1.37,"u":"4,57 €/L","img":"https://fd9-photos.leclercdrive.fr/image.ashx?id=2738275&use=l&cat=p&typeid=i","cat":284462},{"id":92334,"n":"Tapenade Verte Conserverie Au Bec Fin - 90g","p":3.51,"u":"39,00 €/KG","img":"https://fd9-photos.leclercdrive.fr/image.ashx?id=3008626&use=l&cat=p&typeid=i","cat":284451},{"id":92336,"n":"Croutons Roger Conserverie au Bec Fin - 150g","p":3.74,"u":"24,93 €/KG","img":"https://fd9-photos.leclercdrive.fr/image.ashx?id=3008620&use=l&cat=p&typeid=i","cat":284464},{"id":92342,"n":"AOP Bordeaux vin blanc Mouton Cadet - 75cl","p":5.59,"u":"7,45 €/L","img":"https://fd9-photos.leclercdrive.fr/image.ashx?id=2845985&use=l&cat=p&typeid=i","cat":289557},{"id":92351,"n":"Crème mains Inell Réparatrice - 100ml","p":1.45,"u":"14,50 €/L","img":"https://fd9-photos.leclercdrive.fr/image.ashx?id=2822135&use=l&cat=p&typeid=i","cat":325354},{"id":92436,"n":"Noix de Saint-Jacques ASC Ronde des Mers - 300g","p":8.7,"u":"29,00 €/KG","img":"https://fd9-photos.leclercdrive.fr/image.ashx?id=2835032&use=l&cat=p&typeid=i","cat":319787},{"id":92454,"n":"Mini bûche Eskiss Fruits rouge x6 - 328g","p":2.29,"u":"6,98 €/KG","img":"https://fd9-photos.leclercdrive.fr/image.ashx?id=2459159&use=l&cat=p&typeid=i","cat":284266},{"id":92485,"n":"Thé English Breakfast Tetley 25 sachets - 50g","p":1.4,"u":"28,00 €/KG","img":"https://fd9-photos.leclercdrive.fr/image.ashx?id=2312260&use=l&cat=p&typeid=i","cat":293233},{"id":92516,"n":"Poélée Légume Wok Notre Jardin Inde - 1kg","p":3.99,"u":"3,99 €/KG","img":"https://fd9-photos.leclercdrive.fr/image.ashx?id=2803957&use=l&cat=p&typeid=i","cat":319823},{"id":92529,"n":"Échalotes traditionnelles bio  Bio Village - 250g","p":1.99,"u":"7,96 €/KG","img":"https://fd9-photos.leclercdrive.fr/image.ashx?id=2922454&use=l&cat=p&typeid=i","cat":284352},{"id":92530,"n":"Cidre fermier Doux NRT IGP  De Bretagne - 3%vol - 75cl","p":3.34,"u":"4,45 €/L","img":"https://fd9-photos.leclercdrive.fr/image.ashx?id=2791117&use=l&cat=p&typeid=i","cat":334880},{"id":92532,"n":"Céréales Quaker Cruesli Chocolat - 900g","p":4.94,"u":"5,49 €/KG","img":"https://fd9-photos.leclercdrive.fr/image.ashx?id=2212153&use=l&cat=p&typeid=i","cat":309512},{"id":92533,"n":"Céréales Quaker Cruesli Chocolat au lait - 450g","p":2.5,"u":"5,56 €/KG","img":"https://fd9-photos.leclercdrive.fr/image.ashx?id=2212156&use=l&cat=p&typeid=i","cat":309512},{"id":92595,"n":"Boisson gazeuse Fever Tree Ginger Beer - 4x20cl","p":5.04,"u":"6,30 €/L","img":"https://fd9-photos.leclercdrive.fr/image.ashx?id=2380667&use=l&cat=p&typeid=i","cat":284531},{"id":92712,"n":"Adhésif transparent Eco+ 19mmx25m - x5","p":0.42,"u":"0,08 €/P","img":"https://fd9-photos.leclercdrive.fr/image.ashx?id=2943127&use=l&cat=p&typeid=i","cat":334133},{"id":92761,"n":"Sacs poubelle 10L Eco+ Salle de bain - x30","p":1.08,"u":"0,04 €/P","img":"https://fd9-photos.leclercdrive.fr/image.ashx?id=2755052&use=l&cat=p&typeid=i","cat":285168},{"id":92780,"n":"Bière blonde Heineken 6x25cl","p":4.32,"u":"2,88 €/L","img":"https://fd9-photos.leclercdrive.fr/image.ashx?id=3011077&use=l&cat=p&typeid=i","cat":334873},{"id":92782,"n":"Thé glacé Fuze Tea Saveur pêche - 1.25L","p":1.62,"u":"1,30 €/L","img":"https://fd9-photos.leclercdrive.fr/image.ashx?id=2940390&use=l&cat=p&typeid=i","cat":295019},{"id":92804,"n":"Fromage à raclette Ermitage Goût fumé - 200g","p":2.58,"u":"12,90 €/KG","img":"https://fd9-photos.leclercdrive.fr/image.ashx?id=2311276&use=l&cat=p&typeid=i","cat":314037},{"id":92834,"n":"Chips extra Vico 6x30g","p":2.18,"pp":1.74,"u":"9,67 €/KG","img":"https://fd9-photos.leclercdrive.fr/image.ashx?id=2917816&use=l&cat=p&typeid=i","cat":284447},{"id":92835,"n":"Tuiles Chaque jour sans gluten Goût crème oignon - 170g","p":2.17,"u":"12,76 €/KG","img":"https://fd9-photos.leclercdrive.fr/image.ashx?id=2463407&use=l&cat=p&typeid=i","cat":318654},{"id":92837,"n":"Tuiles Chaque jour sans gluten Goût salé - 170g","p":2.12,"u":"12,47 €/KG","img":"https://fd9-photos.leclercdrive.fr/image.ashx?id=2463410&use=l&cat=p&typeid=i","cat":318654},{"id":92841,"n":"Huile de tournesol Rustica 50cl","p":1.39,"u":"2,78 €/L","img":"https://fd9-photos.leclercdrive.fr/image.ashx?id=2900349&use=l&cat=p&typeid=i","cat":284453},{"id":92861,"n":"Crème Visage Jour FPS 15 Nivea Hydratante - 50ml","p":4.33,"u":"86,60 €/L","img":"https://fd9-photos.leclercdrive.fr/image.ashx?id=3015335&use=l&cat=p&typeid=i","cat":325345},{"id":92908,"n":"Raclette Entremont Saveur d'antan - 700g","p":9.13,"u":"13,04 €/KG","img":"https://fd9-photos.leclercdrive.fr/image.ashx?id=2951752&use=l&cat=p&typeid=i","cat":314037},{"id":93022,"n":"Bière blonde Heineken 20x25cl","p":12.28,"u":"2,46 €/L","img":"https://fd9-photos.leclercdrive.fr/image.ashx?id=3011074&use=l&cat=p&typeid=i","cat":334873},{"id":93023,"n":"Bière blonde Heineken 12x25cl","p":7.58,"u":"2,53 €/L","img":"https://fd9-photos.leclercdrive.fr/image.ashx?id=3011080&use=l&cat=p&typeid=i","cat":334873},{"id":93031,"n":"Raclette nature Les croisés Sans croute - 700g","p":6.79,"u":"9,70 €/KG","img":"https://fd9-photos.leclercdrive.fr/image.ashx?id=2856335&use=l&cat=p&typeid=i","cat":314037},{"id":93032,"n":"Saucisson Justin Bridou Bâton de Berger Nature 250g","p":3.86,"u":"15,44 €/KG","img":"https://fd9-photos.leclercdrive.fr/image.ashx?id=2921313&use=l&cat=p&typeid=i","cat":316006},{"id":93033,"n":"Saucisson Fuet César Moroni  170g","p":3.26,"u":"19,18 €/KG","img":"https://fd9-photos.leclercdrive.fr/image.ashx?id=2916138&use=l&cat=p&typeid=i","cat":316006},{"id":93036,"n":"Rosette tranchée Cochonou  10 tranches - 93g","p":1.85,"u":"19,89 €/KG","img":"https://fd9-photos.leclercdrive.fr/image.ashx?id=2924107&use=l&cat=p&typeid=i","cat":316007},{"id":93037,"n":"Saucisson sec Tranché Cochonou 30 tranches - 93g","p":1.64,"u":"17,63 €/KG","img":"https://fd9-photos.leclercdrive.fr/image.ashx?id=2924104&use=l&cat=p&typeid=i","cat":316007},{"id":93050,"n":"Poivron Bicolore bio Bio Village x2","p":2.79,"u":"1,40 €/P","img":"https://fd9-photos.leclercdrive.fr/image.ashx?id=2960541&use=l&cat=p&typeid=i","cat":284352},{"id":93052,"n":"Fromage Blanc Calin Nature 3.2%MG - 12x100g","p":3.35,"u":"2,79 €/KG","img":"https://fd9-photos.leclercdrive.fr/image.ashx?id=2973730&use=l&cat=p&typeid=i","cat":284409},{"id":93079,"n":"Bûche glacée L'Angelys Fruits rouges et exotiques - 500g","p":8.18,"u":"16,36 €/KG","img":"https://fd9-photos.leclercdrive.fr/image.ashx?id=2963664&use=l&cat=p&typeid=i","cat":284266},{"id":93089,"n":"Cidre fermier Brut NRT IGP  De Bretagne - 3%vol - 75cl","p":3.34,"u":"4,45 €/L","img":"https://fd9-photos.leclercdrive.fr/image.ashx?id=2791114&use=l&cat=p&typeid=i","cat":334880},{"id":93091,"n":"Bûche glacée Eskiss Vanille Caramel Pécan - 534g","p":4.06,"u":"7,60 €/KG","img":"https://fd9-photos.leclercdrive.fr/image.ashx?id=2791329&use=l&cat=p&typeid=i","cat":284266},{"id":93105,"n":"Skyr danone  nature 0%mg - 2x140g","p":2.26,"u":"8,07 €/KG","img":"https://fd9-photos.leclercdrive.fr/image.ashx?id=2810606&use=l&cat=p&typeid=i","cat":284409},{"id":93108,"n":"Bière Desperados Pack de 12x33cl","p":14.96,"u":"3,78 €/L","img":"https://fd9-photos.leclercdrive.fr/image.ashx?id=2983123&use=l&cat=p&typeid=i","cat":334878},{"id":93109,"n":"Bière Desperados Pack de 6x33cl","p":7.1,"u":"3,59 €/L","img":"https://fd9-photos.leclercdrive.fr/image.ashx?id=2999865&use=l&cat=p&typeid=i","cat":334878},{"id":93112,"n":"Coulommiers Cœur de Lion  350g","p":2.62,"u":"7,49 €/KG","img":"https://fd9-photos.leclercdrive.fr/image.ashx?id=2766286&use=l&cat=p&typeid=i","cat":314033},{"id":93121,"n":"Escalope Cordon Bleu Père Dodu  Dinde x4 - 400g - Familial","p":5.05,"u":"12,63 €/KG","img":"https://fd9-photos.leclercdrive.fr/image.ashx?id=2957206&use=l&cat=p&typeid=i","cat":333683},{"id":93203,"n":"Lessive concentrée Epsil Pure fraîcheur x28 - 980ml","p":3.29,"u":"3,36 €/L","img":"https://fd9-photos.leclercdrive.fr/image.ashx?id=2450047&use=l&cat=p&typeid=i","cat":284640},{"id":93210,"n":"Suprêmes soufflés Saint-Jean Nature x4 - 480g","p":3.74,"u":"7,79 €/KG","img":"https://fd9-photos.leclercdrive.fr/image.ashx?id=2446719&use=l&cat=p&typeid=i","cat":333682},{"id":93211,"n":"Suprêmes soufflés brochet x4 - 480g","p":3.87,"u":"8,06 €/KG","img":"https://fd9-photos.leclercdrive.fr/image.ashx?id=2446722&use=l&cat=p&typeid=i","cat":333682},{"id":93220,"n":"Boisson gazeuse Fever Tree Tonic Water - 4x20cl","p":4.29,"u":"5,36 €/L","img":"https://fd9-photos.leclercdrive.fr/image.ashx?id=1644067&use=l&cat=p&typeid=i","cat":284531},{"id":93243,"n":"Dissolvant Inell Semi-permanent - 150ml","p":1.42,"u":"9,47 €/L","img":"https://fd9-photos.leclercdrive.fr/image.ashx?id=2691682&use=l&cat=p&typeid=i","cat":325347},{"id":93244,"n":"Sauce bolognaise Panzani 425g","p":1.91,"u":"4,49 €/KG","img":"https://fd9-photos.leclercdrive.fr/image.ashx?id=2989096&use=l&cat=p&typeid=i","cat":287599},{"id":93246,"n":"Assortiment Copains Copines Fraises bananes - 250g","p":1.19,"u":"4,76 €/KG","img":"https://fd9-photos.leclercdrive.fr/image.ashx?id=2934724&use=l&cat=p&typeid=i","cat":304250},{"id":93254,"n":"Assortiment Copains Copines Mini sachets - 500g","p":3.58,"u":"7,16 €/KG","img":"https://fd9-photos.leclercdrive.fr/image.ashx?id=2934736&use=l&cat=p&typeid=i","cat":304250},{"id":93260,"n":"Biscuits Calèche LU Sélection gourmande - 250g","p":3.97,"u":"15,88 €/KG","img":"https://fd9-photos.leclercdrive.fr/image.ashx?id=1916631&use=l&cat=p&typeid=i","cat":284490},{"id":93305,"n":"Arrangé Isautier Gingembre Citron 40° - 50cl","p":15.44,"u":"30,88 €/L","img":"https://fd9-photos.leclercdrive.fr/image.ashx?id=2322193&use=l&cat=p&typeid=i","cat":284551},{"id":93310,"n":"Yaourt bifidus Activia vanille - 12x125g","p":4.4,"u":"2,93 €/KG","img":"https://fd9-photos.leclercdrive.fr/image.ashx?id=2999835&use=l&cat=p&typeid=i","cat":315000},{"id":93318,"n":"Vin de France Pinot Noir Bouchard Ainé et Fils - 75cl","p":5.06,"u":"6,75 €/L","img":"https://fd9-photos.leclercdrive.fr/image.ashx?id=2916105&use=l&cat=p&typeid=i","cat":289556},{"id":93348,"n":"Assortiment 26%mg Les croisés 3 Variétés ss croûte - 700g","p":9.74,"u":"13,91 €/KG","img":"https://fd9-photos.leclercdrive.fr/image.ashx?id=2793269&use=l&cat=p&typeid=i","cat":314037},{"id":93401,"n":"Bière blonde pression Heineken Fût de 5L","p":16.57,"u":"3,31 €/L","img":"https://fd9-photos.leclercdrive.fr/image.ashx?id=2646194&use=l&cat=p&typeid=i","cat":334879},{"id":93403,"n":"Bières Desperados 6x33cl","p":7.56,"u":"3,82 €/L","img":"https://fd9-photos.leclercdrive.fr/image.ashx?id=2977963&use=l&cat=p&typeid=i","cat":334853},{"id":93440,"n":"Boisson gourmande PAGO Citron Citron vert - 75cl","p":1.96,"u":"2,61 €/L","img":"https://fd9-photos.leclercdrive.fr/image.ashx?id=2861240&use=l&cat=p&typeid=i","cat":284915},{"id":93514,"n":"Frites de poulet Maître Coq 1 kg","p":5.34,"u":"5,34 €/KG","img":"https://fd9-photos.leclercdrive.fr/image.ashx?id=2939478&use=l&cat=p&typeid=i","cat":319780},{"id":93600,"n":"Dessert végétal soja Alpro Nature à la coco - 500g","p":1.95,"u":"3,90 €/KG","img":"https://fd9-photos.leclercdrive.fr/image.ashx?id=2976080&use=l&cat=p&typeid=i","cat":316071},{"id":93601,"n":"Asperges vertes Magda 500g","p":5.61,"u":"11,22 €/KG","img":"https://fd9-photos.leclercdrive.fr/image.ashx?id=2091827&use=l&cat=p&typeid=i","cat":319805},{"id":93624,"n":"Papier toilette Mimosa Blanc 3 plis - x12","p":4.61,"u":"0,38 €/P","img":"https://fd9-photos.leclercdrive.fr/image.ashx?id=2777863&use=l&cat=p&typeid=i","cat":284634},{"id":93631,"n":"Graines de tournesol Eco+ 2.5kg","p":3.5,"u":"1,40 €/KG","img":"https://fd9-photos.leclercdrive.fr/image.ashx?id=2162123&use=l&cat=p&typeid=i","cat":284678},{"id":93636,"n":"Fromage RichesMonts Raclette  Caractère 18 Tranches - 420g","p":6.82,"u":"16,24 €/KG","img":"https://fd9-photos.leclercdrive.fr/image.ashx?id=2953812&use=l&cat=p&typeid=i","cat":314037},{"id":93689,"n":"Noix St Jacques Ronde des mers Sans Corail - MSC - 300g","p":17.21,"u":"57,37 €/KG","img":"https://fd9-photos.leclercdrive.fr/image.ashx?id=2632885&use=l&cat=p&typeid=i","cat":319787},{"id":93690,"n":"Nems à la Crevette et Crabe Tables du Monde x4 - 280g","p":2.04,"u":"7,29 €/KG","img":"https://fd9-photos.leclercdrive.fr/image.ashx?id=2967673&use=l&cat=p&typeid=i","cat":333673},{"id":93697,"n":"Homard Ronde des mers MSC - Cuit sous vide - 325g","p":9.89,"u":"30,43 €/KG","img":"https://fd9-photos.leclercdrive.fr/image.ashx?id=1525193&use=l&cat=p&typeid=i","cat":319787},{"id":93700,"n":"Tablette chocolat Côte d'Or Chocolat lait praliné - 200g","p":3.81,"u":"19,05 €/KG","img":"https://fd9-photos.leclercdrive.fr/image.ashx?id=2850222&use=l&cat=p&typeid=i","cat":284497},{"id":93727,"n":"Liquide de rinçage Rainett Pour Lave-vaisselle - 750ml","p":2.97,"u":"3,96 €/L","img":"https://fd9-photos.leclercdrive.fr/image.ashx?id=2338510&use=l&cat=p&typeid=i","cat":284657},{"id":93728,"n":"Clémentine à déguster bio Bio Village Sachet 750g","p":2.99,"u":"3,99 €/KG","img":"https://fd9-photos.leclercdrive.fr/image.ashx?id=2801058&use=l&cat=p&typeid=i","cat":284356},{"id":93742,"n":"Joker Bio Multifruits 1L","p":2.39,"u":"2,39 €/L","img":"https://fd9-photos.leclercdrive.fr/image.ashx?id=3001293&use=l&cat=p&typeid=i","cat":284917},{"id":93745,"n":"Joker Bio Orange sans pulpe 1L","p":2.41,"u":"2,41 €/L","img":"https://fd9-photos.leclercdrive.fr/image.ashx?id=3008146&use=l&cat=p&typeid=i","cat":284521},{"id":93776,"n":"Sauce tomate bio Jardin Bio Provençale - 510g","p":3.4,"u":"6,67 €/KG","img":"https://fd9-photos.leclercdrive.fr/image.ashx?id=2977435&use=l&cat=p&typeid=i","cat":287599},{"id":93788,"n":"Escalope Cordon Bleu Père Dodu  Poulet x2 - 200g","p":2.35,"u":"11,75 €/KG","img":"https://fd9-photos.leclercdrive.fr/image.ashx?id=2957170&use=l&cat=p&typeid=i","cat":333683},{"id":93790,"n":"Sauce tomate bio Jardin Bio Basilic - 510g","p":3.06,"u":"6,00 €/KG","img":"https://fd9-photos.leclercdrive.fr/image.ashx?id=2918832&use=l&cat=p&typeid=i","cat":287599},{"id":93810,"n":"Shampooing 3 en 1 TECH9 500ml","p":5.45,"u":"10,90 €/L","img":"https://fd9-photos.leclercdrive.fr/image.ashx?id=2162456&use=l&cat=p&typeid=i","cat":298252},{"id":93817,"n":"Muesli croustillant 7 fruits  bio Terres et Céréales-1kg","p":5.45,"u":"5,45 €/KG","img":"https://fd9-photos.leclercdrive.fr/image.ashx?id=2802449&use=l&cat=p&typeid=i","cat":309512},{"id":93819,"n":"Poêlée de légume Notre Jardin Wok cuisiné Asie - 1kg","p":3.59,"u":"3,59 €/KG","img":"https://fd9-photos.leclercdrive.fr/image.ashx?id=2878600&use=l&cat=p&typeid=i","cat":319823},{"id":93842,"n":"Coton rectangle bébé Eco+ x200","p":3.99,"u":"0,02 €/P","img":"https://fd9-photos.leclercdrive.fr/image.ashx?id=2869760&use=l&cat=p&typeid=i","cat":284739},{"id":93851,"n":"Petit Pois Tendres et Fondants Cassegrain 280g","p":1.86,"u":"6,64 €/KG","img":"https://fd9-photos.leclercdrive.fr/image.ashx?id=2955318&use=l&cat=p&typeid=i","cat":312607},{"id":93854,"n":"Aubergines Cuisinées Cassegrain à la Provençale 375g","p":2.87,"u":"7,65 €/KG","img":"https://fd9-photos.leclercdrive.fr/image.ashx?id=2962086&use=l&cat=p&typeid=i","cat":312612},{"id":93856,"n":"Polish rénovateur TECH9 500ml","p":2.99,"u":"5,98 €/L","img":"https://fd9-photos.leclercdrive.fr/image.ashx?id=2162462&use=l&cat=p&typeid=i","cat":298252},{"id":93860,"n":"Viande hachée bio- Bio Village  15%mg - 400g","p":8.15,"u":"20,38 €/KG","img":"https://fd9-photos.leclercdrive.fr/image.ashx?id=1659333&use=l&cat=p&typeid=i","cat":319779},{"id":94052,"n":"Haricot Vert Cassegrain Extra Fin Ceuillis main 220g","p":2.12,"u":"9,64 €/KG","img":"https://fd9-photos.leclercdrive.fr/image.ashx?id=2955321&use=l&cat=p&typeid=i","cat":312606},{"id":94053,"n":"Gaufrette P'tit Déli Fraise des bois - 160g","p":1.52,"u":"9,50 €/KG","img":"https://fd9-photos.leclercdrive.fr/image.ashx?id=2915299&use=l&cat=p&typeid=i","cat":284489},{"id":94164,"n":"Fromage Crèmeux Saint Albray  200g","p":2.82,"u":"14,10 €/KG","img":"https://fd9-photos.leclercdrive.fr/image.ashx?id=2731825&use=l&cat=p&typeid=i","cat":329558},{"id":94177,"n":"Tournedos de canard Le Gaulois - 2x100g","p":6.34,"u":"31,70 €/KG","img":"https://fd9-photos.leclercdrive.fr/image.ashx?id=2864504&use=l&cat=p&typeid=i","cat":284339},{"id":94180,"n":"Croquettes chat Ultima Stérilisé sensible - 3kg","p":13.16,"u":"4,39 €/KG","img":"https://fd9-photos.leclercdrive.fr/image.ashx?id=2906580&use=l&cat=p&typeid=i","cat":284680},{"id":94210,"n":"Raclette piment Ermitage 200g","p":2.64,"u":"13,20 €/KG","img":"https://fd9-photos.leclercdrive.fr/image.ashx?id=2416697&use=l&cat=p&typeid=i","cat":314037},{"id":94213,"n":"Raclette 3 poivres Ermitage 200g","p":2.62,"u":"13,10 €/KG","img":"https://fd9-photos.leclercdrive.fr/image.ashx?id=2831915&use=l&cat=p&typeid=i","cat":314037},{"id":94215,"n":"Raclette aux cèpes  Ermitage - 200g","p":2.66,"u":"13,30 €/KG","img":"https://fd9-photos.leclercdrive.fr/image.ashx?id=2544206&use=l&cat=p&typeid=i","cat":314037},{"id":94281,"n":"Rhum blanc Bologne 50%vol - 100cl","p":18.64,"u":"18,64 €/L","img":"https://fd9-photos.leclercdrive.fr/image.ashx?id=2876554&use=l&cat=p&typeid=i","cat":284550},{"id":94309,"n":"Croquettes chat stérilisé D’intérieur Ultima - 3kg","p":12.37,"u":"4,12 €/KG","img":"https://fd9-photos.leclercdrive.fr/image.ashx?id=2922230&use=l&cat=p&typeid=i","cat":284680},{"id":94311,"n":"Patate douce Paysan Breton 750g","p":2.46,"u":"3,28 €/KG","img":"https://fd9-photos.leclercdrive.fr/image.ashx?id=2882412&use=l&cat=p&typeid=i","cat":319805},{"id":94643,"n":"Brassé végétal Andros Framboise - 400g","p":2.68,"u":"6,70 €/KG","img":"https://fd9-photos.leclercdrive.fr/image.ashx?id=2879089&use=l&cat=p&typeid=i","cat":316071},{"id":94654,"n":"Yaourt bifidus Activia Vanille - 16x125g","p":5.44,"u":"2,72 €/KG","img":"https://fd9-photos.leclercdrive.fr/image.ashx?id=2741775&use=l&cat=p&typeid=i","cat":315000},{"id":94801,"n":"Oeufs frais De Nos Régions Élevées au Sol - x12","p":2.71,"u":"0,23 €/P","img":"https://fd9-photos.leclercdrive.fr/image.ashx?id=2969833&use=l&cat=p&typeid=i","cat":284378},{"id":94853,"n":"Oeufs frais plein air Bio Bio village - x4","p":1.9,"u":"0,48 €/P","img":"https://fd9-photos.leclercdrive.fr/image.ashx?id=1520957&use=l&cat=p&typeid=i","cat":284378},{"id":94856,"n":"Oeufs frais plein air Oméga 3 - x20","p":4.55,"u":"0,23 €/P","img":"https://fd9-photos.leclercdrive.fr/image.ashx?id=2969979&use=l&cat=p&typeid=i","cat":284378},{"id":94857,"n":"Oeufs frais plein air Oeufs de Nos Régions - x4","p":0.99,"u":"0,25 €/P","img":"https://fd9-photos.leclercdrive.fr/image.ashx?id=2969964&use=l&cat=p&typeid=i","cat":284378},{"id":94859,"n":"Yaourt à la grecque YAOS  Stracciatella - 4x125g","p":2.64,"u":"5,28 €/KG","img":"https://fd9-photos.leclercdrive.fr/image.ashx?id=2679506&use=l&cat=p&typeid=i","cat":314999},{"id":94860,"n":"Oeufs frais De Nos Régions Élevées au sol - x6","p":1.49,"u":"0,25 €/P","img":"https://fd9-photos.leclercdrive.fr/image.ashx?id=2969821&use=l&cat=p&typeid=i","cat":284378},{"id":94936,"n":"AOP Vin blanc Alsace Gewurtraminer - 75cl","p":8.99,"u":"11,99 €/L","img":"https://fd9-photos.leclercdrive.fr/image.ashx?id=2370179&use=l&cat=p&typeid=i","cat":289557},{"id":95069,"n":"Patchs purifiants Bioré Au charbon - x6","p":4.73,"u":"0,79 €/P","img":"https://fd9-photos.leclercdrive.fr/image.ashx?id=2986819&use=l&cat=p&typeid=i","cat":325346},{"id":95077,"n":"Gel anti-calcaire Calgon  Hygiène Plus - 750ml","p":4.94,"u":"6,59 €/L","img":"https://fd9-photos.leclercdrive.fr/image.ashx?id=2953767&use=l&cat=p&typeid=i","cat":284653},{"id":95393,"n":"Limoncello Riviera Del Sole 30% vol  - 50cl","p":11.88,"u":"23,76 €/L","img":"https://fd9-photos.leclercdrive.fr/image.ashx?id=2615493&use=l&cat=p&typeid=i","cat":286032},{"id":95432,"n":"Caprice des Dieux 300g + 10% offert","p":3.75,"u":"11,36 €/KG","img":"https://fd9-photos.leclercdrive.fr/image.ashx?id=1558975&use=l&cat=p&typeid=i","cat":314033},{"id":95498,"n":"Sorbet Plein fruit L'Angelys Pomme verte - 500g","p":4.46,"u":"8,92 €/KG","img":"https://fd9-photos.leclercdrive.fr/image.ashx?id=1558201&use=l&cat=p&typeid=i","cat":284263},{"id":95517,"n":"Risotto à la truffe 200g","p":4.99,"u":"24,95 €/KG","img":"https://fd9-photos.leclercdrive.fr/image.ashx?id=1558126&use=l&cat=p&typeid=i","cat":333665},{"id":95524,"n":"Essuie-tout bobine Mimosa 500 feuilles","p":3.7,"img":"https://fd9-photos.leclercdrive.fr/image.ashx?id=1523297&use=l&cat=p&typeid=i","cat":284635},{"id":95534,"n":"Saumon fumé Ronde des Mers Ecosse x4T - 140g","p":4.99,"u":"35,64 €/KG","img":"https://fd9-photos.leclercdrive.fr/image.ashx?id=2822750&use=l&cat=p&typeid=i","cat":285188},{"id":95535,"n":"Saumon fumé ASC Ronde des Mers Norvège x4T - 140g","p":4.99,"u":"35,64 €/KG","img":"https://fd9-photos.leclercdrive.fr/image.ashx?id=2832999&use=l&cat=p&typeid=i","cat":285188},{"id":95564,"n":"Crème fraîche légère Yoplait Fleurette 15% mg - 38cl","p":1.97,"u":"5,18 €/L","img":"https://fd9-photos.leclercdrive.fr/image.ashx?id=2733664&use=l&cat=p&typeid=i","cat":284381},{"id":95584,"n":"Dentifrice dentavie Bio Gencives sensibles - 75ml","p":3.42,"u":"45,60 €/L","img":"https://fd9-photos.leclercdrive.fr/image.ashx?id=2494764&use=l&cat=p&typeid=i","cat":284612},{"id":95592,"n":"Sauce Saveurs Forestières Foie gras & Figues - 150g","p":3.05,"u":"20,33 €/KG","img":"https://fd9-photos.leclercdrive.fr/image.ashx?id=2603776&use=l&cat=p&typeid=i","cat":327289},{"id":95593,"n":"Sauce Saveurs Forestières Crème aux cèpes - 150g","p":3.45,"u":"23,00 €/KG","img":"https://fd9-photos.leclercdrive.fr/image.ashx?id=2021826&use=l&cat=p&typeid=i","cat":284382},{"id":95623,"n":"AOP Champagne Brut Demoiselle Vranken - 75cl","p":27.57,"u":"36,76 €/L","img":"https://fd9-photos.leclercdrive.fr/image.ashx?id=2203988&use=l&cat=p&typeid=i","cat":284542},{"id":95704,"n":"Vinaigrette Puget Xeres ail basilic - 330 ml","p":2.69,"u":"8,15 €/L","img":"https://fd9-photos.leclercdrive.fr/image.ashx?id=2939541&use=l&cat=p&typeid=i","cat":284456},{"id":95811,"n":"Mascara Waterproof L'OréalParis Lash Paradise Noir","p":12.47,"img":"https://fd9-photos.leclercdrive.fr/image.ashx?id=2559589&use=l&cat=p&typeid=i","cat":287029},{"id":95815,"n":"Dessert végétal soja alpro Vanille - 500g","p":1.95,"u":"3,90 €/KG","img":"https://fd9-photos.leclercdrive.fr/image.ashx?id=2977672&use=l&cat=p&typeid=i","cat":316071},{"id":95817,"n":"Dessert végétal soja alpro Nature à l'amande - 500g","p":1.94,"u":"3,88 €/KG","img":"https://fd9-photos.leclercdrive.fr/image.ashx?id=2977684&use=l&cat=p&typeid=i","cat":316071},{"id":95946,"n":"Pommes vertes Panier du Primeur Barquette x6","p":2.49,"u":"0,42 €/P","img":"https://fd9-photos.leclercdrive.fr/image.ashx?id=2338703&use=l&cat=p&typeid=i","cat":284356},{"id":95947,"n":"Pommes jaunes Panier du Primeur x6","p":2.49,"u":"0,42 €/P","img":"https://fd9-photos.leclercdrive.fr/image.ashx?id=2338700&use=l&cat=p&typeid=i","cat":284356},{"id":95973,"n":"Eau minérale naturelle Evian  6x1,5l","p":3.45,"u":"0,38 €/L","img":"https://fd9-photos.leclercdrive.fr/image.ashx?id=2967717&use=l&cat=p&typeid=i","cat":284535},{"id":95974,"n":"Bière blonde Bud 5% - 12x25cl","p":8.05,"u":"2,68 €/L","img":"https://fd9-photos.leclercdrive.fr/image.ashx?id=2995406&use=l&cat=p&typeid=i","cat":334873},{"id":95975,"n":"Liquide vaisselle Visior Pomme poire - 750ml","p":1.19,"u":"1,59 €/L","img":"https://fd9-photos.leclercdrive.fr/image.ashx?id=2872718&use=l&cat=p&typeid=i","cat":284655},{"id":95976,"n":"Liquide vaisselle Visior Fruit rouge & Fleur - 750ml","p":1.19,"u":"1,59 €/L","img":"https://fd9-photos.leclercdrive.fr/image.ashx?id=2724586&use=l&cat=p&typeid=i","cat":284655},{"id":95977,"n":"Liquide vaisselle Visior Amande Calendula - 750ml","p":1.26,"u":"1,68 €/L","img":"https://fd9-photos.leclercdrive.fr/image.ashx?id=2872721&use=l&cat=p&typeid=i","cat":284655},{"id":95978,"n":"Liquide vaisselle Visior Pamplemousse vinaigre - 750ml","p":1.3,"u":"1,73 €/L","img":"https://fd9-photos.leclercdrive.fr/image.ashx?id=2898859&use=l&cat=p&typeid=i","cat":284655},{"id":96057,"n":"Café grains Méo Espresso - 1kg","p":15.25,"u":"15,25 €/KG","img":"https://fd9-photos.leclercdrive.fr/image.ashx?id=2593977&use=l&cat=p&typeid=i","cat":293237},{"id":96060,"n":"Chili con carné Bio Village Bio - 300g","p":3.49,"u":"11,63 €/KG","img":"https://fd9-photos.leclercdrive.fr/image.ashx?id=2437199&use=l&cat=p&typeid=i","cat":284953},{"id":96089,"n":"Gel douche Manava Citron basilic - 250ml","p":1.15,"u":"4,60 €/L","img":"https://fd9-photos.leclercdrive.fr/image.ashx?id=2626823&use=l&cat=p&typeid=i","cat":284594},{"id":96091,"n":"Gel douche Manava Concombre aloe vera - 250ml","p":1.18,"u":"4,72 €/L","img":"https://fd9-photos.leclercdrive.fr/image.ashx?id=2626826&use=l&cat=p&typeid=i","cat":284594},{"id":96094,"n":"Gel douche Manava Mangue Acai - 250ml","p":1.15,"u":"4,60 €/L","img":"https://fd9-photos.leclercdrive.fr/image.ashx?id=2805036&use=l&cat=p&typeid=i","cat":284594},{"id":96095,"n":"Gel douche Manava Envolée de pétales - 250ml","p":1.15,"u":"4,60 €/L","img":"https://fd9-photos.leclercdrive.fr/image.ashx?id=1980232&use=l&cat=p&typeid=i","cat":284594},{"id":96096,"n":"Gel douche Manava Crumble fruits rouges - 250ml","p":1.29,"u":"5,16 €/L","img":"https://fd9-photos.leclercdrive.fr/image.ashx?id=2486464&use=l&cat=p&typeid=i","cat":284594},{"id":96097,"n":"Gel douche Manava Noisettes caramel - 250ml","p":1.3,"u":"5,20 €/L","img":"https://fd9-photos.leclercdrive.fr/image.ashx?id=2805039&use=l&cat=p&typeid=i","cat":284594},{"id":96189,"n":"Carpaccio de truffes Le Terroir Gourmand - 20g","p":5.5,"u":"275,00 €/KG","img":"https://fd9-photos.leclercdrive.fr/image.ashx?id=2379736&use=l&cat=p&typeid=i","cat":284382},{"id":96284,"n":"Pois chiches - 3x130g","p":1.65,"u":"4,23 €/KG","img":"https://fd9-photos.leclercdrive.fr/image.ashx?id=3002626&use=l&cat=p&typeid=i","cat":312609},{"id":96289,"n":"Biscuit apéritif ancel Sticks Bretzels Original - 300g","p":1.84,"u":"6,13 €/KG","img":"https://fd9-photos.leclercdrive.fr/image.ashx?id=2841196&use=l&cat=p&typeid=i","cat":297000},{"id":96397,"n":"Compote Cool pomme Vitabio Bio - 12x90g","p":6.49,"u":"6,01 €/KG","img":"https://fd9-photos.leclercdrive.fr/image.ashx?id=2621393&use=l&cat=p&typeid=i","cat":284508},{"id":96398,"n":"Compote Cool pomme banane bio Vitabio - 12x90g","p":7.06,"u":"6,54 €/KG","img":"https://fd9-photos.leclercdrive.fr/image.ashx?id=2621420&use=l&cat=p&typeid=i","cat":284508},{"id":96401,"n":"Compote Cool pomme poire bio Vitabio - 12x90g","p":7.29,"u":"6,75 €/KG","img":"https://fd9-photos.leclercdrive.fr/image.ashx?id=2621396&use=l&cat=p&typeid=i","cat":284508},{"id":96416,"n":"Sauce soja Kikkoman 250ml","p":4.45,"u":"17,80 €/L","img":"https://fd9-photos.leclercdrive.fr/image.ashx?id=2544952&use=l&cat=p&typeid=i","cat":288992},{"id":96563,"n":"Soufflés Monster Munch Barbecue - 2x100g","p":2.13,"u":"10,65 €/KG","img":"https://fd9-photos.leclercdrive.fr/image.ashx?id=2918787&use=l&cat=p&typeid=i","cat":284449},{"id":96566,"n":"Soufflés Monster Munch Ketchup - 2x100g","p":2.09,"u":"10,45 €/KG","img":"https://fd9-photos.leclercdrive.fr/image.ashx?id=2918790&use=l&cat=p&typeid=i","cat":284449},{"id":96571,"n":"Soufflés Monster Munch Salé - 2x100g","p":2.02,"u":"10,10 €/KG","img":"https://fd9-photos.leclercdrive.fr/image.ashx?id=2920549&use=l&cat=p&typeid=i","cat":284449},{"id":96601,"n":"Dosettes Café Carte Noire  Arabica Espresso n°8 x60 - 420g","p":9.76,"u":"23,24 €/KG","img":"https://fd9-photos.leclercdrive.fr/image.ashx?id=2922188&use=l&cat=p&typeid=i","cat":293238},{"id":96770,"n":"Eau minérale gazeuse Quézac  6x50cl","p":2.56,"u":"0,85 €/L","img":"https://fd9-photos.leclercdrive.fr/image.ashx?id=2884618&use=l&cat=p&typeid=i","cat":284536},{"id":96777,"n":"Crème mains Inell Hydratante - 100ml","p":1.35,"u":"13,50 €/L","img":"https://fd9-photos.leclercdrive.fr/image.ashx?id=2515688&use=l&cat=p&typeid=i","cat":325354},{"id":96802,"n":"Foie gras canard IGP Quercy Nos Régions ont du Talent 200g","p":20.95,"u":"104,75 €/KG","img":"https://fd9-photos.leclercdrive.fr/image.ashx?id=2988153&use=l&cat=p&typeid=i","cat":316008},{"id":96808,"n":"Osso bucco de dinde Volandrie 800g","p":4.69,"u":"5,86 €/KG","img":"https://fd9-photos.leclercdrive.fr/image.ashx?id=2048878&use=l&cat=p&typeid=i","cat":284337},{"id":96832,"n":"Mini viennoiseries Epi d'Or x12 - 372g","p":4.23,"u":"11,37 €/KG","img":"https://fd9-photos.leclercdrive.fr/image.ashx?id=1879302&use=l&cat=p&typeid=i","cat":288858},{"id":96920,"n":"Câbles de démarrage TECH9 25mm2","p":19.9,"img":"https://fd9-photos.leclercdrive.fr/image.ashx?id=2162561&use=l&cat=p&typeid=i","cat":298252},{"id":96926,"n":"Ampoules H4 TECH9 x2","p":5.95,"img":"https://fd9-photos.leclercdrive.fr/image.ashx?id=2162369&use=l&cat=p&typeid=i","cat":298252},{"id":96936,"n":"Saumon fumé Ronde des Mers Ecosse x6T - 200g","p":8.2,"u":"41,00 €/KG","img":"https://fd9-photos.leclercdrive.fr/image.ashx?id=2823096&use=l&cat=p&typeid=i","cat":285188},{"id":96937,"n":"Saumon fumé Eco+ Norvège - 200g","p":4.65,"u":"23,25 €/KG","img":"https://fd9-photos.leclercdrive.fr/image.ashx?id=2794823&use=l&cat=p&typeid=i","cat":285188},{"id":96938,"n":"Saumon fumé Ronde des Mers ASC Norvège x6T - 210g","p":8.5,"u":"40,48 €/KG","img":"https://fd9-photos.leclercdrive.fr/image.ashx?id=2833132&use=l&cat=p&typeid=i","cat":285188},{"id":96959,"n":"Pains au chocolat Epi d'Or x6 - 450g","p":2.95,"u":"6,56 €/KG","img":"https://fd9-photos.leclercdrive.fr/image.ashx?id=1983598&use=l&cat=p&typeid=i","cat":284267},{"id":96970,"n":"Feuilletés Epinards Chèvre Côté Table - 2x150g","p":3.09,"u":"10,30 €/KG","img":"https://fd9-photos.leclercdrive.fr/image.ashx?id=2846523&use=l&cat=p&typeid=i","cat":333671},{"id":97033,"n":"Gel Bain douche Manava Fleur de cerisier - 500ml","p":1.88,"u":"3,76 €/L","img":"https://fd9-photos.leclercdrive.fr/image.ashx?id=2618356&use=l&cat=p&typeid=i","cat":284594},{"id":97045,"n":"Thon entier Petit Navire Au naturel - 2x93g","p":3.34,"u":"17,96 €/KG","img":"https://fd9-photos.leclercdrive.fr/image.ashx?id=2961837&use=l&cat=p&typeid=i","cat":303867},{"id":97060,"n":"Tagada Haribo Sachet bonbons - 400g","p":1.71,"u":"4,28 €/KG","img":"https://fd9-photos.leclercdrive.fr/image.ashx?id=2801854&use=l&cat=p&typeid=i","cat":304250},{"id":97286,"n":"Crayons de couleurs Esquisse Bicolores - x12","p":1.65,"u":"0,14 €/P","img":"https://fd9-photos.leclercdrive.fr/image.ashx?id=1678787&use=l&cat=p&typeid=i","cat":284696},{"id":97359,"n":"Gyoza crevettes Ajinomoto Avec sauce soja  - 212g","p":4.14,"u":"19,53 €/KG","img":"https://fd9-photos.leclercdrive.fr/image.ashx?id=2590279&use=l&cat=p&typeid=i","cat":319774},{"id":97360,"n":"Gyoza Ajinomoto Poulet & légumes - 212g","p":4.38,"u":"20,66 €/KG","img":"https://fd9-photos.leclercdrive.fr/image.ashx?id=2590327&use=l&cat=p&typeid=i","cat":319774},{"id":97362,"n":"Gyoza Ajinomoto Légumes avec sauce soja - 212g","p":4.2,"u":"19,81 €/KG","img":"https://fd9-photos.leclercdrive.fr/image.ashx?id=2590330&use=l&cat=p&typeid=i","cat":319774},{"id":97391,"n":"Mini stylos correcteur Esquisse x3","p":1.89,"u":"0,63 €/P","img":"https://fd9-photos.leclercdrive.fr/image.ashx?id=1701151&use=l&cat=p&typeid=i","cat":334133},{"id":97470,"n":"Tube de colle gel Esquisse Transparente - 2x30ml","p":2.15,"u":"35,83 €/L","img":"https://fd9-photos.leclercdrive.fr/image.ashx?id=1701154&use=l&cat=p&typeid=i","cat":334133},{"id":97516,"n":"Feuilles simples perforées Eco+ 17x22cm - x200","p":1.25,"img":"https://fd9-photos.leclercdrive.fr/image.ashx?id=1698502&use=l&cat=p&typeid=i","cat":284697},{"id":97662,"n":"Thé vert Twinings Menthe x25 - 38g","p":2.54,"u":"66,84 €/KG","img":"https://fd9-photos.leclercdrive.fr/image.ashx?id=2906763&use=l&cat=p&typeid=i","cat":293233},{"id":97665,"n":"Thé vert intense Twinings Menthe intense - x25 - 32g","p":2.86,"u":"89,38 €/KG","img":"https://fd9-photos.leclercdrive.fr/image.ashx?id=2919406&use=l&cat=p&typeid=i","cat":293233},{"id":97667,"n":"Thé russian Twinings Earl grey x20 - 30g","p":2.57,"u":"85,67 €/KG","img":"https://fd9-photos.leclercdrive.fr/image.ashx?id=2878306&use=l&cat=p&typeid=i","cat":293233},{"id":97671,"n":"Thé russian Earl Grey Twinings 150g","p":6.98,"u":"46,53 €/KG","img":"https://fd9-photos.leclercdrive.fr/image.ashx?id=2950729&use=l&cat=p&typeid=i","cat":293233},{"id":97677,"n":"Thé Twinings English breakfast x25 - 40g","p":2.84,"u":"71,00 €/KG","img":"https://fd9-photos.leclercdrive.fr/image.ashx?id=2893027&use=l&cat=p&typeid=i","cat":293233},{"id":97713,"n":"Soda Tonic Sprink's 6x33cl","p":2.49,"u":"1,26 €/L","img":"https://fd9-photos.leclercdrive.fr/image.ashx?id=2956768&use=l&cat=p&typeid=i","cat":284531},{"id":98098,"n":"Liquide vaisselle Visior Antiodeur - 500ml","p":0.64,"u":"1,28 €/L","img":"https://fd9-photos.leclercdrive.fr/image.ashx?id=2951122&use=l&cat=p&typeid=i","cat":284655},{"id":98103,"n":"Chèvres chauds Soignon x8 - 200g","p":4.39,"u":"21,95 €/KG","img":"https://fd9-photos.leclercdrive.fr/image.ashx?id=2680710&use=l&cat=p&typeid=i","cat":314027},{"id":98145,"n":"Orange à jus bio Bio Village Sachet 1kg","p":2.89,"u":"2,89 €/KG","img":"https://fd9-photos.leclercdrive.fr/image.ashx?id=2566874&use=l&cat=p&typeid=i","cat":284356},{"id":98251,"n":"Liquide Vaisselle Brillance  VISIOR - 500ml","p":0.64,"u":"1,28 €/L","img":"https://fd9-photos.leclercdrive.fr/image.ashx?id=2951125&use=l&cat=p&typeid=i","cat":284655},{"id":98252,"n":"Liquide vaisselle Visior Antibactérien - 500ml","p":0.64,"u":"1,28 €/L","img":"https://fd9-photos.leclercdrive.fr/image.ashx?id=2951131&use=l&cat=p&typeid=i","cat":284655},{"id":98253,"n":"Liquide vaisselle Visior Désincrustant sel - 500ml","p":0.64,"u":"1,28 €/L","img":"https://fd9-photos.leclercdrive.fr/image.ashx?id=2951128&use=l&cat=p&typeid=i","cat":284655},{"id":98387,"n":"Recharge mèche TECH9 Anti-tabac","p":4.5,"img":"https://fd9-photos.leclercdrive.fr/image.ashx?id=1544985&use=l&cat=p&typeid=i","cat":298252},{"id":98388,"n":"Recharge mèche TECH9 Vanille","p":4.5,"img":"https://fd9-photos.leclercdrive.fr/image.ashx?id=1544988&use=l&cat=p&typeid=i","cat":298252},{"id":98417,"n":"Liquide vaisselle floral Visior 500ml","p":0.64,"u":"1,28 €/L","img":"https://fd9-photos.leclercdrive.fr/image.ashx?id=2951134&use=l&cat=p&typeid=i","cat":284655},{"id":98421,"n":"Foie gras bloc P. Chaumeyrac À la figue - 100g","p":6.09,"u":"60,90 €/KG","img":"https://fd9-photos.leclercdrive.fr/image.ashx?id=2804335&use=l&cat=p&typeid=i","cat":316008},{"id":98422,"n":"Pavés de Saumon Bio Bio Village 200g","p":8.59,"u":"42,95 €/KG","img":"https://fd9-photos.leclercdrive.fr/image.ashx?id=2934802&use=l&cat=p&typeid=i","cat":319786},{"id":98429,"n":"Petits pains précuits Epi d'Or 4x75g","p":1.57,"u":"5,23 €/KG","img":"https://fd9-photos.leclercdrive.fr/image.ashx?id=2956966&use=l&cat=p&typeid=i","cat":325069},{"id":98440,"n":"Rôti de porc Fleury Michon -25% sel sans nitrite x4 - 160g","p":3.46,"u":"21,63 €/KG","img":"https://fd9-photos.leclercdrive.fr/image.ashx?id=2334569&use=l&cat=p&typeid=i","cat":316009},{"id":98443,"n":"Soda Coca-Cola Original Bouteille - Pack 6x1L","p":10.2,"u":"1,70 €/L","img":"https://fd9-photos.leclercdrive.fr/image.ashx?id=2830897&use=l&cat=p&typeid=i","cat":284530},{"id":98468,"n":"Yaourt à la grecque Délisse Vanille - 8x125g","p":3.59,"u":"3,59 €/KG","img":"https://fd9-photos.leclercdrive.fr/image.ashx?id=2699738&use=l&cat=p&typeid=i","cat":314999},{"id":98475,"n":"Blé soja haricots Céréal Bio  Façon Chili bio -220g","p":1.94,"u":"8,82 €/KG","img":"https://fd9-photos.leclercdrive.fr/image.ashx?id=2575096&use=l&cat=p&typeid=i","cat":287600},{"id":98499,"n":"Saumon fumé Petit Navire Ecosse - 4 tranches - 120g","p":6.7,"u":"55,83 €/KG","img":"https://fd9-photos.leclercdrive.fr/image.ashx?id=2950474&use=l&cat=p&typeid=i","cat":285188},{"id":98500,"n":"Saumon fumé Petit Navire MSC 4 tranches - 120g","p":7.62,"u":"63,50 €/KG","img":"https://fd9-photos.leclercdrive.fr/image.ashx?id=2875513&use=l&cat=p&typeid=i","cat":285188},{"id":98717,"n":"Crème Fraîche Elle&Vire Fleurette Entière -31% MG- 33cl","p":2.23,"u":"6,76 €/L","img":"https://fd9-photos.leclercdrive.fr/image.ashx?id=2992095&use=l&cat=p&typeid=i","cat":284381},{"id":98729,"n":"Petits pois Bonduelle Extra fondant - 750g","p":3.53,"u":"4,71 €/KG","img":"https://fd9-photos.leclercdrive.fr/image.ashx?id=2910037&use=l&cat=p&typeid=i","cat":319805},{"id":98746,"n":"Mousse Maronsui's La Laitière Crème de marrons - 4x68,8g","p":1.85,"u":"6,73 €/KG","img":"https://fd9-photos.leclercdrive.fr/image.ashx?id=2729755&use=l&cat=p&typeid=i","cat":284417},{"id":98807,"n":"Purée fruit bébé Blédina 6 mois Pomme cerise vanille - 4x100g","p":1.71,"u":"4,28 €/KG","img":"https://fd9-photos.leclercdrive.fr/image.ashx?id=2983024&use=l&cat=p&typeid=i","cat":312388},{"id":98811,"n":"Comprimé antibactérien Polident x36","p":2.6,"u":"0,07 €/P","img":"https://fd9-photos.leclercdrive.fr/image.ashx?id=2303843&use=l&cat=p&typeid=i","cat":285158},{"id":98814,"n":"Dentifrice Parodontax Soin quotidien - 75ml","p":3.62,"u":"48,27 €/L","img":"https://fd9-photos.leclercdrive.fr/image.ashx?id=2606394&use=l&cat=p&typeid=i","cat":284612},{"id":98831,"n":"Purée fruit bébé Blédina 6 mois Harmonie de fruits - 4x100g","p":1.79,"u":"4,48 €/KG","img":"https://fd9-photos.leclercdrive.fr/image.ashx?id=2983036&use=l&cat=p&typeid=i","cat":312388},{"id":98837,"n":"Purée fruit bébé Blédina 6 mois Pomme fraises banane - 4x100g","p":1.87,"u":"4,68 €/KG","img":"https://fd9-photos.leclercdrive.fr/image.ashx?id=2983048&use=l&cat=p&typeid=i","cat":312388},{"id":98872,"n":"Boisson Thé Glacé FuzeTea Mangue Camomille - 1,25L","p":1.62,"u":"1,30 €/L","img":"https://fd9-photos.leclercdrive.fr/image.ashx?id=2997220&use=l&cat=p&typeid=i","cat":295019},{"id":98875,"n":"Thé glacé Fuze Tea  Pêche Hibiscus - 1,25L","p":1.62,"u":"1,30 €/L","img":"https://fd9-photos.leclercdrive.fr/image.ashx?id=2940393&use=l&cat=p&typeid=i","cat":295019},{"id":98888,"n":"AOP Chablis blanc La Chablisienne - 75 cl","p":11.95,"u":"15,93 €/L","img":"https://fd9-photos.leclercdrive.fr/image.ashx?id=2107009&use=l&cat=p&typeid=i","cat":289557},{"id":98899,"n":"Pétillant Cava Revesco brut Espagne - 75cl","p":5.57,"u":"7,43 €/L","img":"https://fd9-photos.leclercdrive.fr/image.ashx?id=2019834&use=l&cat=p&typeid=i","cat":289461},{"id":98911,"n":"IGP Pays d'Oc rouge Roche Mazet Les Accords -75cl","p":3.4,"u":"4,53 €/L","img":"https://fd9-photos.leclercdrive.fr/image.ashx?id=2748284&use=l&cat=p&typeid=i","cat":289556},{"id":98933,"n":"AOP Ecrasé de pdt Florette Beurre - 2x200g","p":2.98,"u":"7,45 €/KG","img":"https://fd9-photos.leclercdrive.fr/image.ashx?id=2767699&use=l&cat=p&typeid=i","cat":333665},{"id":98935,"n":"Dentifrice Blancheur Signal  Nature Elements Coco 2x75ml","p":3.63,"u":"24,20 €/L","img":"https://fd9-photos.leclercdrive.fr/image.ashx?id=2338654&use=l&cat=p&typeid=i","cat":284612},{"id":99045,"n":"Ravioli bio au blé complet Rana Épinards, Ricotta - 250g","p":3.46,"u":"13,84 €/KG","img":"https://fd9-photos.leclercdrive.fr/image.ashx?id=2439878&use=l&cat=p&typeid=i","cat":333682},{"id":99192,"n":"Nouilles japonaises Tanoshi Saveur crevette Yosenabe -2x65g","p":2.89,"u":"22,23 €/KG","img":"https://fd9-photos.leclercdrive.fr/image.ashx?id=1627155&use=l&cat=p&typeid=i","cat":288992},{"id":99198,"n":"Nouilles japonaises Tanoshi Saveur porc Tonkotsu - 2x65g","p":2.89,"u":"22,23 €/KG","img":"https://fd9-photos.leclercdrive.fr/image.ashx?id=1627161&use=l&cat=p&typeid=i","cat":288992},{"id":99201,"n":"Nouilles japonaises Tanoshi Saveur Curry épice - 2x65g","p":2.36,"u":"18,15 €/KG","img":"https://fd9-photos.leclercdrive.fr/image.ashx?id=2922995&use=l&cat=p&typeid=i","cat":288992},{"id":99216,"n":"Beurre Elle&Vire Condé sur Vire Doux - 82% MG - 250g","p":3.07,"u":"12,28 €/KG","img":"https://fd9-photos.leclercdrive.fr/image.ashx?id=2811131&use=l&cat=p&typeid=i","cat":284379},{"id":99235,"n":"Bonbon Méga-fête Pik Haribo 720g","p":5.38,"u":"7,47 €/KG","img":"https://fd9-photos.leclercdrive.fr/image.ashx?id=2324573&use=l&cat=p&typeid=i","cat":304250},{"id":99237,"n":"Bonbons Méga Fête Haribo Surprise - 800g","p":5.39,"u":"6,74 €/KG","img":"https://fd9-photos.leclercdrive.fr/image.ashx?id=2210095&use=l&cat=p&typeid=i","cat":304250},{"id":99248,"n":"Bouillon Kub Or Maggi 32 cubes - 128g","p":1.21,"u":"9,45 €/KG","img":"https://fd9-photos.leclercdrive.fr/image.ashx?id=2692737&use=l&cat=p&typeid=i","cat":288379},{"id":99416,"n":"Gel corps et cheveux Love&Green Bio - 500ml","p":5.66,"u":"11,32 €/L","img":"https://fd9-photos.leclercdrive.fr/image.ashx?id=2735713&use=l&cat=p&typeid=i","cat":284741},{"id":99489,"n":"Lingettes Pampers Sensitive x80","p":2.59,"u":"0,03 €/P","img":"https://fd9-photos.leclercdrive.fr/image.ashx?id=2956664&use=l&cat=p&typeid=i","cat":284738},{"id":99502,"n":"Calmars à l'encre L'origine du goût - 115g","p":4.6,"u":"40,00 €/KG","img":"https://fd9-photos.leclercdrive.fr/image.ashx?id=2689204&use=l&cat=p&typeid=i","cat":285340},{"id":99547,"n":"Haricots rouge Bio Village Bio - 205g","p":2.31,"u":"11,27 €/KG","img":"https://fd9-photos.leclercdrive.fr/image.ashx?id=1947761&use=l&cat=p&typeid=i","cat":312606},{"id":99553,"n":"Pois chiche Bio VIllage Bio - 215g","p":2.1,"u":"9,77 €/KG","img":"https://fd9-photos.leclercdrive.fr/image.ashx?id=3002683&use=l&cat=p&typeid=i","cat":312609},{"id":99555,"n":"Lentilles Bio Village Bio - 215g","p":2.04,"u":"9,49 €/KG","img":"https://fd9-photos.leclercdrive.fr/image.ashx?id=3002677&use=l&cat=p&typeid=i","cat":312609},{"id":99562,"n":"Haricots verts Eco  Très fins - 440g","p":1.02,"u":"2,32 €/KG","img":"https://fd9-photos.leclercdrive.fr/image.ashx?id=3003723&use=l&cat=p&typeid=i","cat":312606},{"id":99570,"n":"Ratatouille Eco+ 750g","p":1.08,"u":"1,44 €/KG","img":"https://fd9-photos.leclercdrive.fr/image.ashx?id=2703446&use=l&cat=p&typeid=i","cat":312612},{"id":99574,"n":"Poêlée savoyarde  900g","p":4.06,"u":"4,51 €/KG","img":"https://fd9-photos.leclercdrive.fr/image.ashx?id=2478931&use=l&cat=p&typeid=i","cat":319823},{"id":99702,"n":"Dentifrice Sensodyne Blancheur multiprotect - 2x75ml","p":6.62,"u":"44,13 €/L","img":"https://fd9-photos.leclercdrive.fr/image.ashx?id=2833285&use=l&cat=p&typeid=i","cat":284612},{"id":99703,"n":"Eau micellaire Diadermine Hydratant - 400ml","p":4.69,"u":"11,73 €/L","img":"https://fd9-photos.leclercdrive.fr/image.ashx?id=2549624&use=l&cat=p&typeid=i","cat":284603},{"id":99734,"n":"Capsules café L'Or Espresso Or Absolu N°9 x20","p":7.18,"u":"69,04 €/KG","img":"https://fd9-photos.leclercdrive.fr/image.ashx?id=2859971&use=l&cat=p&typeid=i","cat":284749},{"id":99758,"n":"Complément alimentaire Biosens Kilos tenaces bio - 500ml","p":7.39,"u":"14,78 €/L","img":"https://fd9-photos.leclercdrive.fr/image.ashx?id=2925409&use=l&cat=p&typeid=i","cat":284632},{"id":99759,"n":"Complément alimentaire Biosens Bio boost minceur - 500ml","p":7.81,"u":"15,62 €/L","img":"https://fd9-photos.leclercdrive.fr/image.ashx?id=2530597&use=l&cat=p&typeid=i","cat":284632},{"id":99762,"n":"Complément alimentaire Biosens Bio Perte de poids - 28g","p":5.62,"u":"200,71 €/KG","img":"https://fd9-photos.leclercdrive.fr/image.ashx?id=2190590&use=l&cat=p&typeid=i","cat":284632},{"id":99774,"n":"Biscuits sablés Granola Chocolat noir - 195g","p":1.79,"u":"9,18 €/KG","img":"https://fd9-photos.leclercdrive.fr/image.ashx?id=2982979&use=l&cat=p&typeid=i","cat":284488},{"id":99788,"n":"Capsules café L'Or Espresso Lungo Profondo N°8 x20","p":6.82,"u":"65,58 €/KG","img":"https://fd9-photos.leclercdrive.fr/image.ashx?id=3005796&use=l&cat=p&typeid=i","cat":284749},{"id":99806,"n":"Complément alimentaire Biosens Bio Circulation tonique x45 22g","p":5.8,"u":"263,64 €/KG","img":"https://fd9-photos.leclercdrive.fr/image.ashx?id=2190593&use=l&cat=p&typeid=i","cat":284632},{"id":99813,"n":"Complément alimentaire Biosens Bio super curcuma - 18g","p":5.81,"u":"264,09 €/KG","img":"https://fd9-photos.leclercdrive.fr/image.ashx?id=2190599&use=l&cat=p&typeid=i","cat":284632},{"id":99814,"n":"Complément alimentaire Biosens Bio Brûle graisse - 21g","p":5.41,"u":"257,62 €/KG","img":"https://fd9-photos.leclercdrive.fr/image.ashx?id=2335745&use=l&cat=p&typeid=i","cat":284632},{"id":99850,"n":"Mouliné légumes La Potagère De nos campagne - Bio - 2x30cl","p":2.47,"u":"4,12 €/L","img":"https://fd9-photos.leclercdrive.fr/image.ashx?id=2927402&use=l&cat=p&typeid=i","cat":284462},{"id":99880,"n":"Crème Visage Jour FPS 30 Nivea Anti-rides Cellular - 50ml","p":15.61,"u":"312,20 €/L","img":"https://fd9-photos.leclercdrive.fr/image.ashx?id=2298775&use=l&cat=p&typeid=i","cat":325345},{"id":99881,"n":"Soin jour hydratant Nivea Peau normale et mixte - 2x50ml","p":7.18,"u":"71,80 €/L","img":"https://fd9-photos.leclercdrive.fr/image.ashx?id=2315491&use=l&cat=p&typeid=i","cat":325345},{"id":99886,"n":"Soin jour nourrissant Nivea Peaux sèches/sensibles - 2x50ml","p":7.11,"u":"71,10 €/L","img":"https://fd9-photos.leclercdrive.fr/image.ashx?id=2289126&use=l&cat=p&typeid=i","cat":325345},{"id":99905,"n":"Biscuits Petit Ecolier LU Chocolat blanc - 150g","p":1.82,"u":"12,13 €/KG","img":"https://fd9-photos.leclercdrive.fr/image.ashx?id=2346678&use=l&cat=p&typeid=i","cat":284488},{"id":99921,"n":"Shampooing Nateis Cheveux gris ou blancs - 250ml","p":1.4,"u":"5,60 €/L","img":"https://fd9-photos.leclercdrive.fr/image.ashx?id=2395820&use=l&cat=p&typeid=i","cat":284606},{"id":99965,"n":"Biscuit speculoos Lotus Biscoff 750g (6x125g)","p":3.88,"u":"5,17 €/KG","img":"https://fd9-photos.leclercdrive.fr/image.ashx?id=2693818&use=l&cat=p&typeid=i","cat":284487},{"id":99967,"n":"Pois chiches bio Jardin Bio Au naturel - 420g","p":2.1,"u":"5,00 €/KG","img":"https://fd9-photos.leclercdrive.fr/image.ashx?id=2971215&use=l&cat=p&typeid=i","cat":312609},{"id":99975,"n":"Vodka Zubrowka Bison grass - 37.5%vol - 70cl","p":14.85,"u":"21,21 €/L","img":"https://fd9-photos.leclercdrive.fr/image.ashx?id=2879820&use=l&cat=p&typeid=i","cat":284550},{"id":99976,"n":"Biscuit petit déjeuner Belvita Brut - 600g","p":3.68,"u":"6,13 €/KG","img":"https://fd9-photos.leclercdrive.fr/image.ashx?id=2112935&use=l&cat=p&typeid=i","cat":285281},{"id":100250,"n":"Yaourt nature sucré Kit-Kat Billes chocolat - 4x115g","p":2.77,"u":"6,02 €/KG","img":"https://fd9-photos.leclercdrive.fr/image.ashx?id=2875954&use=l&cat=p&typeid=i","cat":284414},{"id":100320,"n":"Brosse adhésive 1 pièce","p":2.29,"img":"https://fd9-photos.leclercdrive.fr/image.ashx?id=2840743&use=l&cat=p&typeid=i","cat":284669},{"id":100322,"n":"Plumeau antistatique 1 pièce","p":4.29,"img":"https://fd9-photos.leclercdrive.fr/image.ashx?id=2083972&use=l&cat=p&typeid=i","cat":325364},{"id":100352,"n":"Poudre fondante L'Oréal Paris Accord Parfait 2R Vanille rosé","p":16.0,"img":"https://fd9-photos.leclercdrive.fr/image.ashx?id=2395547&use=l&cat=p&typeid=i","cat":287029},{"id":100485,"n":"Chocolat noir Bio Village Bio Dégustation 85% cacao 100g","p":1.87,"u":"18,70 €/KG","img":"https://fd9-photos.leclercdrive.fr/image.ashx?id=2915654&use=l&cat=p&typeid=i","cat":284956},{"id":100594,"n":"Petit pois carotte Bio Village Bio - 215g","p":1.63,"u":"7,58 €/KG","img":"https://fd9-photos.leclercdrive.fr/image.ashx?id=3002692&use=l&cat=p&typeid=i","cat":312607},{"id":100595,"n":"Papier toilette Uni Vert Blanc 3 plis recyclés - x6","p":2.34,"u":"0,39 €/P","img":"https://fd9-photos.leclercdrive.fr/image.ashx?id=2571938&use=l&cat=p&typeid=i","cat":284634},{"id":100596,"n":"Petits pois fins Bio Village Bio - 230g","p":1.81,"u":"7,87 €/KG","img":"https://fd9-photos.leclercdrive.fr/image.ashx?id=3002689&use=l&cat=p&typeid=i","cat":312607},{"id":100618,"n":"Pur jus Bio Village Bio Pomme poire - 1L","p":4.17,"u":"4,17 €/L","img":"https://fd9-photos.leclercdrive.fr/image.ashx?id=2901554&use=l&cat=p&typeid=i","cat":284522},{"id":100673,"n":"Soda Coca-Cola sans sucres Bouteilles - 6x1L","p":7.45,"u":"1,24 €/L","img":"https://fd9-photos.leclercdrive.fr/image.ashx?id=2178352&use=l&cat=p&typeid=i","cat":284530},{"id":100790,"n":"Kit fajitas Old El Paso tomates poivrons - 500g","p":5.18,"u":"10,36 €/KG","img":"https://fd9-photos.leclercdrive.fr/image.ashx?id=2764628&use=l&cat=p&typeid=i","cat":288993},{"id":100792,"n":"Wraps Old El Paso de blé complet x6 - 350g","p":2.53,"u":"7,23 €/KG","img":"https://fd9-photos.leclercdrive.fr/image.ashx?id=2940573&use=l&cat=p&typeid=i","cat":288993},{"id":100979,"n":"Chocolat au lait Lindt Création Le Rocher lait - 150g","p":3.07,"u":"20,47 €/KG","img":"https://fd9-photos.leclercdrive.fr/image.ashx?id=2685805&use=l&cat=p&typeid=i","cat":284497},{"id":100989,"n":"Céréales Trésor de Kellogg's Choco Roulette - 620g","p":4.36,"u":"7,03 €/KG","img":"https://fd9-photos.leclercdrive.fr/image.ashx?id=2598337&use=l&cat=p&typeid=i","cat":309513},{"id":100991,"n":"Céréales Trésor de Kellogg's Chocolat Noisettes - 410g","p":2.93,"u":"7,15 €/KG","img":"https://fd9-photos.leclercdrive.fr/image.ashx?id=2584238&use=l&cat=p&typeid=i","cat":309513},{"id":101050,"n":"Croquette chat stérilisé Ultima  Nature - Saumon - 1.25kg","p":6.83,"u":"5,46 €/KG","img":"https://fd9-photos.leclercdrive.fr/image.ashx?id=2569962&use=l&cat=p&typeid=i","cat":284680},{"id":101056,"n":"Adoucissant concentré Hyperdou Rosée du matin - 750ml","p":1.99,"u":"2,65 €/L","img":"https://fd9-photos.leclercdrive.fr/image.ashx?id=2602910&use=l&cat=p&typeid=i","cat":284650},{"id":101058,"n":"Adoucissant concentré Hyperdou Passion tropicale - 750ml","p":1.99,"u":"2,65 €/L","img":"https://fd9-photos.leclercdrive.fr/image.ashx?id=2683565&use=l&cat=p&typeid=i","cat":284650},{"id":101059,"n":"Adoucissant concentré Hyperdou Couché soleil - 750ml","p":1.99,"u":"2,65 €/L","img":"https://fd9-photos.leclercdrive.fr/image.ashx?id=2602943&use=l&cat=p&typeid=i","cat":284650},{"id":101115,"n":"Céréales Trésor de Kellogg's Chocolat au Lait - 410g","p":3.06,"u":"7,46 €/KG","img":"https://fd9-photos.leclercdrive.fr/image.ashx?id=2584241&use=l&cat=p&typeid=i","cat":309513},{"id":101126,"n":"Bière blonde Grimbergen Pale Ale 5,5° - 6x25cl","p":5.7,"u":"3,80 €/L","img":"https://fd9-photos.leclercdrive.fr/image.ashx?id=2312801&use=l&cat=p&typeid=i","cat":334852},{"id":101231,"n":"Le Gourmand Garden Gourmet Soja, Poivre et Persil 160g","p":2.31,"u":"14,44 €/KG","img":"https://fd9-photos.leclercdrive.fr/image.ashx?id=2988683&use=l&cat=p&typeid=i","cat":316036},{"id":101300,"n":"Riz au lait Bonne Maman Nature - 4x100g","p":1.74,"u":"4,35 €/KG","img":"https://fd9-photos.leclercdrive.fr/image.ashx?id=1719310&use=l&cat=p&typeid=i","cat":284418},{"id":101324,"n":"Assiettes plates kraft Homeside 23cm - x50","p":3.64,"u":"0,07 €/P","img":"https://fd9-photos.leclercdrive.fr/image.ashx?id=1660519&use=l&cat=p&typeid=i","cat":334134},{"id":101348,"n":"Barres Chocolatées KINDER BUENO  Chocolat au Lait x12 - 516g","p":8.39,"u":"16,26 €/KG","img":"https://fd9-photos.leclercdrive.fr/image.ashx?id=2402946&use=l&cat=p&typeid=i","cat":284498},{"id":101349,"n":"Crème dessert Danette Vanille - 6x125g","p":1.9,"u":"2,53 €/KG","img":"https://fd9-photos.leclercdrive.fr/image.ashx?id=2923498&use=l&cat=p&typeid=i","cat":285041},{"id":101350,"n":"liégeois vanille danette - 4x100g","p":1.41,"u":"3,53 €/KG","img":"https://fd9-photos.leclercdrive.fr/image.ashx?id=2907848&use=l&cat=p&typeid=i","cat":285042},{"id":101374,"n":"Scotch Whisky William Peel 40% Vol - 50cl","p":10.15,"u":"20,30 €/L","img":"https://fd9-photos.leclercdrive.fr/image.ashx?id=2559214&use=l&cat=p&typeid=i","cat":284547},{"id":101416,"n":"Fourchettes en bois Homeside x20","p":1.38,"u":"0,07 €/P","img":"https://fd9-photos.leclercdrive.fr/image.ashx?id=1663733&use=l&cat=p&typeid=i","cat":334134},{"id":101418,"n":"Cuillères en bois Homeside x20","p":1.38,"u":"0,07 €/P","img":"https://fd9-photos.leclercdrive.fr/image.ashx?id=1663730&use=l&cat=p&typeid=i","cat":334134},{"id":101419,"n":"Coupelle réutilisable Homeside rouges - x4","p":0.99,"u":"0,25 €/P","img":"https://fd9-photos.leclercdrive.fr/image.ashx?id=1660507&use=l&cat=p&typeid=i","cat":334134},{"id":101426,"n":"Serviettes 3 plis Homeside noires - 40cm - x20","p":1.39,"u":"0,07 €/P","img":"https://fd9-photos.leclercdrive.fr/image.ashx?id=1660205&use=l&cat=p&typeid=i","cat":334134},{"id":101431,"n":"Plateau doré  33x43cm - x2","p":3.8,"u":"1,90 €/P","img":"https://fd9-photos.leclercdrive.fr/image.ashx?id=2940552&use=l&cat=p&typeid=i","cat":334134},{"id":101432,"n":"Plateaux dorés 34cm - x2","p":3.55,"u":"1,78 €/P","img":"https://fd9-photos.leclercdrive.fr/image.ashx?id=2940549&use=l&cat=p&typeid=i","cat":334134},{"id":101461,"n":"Pâtes Collezione Barilla Fusilli Bucati Corti - 500g","p":1.48,"u":"2,96 €/KG","img":"https://fd9-photos.leclercdrive.fr/image.ashx?id=2991003&use=l&cat=p&typeid=i","cat":284427},{"id":101467,"n":"Nappe damassée Homeside Noire - 7m","p":2.96,"img":"https://fd9-photos.leclercdrive.fr/image.ashx?id=1659759&use=l&cat=p&typeid=i","cat":334134},{"id":101476,"n":"Saladière mexicana Saupiquet 220g","p":2.44,"u":"11,09 €/KG","img":"https://fd9-photos.leclercdrive.fr/image.ashx?id=2857042&use=l&cat=p&typeid=i","cat":284437},{"id":101483,"n":"Tablette chocolat Côte d'Or Chocolat noir 70% - 100g","p":1.89,"u":"18,90 €/KG","img":"https://fd9-photos.leclercdrive.fr/image.ashx?id=2985591&use=l&cat=p&typeid=i","cat":284956},{"id":101489,"n":"Feutres de coloriage Bic Kids - x24","p":3.12,"img":"https://fd9-photos.leclercdrive.fr/image.ashx?id=2871826&use=l&cat=p&typeid=i","cat":284696},{"id":101500,"n":"Assortiment de noix Seeberger 150g","p":3.59,"u":"23,93 €/KG","img":"https://fd9-photos.leclercdrive.fr/image.ashx?id=2950627&use=l&cat=p&typeid=i","cat":316002},{"id":101502,"n":"Crème dessert Danette Vanille - 4x125g","p":1.58,"u":"3,16 €/KG","img":"https://fd9-photos.leclercdrive.fr/image.ashx?id=2029487&use=l&cat=p&typeid=i","cat":285041},{"id":101505,"n":"Jus de pruneaux Bio Village Bio - 1L","p":3.99,"u":"3,99 €/L","img":"https://fd9-photos.leclercdrive.fr/image.ashx?id=2901560&use=l&cat=p&typeid=i","cat":284915},{"id":101620,"n":"Matière grasse Rustica Omega 3 50%MG -Doux -250G","p":0.99,"u":"3,96 €/KG","img":"https://fd9-photos.leclercdrive.fr/image.ashx?id=2904583&use=l&cat=p&typeid=i","cat":315229},{"id":101629,"n":"Pur jus clémentine Bio Village Bio - 1L","p":2.99,"u":"2,99 €/L","img":"https://fd9-photos.leclercdrive.fr/image.ashx?id=2901548&use=l&cat=p&typeid=i","cat":284915},{"id":101667,"n":"Soupe liquide Bio Liebig  Mouliné de Légumes Verts - 1L","p":2.61,"u":"2,61 €/L","img":"https://fd9-photos.leclercdrive.fr/image.ashx?id=2643686&use=l&cat=p&typeid=i","cat":284462},{"id":101670,"n":"Boisson cajou Bio Bjorg Sans sucre - 1L","p":2.61,"u":"2,61 €/L","img":"https://fd9-photos.leclercdrive.fr/image.ashx?id=2979737&use=l&cat=p&typeid=i","cat":316067},{"id":101695,"n":"crème dessert chocolat danette - 8x125g","p":2.95,"u":"2,95 €/KG","img":"https://fd9-photos.leclercdrive.fr/image.ashx?id=2949841&use=l&cat=p&typeid=i","cat":285041},{"id":101696,"n":"crème dessert caramel danette - 4x125g","p":1.64,"u":"3,28 €/KG","img":"https://fd9-photos.leclercdrive.fr/image.ashx?id=2926236&use=l&cat=p&typeid=i","cat":285041},{"id":101697,"n":"crème dessert chocolat noisette danette - 4x125g","p":1.69,"u":"3,38 €/KG","img":"https://fd9-photos.leclercdrive.fr/image.ashx?id=2902630&use=l&cat=p&typeid=i","cat":285041},{"id":101701,"n":"crème dessert chocolat caramel vanille danette - 12x115g","p":3.62,"u":"2,62 €/KG","img":"https://fd9-photos.leclercdrive.fr/image.ashx?id=2949844&use=l&cat=p&typeid=i","cat":285041},{"id":101702,"n":"Crème dessert Danette Caramel - 6x125g","p":2.37,"u":"3,16 €/KG","img":"https://fd9-photos.leclercdrive.fr/image.ashx?id=2915398&use=l&cat=p&typeid=i","cat":285041},{"id":101708,"n":"liégeois chocolat danette - 8x100g","p":3.01,"u":"3,76 €/KG","img":"https://fd9-photos.leclercdrive.fr/image.ashx?id=1984897&use=l&cat=p&typeid=i","cat":285042},{"id":101709,"n":"liégeois chocolat vanille danette - 8x100g","p":2.96,"u":"3,70 €/KG","img":"https://fd9-photos.leclercdrive.fr/image.ashx?id=2926245&use=l&cat=p&typeid=i","cat":285042},{"id":101710,"n":"crème dessert chocolat noir danette - 4x125g","p":1.69,"u":"3,38 €/KG","img":"https://fd9-photos.leclercdrive.fr/image.ashx?id=2927294&use=l&cat=p&typeid=i","cat":285041},{"id":101711,"n":"Crème dessert Danette Chocolat Vanille - 12x115g","p":3.75,"u":"2,72 €/KG","img":"https://fd9-photos.leclercdrive.fr/image.ashx?id=2228528&use=l&cat=p&typeid=i","cat":285041},{"id":101712,"n":"crème dessert 3 chocolats danette - 12x115g","p":3.81,"u":"2,76 €/KG","img":"https://fd9-photos.leclercdrive.fr/image.ashx?id=2949847&use=l&cat=p&typeid=i","cat":285041},{"id":101713,"n":"Gambetta Apéritif Tradition Sans Alcool - 75cl","p":5.81,"u":"7,75 €/L","img":"https://fd9-photos.leclercdrive.fr/image.ashx?id=2431683&use=l&cat=p&typeid=i","cat":284549},{"id":101715,"n":"Petit beurre Michel et Augustin Comté poivre noir - 100g","p":2.44,"u":"24,40 €/KG","img":"https://fd9-photos.leclercdrive.fr/image.ashx?id=2108975&use=l&cat=p&typeid=i","cat":297000},{"id":101742,"n":"Cookies Michel et Augustin Coeur Choco Pécan caramel-180g","p":3.23,"pp":2.58,"u":"14,33 €/KG","img":"https://fd9-photos.leclercdrive.fr/image.ashx?id=2538908&use=l&cat=p&typeid=i","cat":325066},{"id":101762,"n":"Noix de St Jacques Eco+ Sans corail - MSC - 300g","p":6.85,"u":"22,83 €/KG","img":"https://fd9-photos.leclercdrive.fr/image.ashx?id=2790868&use=l&cat=p&typeid=i","cat":319787},{"id":101837,"n":"Pastilles anti-calcaire Texil x48","p":4.6,"u":"0,10 €/P","img":"https://fd9-photos.leclercdrive.fr/image.ashx?id=2964583&use=l&cat=p&typeid=i","cat":284653},{"id":102006,"n":"Gel bain douche Manava Pamplemousse raisin blanc-500ml","p":2.37,"u":"4,74 €/L","img":"https://fd9-photos.leclercdrive.fr/image.ashx?id=2652870&use=l&cat=p&typeid=i","cat":284594},{"id":102007,"n":"Gel douche Manava Gommant - 250ml","p":1.3,"u":"5,20 €/L","img":"https://fd9-photos.leclercdrive.fr/image.ashx?id=2805042&use=l&cat=p&typeid=i","cat":284594},{"id":102008,"n":"Gel douche Manava Sans savon - 500ml","p":1.82,"u":"3,64 €/L","img":"https://fd9-photos.leclercdrive.fr/image.ashx?id=2741303&use=l&cat=p&typeid=i","cat":284594},{"id":102011,"n":"Crème désaltérante jour So Bio  Aloe Vera bio  - 50ml","p":7.94,"u":"158,80 €/L","img":"https://fd9-photos.leclercdrive.fr/image.ashx?id=2644223&use=l&cat=p&typeid=i","cat":325345},{"id":102022,"n":"Anti-âge Skinactive Garnier Lavandin bio - 50ml","p":9.47,"u":"189,40 €/L","img":"https://fd9-photos.leclercdrive.fr/image.ashx?id=2353776&use=l&cat=p&typeid=i","cat":325345},{"id":102068,"n":"Poudre détachante - 500g Spéciale textiles - UNI VERT","p":3.99,"u":"7,98 €/KG","img":"https://fd9-photos.leclercdrive.fr/image.ashx?id=2869299&use=l&cat=p&typeid=i","cat":284651},{"id":102077,"n":"Champignons de Paris bruns bio Bio Village - Barquette 200g","p":2.49,"u":"12,45 €/KG","img":"https://fd9-photos.leclercdrive.fr/image.ashx?id=2960559&use=l&cat=p&typeid=i","cat":284352},{"id":102094,"n":"Tablette de chocolat noir Lindt Noir : 78% cacao - 2x100g","p":4.24,"u":"21,20 €/KG","img":"https://fd9-photos.leclercdrive.fr/image.ashx?id=2214744&use=l&cat=p&typeid=i","cat":284956},{"id":102103,"n":"Eau gazeuse St Yorre 6x1,15L","p":3.17,"u":"0,46 €/L","img":"https://fd9-photos.leclercdrive.fr/image.ashx?id=2877730&use=l&cat=p&typeid=i","cat":284536},{"id":102104,"n":"Eau Aromatisée Vittel Aro bio Citron - 1L","p":1.05,"u":"1,05 €/L","img":"https://fd9-photos.leclercdrive.fr/image.ashx?id=2737093&use=l&cat=p&typeid=i","cat":284537},{"id":102234,"n":"Nouvelle recharge Smarteo + 1 pièce","p":5.65,"img":"https://fd9-photos.leclercdrive.fr/image.ashx?id=2570433&use=l&cat=p&typeid=i","cat":284669},{"id":102335,"n":"Céréales muesli proteines Bio  bjorg soja - 375g","p":3.05,"u":"8,13 €/KG","img":"https://fd9-photos.leclercdrive.fr/image.ashx?id=2906205&use=l&cat=p&typeid=i","cat":309512},{"id":102374,"n":"Bière sans alcool Tourtel Twist Cerise 0,0° - 6x27,5cl","p":4.62,"u":"2,80 €/L","img":"https://fd9-photos.leclercdrive.fr/image.ashx?id=2688803&use=l&cat=p&typeid=i","cat":334877},{"id":102378,"n":"Eau plate Voss  80cl","p":3.35,"u":"4,19 €/L","img":"https://fd9-photos.leclercdrive.fr/image.ashx?id=2006870&use=l&cat=p&typeid=i","cat":284535},{"id":102379,"n":"Eau gazeuse Voss  80cl","p":3.32,"u":"4,15 €/L","img":"https://fd9-photos.leclercdrive.fr/image.ashx?id=2006876&use=l&cat=p&typeid=i","cat":284536},{"id":102406,"n":"Perle De Cidre Val de France Brut - 75cl","p":3.9,"u":"5,20 €/L","img":"https://fd9-photos.leclercdrive.fr/image.ashx?id=1750139&use=l&cat=p&typeid=i","cat":334880},{"id":102407,"n":"Perle De Cidre Val de Rance Fruité - 75cl","p":3.9,"u":"5,20 €/L","img":"https://fd9-photos.leclercdrive.fr/image.ashx?id=1750142&use=l&cat=p&typeid=i","cat":334880},{"id":102418,"n":"Tarte citron meringuée 650g","p":8.95,"u":"13,77 €/KG","img":"https://fd9-photos.leclercdrive.fr/image.ashx?id=2663374&use=l&cat=p&typeid=i","cat":284360},{"id":102439,"n":"Purée amandes Bio Ethiquable Complètes - 170g","p":4.96,"u":"29,18 €/KG","img":"https://fd9-photos.leclercdrive.fr/image.ashx?id=2875501&use=l&cat=p&typeid=i","cat":284481},{"id":102441,"n":"Riz jasmin Ethiquable bio Riz complet cambodge - 500g","p":2.98,"u":"5,96 €/KG","img":"https://fd9-photos.leclercdrive.fr/image.ashx?id=2875507&use=l&cat=p&typeid=i","cat":284428},{"id":102480,"n":"Petits Suisses Gervais 9,5%MG - 12x60g","p":2.5,"u":"3,47 €/KG","img":"https://fd9-photos.leclercdrive.fr/image.ashx?id=2230381&use=l&cat=p&typeid=i","cat":284409},{"id":102529,"n":"Farine Bio Paysans d'Ici Farine de sarrasin - 500g","p":3.09,"u":"6,18 €/KG","img":"https://fd9-photos.leclercdrive.fr/image.ashx?id=2916312&use=l&cat=p&typeid=i","cat":284503},{"id":102574,"n":"Baguette Grillée Briochée Roger 180g","p":2.3,"u":"12,78 €/KG","img":"https://fd9-photos.leclercdrive.fr/image.ashx?id=2876380&use=l&cat=p&typeid=i","cat":284479},{"id":102660,"n":"DOC Prosecco blanc Vilaveroni Bio - 75cl","p":9.1,"u":"12,13 €/L","img":"https://fd9-photos.leclercdrive.fr/image.ashx?id=2504236&use=l&cat=p&typeid=i","cat":289461},{"id":102661,"n":"Thé vert bio Jardin Bio Digestion x20 - 30g","p":2.47,"u":"82,33 €/KG","img":"https://fd9-photos.leclercdrive.fr/image.ashx?id=3014527&use=l&cat=p&typeid=i","cat":293233},{"id":102665,"n":"AOC Crémant Bordeaux Jaillance Brut - 75cl","p":6.56,"u":"8,75 €/L","img":"https://fd9-photos.leclercdrive.fr/image.ashx?id=2868437&use=l&cat=p&typeid=i","cat":284545},{"id":102669,"n":"Capsules café L'Or Espresso Or Rose N°7 x10","p":3.5,"u":"67,31 €/KG","img":"https://fd9-photos.leclercdrive.fr/image.ashx?id=2100290&use=l&cat=p&typeid=i","cat":284749},{"id":102676,"n":"Capsules café L'Or Barista Double Espresso N°7 x10","p":5.03,"u":"48,37 €/KG","img":"https://fd9-photos.leclercdrive.fr/image.ashx?id=1742978&use=l&cat=p&typeid=i","cat":284749},{"id":102686,"n":"Capsules café L'Or Barista Double Espresso N°11 x10","p":5.2,"u":"50,00 €/KG","img":"https://fd9-photos.leclercdrive.fr/image.ashx?id=2857908&use=l&cat=p&typeid=i","cat":284749},{"id":102695,"n":"Friandises chien Pedigree Ranchos original bœuf - 70g","p":2.59,"u":"37,00 €/KG","img":"https://fd9-photos.leclercdrive.fr/image.ashx?id=2897279&use=l&cat=p&typeid=i","cat":294527},{"id":102699,"n":"Billes chocolatées Lindt Crispy céréales soufflées - 140g","p":2.73,"u":"19,50 €/KG","img":"https://fd9-photos.leclercdrive.fr/image.ashx?id=2425083&use=l&cat=p&typeid=i","cat":304238},{"id":102819,"n":"Panaché Falsbourg Grenadine <0,5% - 20x25cl","p":5.99,"u":"1,20 €/L","img":"https://fd9-photos.leclercdrive.fr/image.ashx?id=2637964&use=l&cat=p&typeid=i","cat":334877},{"id":102834,"n":"Fils Copains Copines Colorés - 200g","p":1.09,"u":"5,45 €/KG","img":"https://fd9-photos.leclercdrive.fr/image.ashx?id=2934748&use=l&cat=p&typeid=i","cat":304250},{"id":102879,"n":"Saucisson au taureau  Le Batistou - 250g","p":6.89,"u":"27,56 €/KG","img":"https://fd9-photos.leclercdrive.fr/image.ashx?id=2513986&use=l&cat=p&typeid=i","cat":316006},{"id":102977,"n":"Bâtonnets Chocolat au lait Chaque jour sans gluten - 125g","p":3.91,"u":"31,28 €/KG","img":"https://fd9-photos.leclercdrive.fr/image.ashx?id=2419885&use=l&cat=p&typeid=i","cat":318654},{"id":103014,"n":"Sauce fajitas Old El Paso à cuisiner extra doux - 395g","p":2.0,"u":"5,06 €/KG","img":"https://fd9-photos.leclercdrive.fr/image.ashx?id=2737618&use=l&cat=p&typeid=i","cat":288993},{"id":103027,"n":"AOC Bordeaux Supérieur rouge Haussmann Baron Eugène - 75cl","p":5.1,"pp":3.57,"u":"4,76 €/L","img":"https://fd9-photos.leclercdrive.fr/image.ashx?id=1663474&use=l&cat=p&typeid=i","cat":289556},{"id":103036,"n":"Pâte brisée Marie Pur beurre - 230g","p":1.48,"u":"6,43 €/KG","img":"https://fd9-photos.leclercdrive.fr/image.ashx?id=2318540&use=l&cat=p&typeid=i","cat":333681},{"id":103046,"n":"Céréales Trésor Kellogg's Chocolat Noisette - 750g","p":4.27,"u":"5,69 €/KG","img":"https://fd9-photos.leclercdrive.fr/image.ashx?id=2586291&use=l&cat=p&typeid=i","cat":309513},{"id":103047,"n":"Nutella Biscuit pâte à tartiner Cacao Noisettes - 304g","p":3.01,"u":"9,90 €/KG","img":"https://fd9-photos.leclercdrive.fr/image.ashx?id=2896432&use=l&cat=p&typeid=i","cat":284488},{"id":103050,"n":"Céréales Trésor de Kellogg's Chocolat au lait - 750g","p":5.07,"u":"6,76 €/KG","img":"https://fd9-photos.leclercdrive.fr/image.ashx?id=1662239&use=l&cat=p&typeid=i","cat":309513},{"id":103063,"n":"Paille Pik Haribo Sachet bonbons acidulés - 180g","p":1.86,"u":"10,33 €/KG","img":"https://fd9-photos.leclercdrive.fr/image.ashx?id=2984922&use=l&cat=p&typeid=i","cat":304250},{"id":103074,"n":"Tajine de Légumes Grillés Cassegrain à la Coriandre 375g","p":3.7,"u":"9,87 €/KG","img":"https://fd9-photos.leclercdrive.fr/image.ashx?id=2636955&use=l&cat=p&typeid=i","cat":312612},{"id":103078,"n":"Cocobat Haribo Sachet bonbons réglisse - 300g","p":2.09,"u":"6,97 €/KG","img":"https://fd9-photos.leclercdrive.fr/image.ashx?id=2805231&use=l&cat=p&typeid=i","cat":304250},{"id":103093,"n":"Beurre gastronomique Président Doux - 82% MG - 225g","p":3.02,"u":"13,42 €/KG","img":"https://fd9-photos.leclercdrive.fr/image.ashx?id=2653417&use=l&cat=p&typeid=i","cat":284379},{"id":103094,"n":"Crème légère semi épaisse  Bridélice 18%mg - 2x25cl","p":2.82,"u":"5,64 €/L","img":"https://fd9-photos.leclercdrive.fr/image.ashx?id=2806156&use=l&cat=p&typeid=i","cat":284381},{"id":103144,"n":"Bière blonde Bud 5% - 6x25cl","p":5.43,"u":"3,62 €/L","img":"https://fd9-photos.leclercdrive.fr/image.ashx?id=2481032&use=l&cat=p&typeid=i","cat":334873},{"id":103157,"n":"Rissolées Pom Bistro à la Graisse de Canard - 500g","p":3.53,"u":"7,06 €/KG","img":"https://fd9-photos.leclercdrive.fr/image.ashx?id=2866430&use=l&cat=p&typeid=i","cat":319792},{"id":103158,"n":"Tartine Grilletine de Pasquier Sans sucre ajouté - x18 - 255g","p":2.2,"u":"8,63 €/KG","img":"https://fd9-photos.leclercdrive.fr/image.ashx?id=2333057&use=l&cat=p&typeid=i","cat":284479},{"id":103183,"n":"Bières blonde Desperados Lime - 6x33cl","p":7.86,"u":"3,97 €/L","img":"https://fd9-photos.leclercdrive.fr/image.ashx?id=2638163&use=l&cat=p&typeid=i","cat":334878},{"id":103184,"n":"IGP Cidre doux Val de Rance De Dégustation Bretagne - 75cl","p":2.95,"u":"3,93 €/L","img":"https://fd9-photos.leclercdrive.fr/image.ashx?id=2020722&use=l&cat=p&typeid=i","cat":334880},{"id":103185,"n":"Eau minérale naturelle Volvic fontaine - 8L","p":2.84,"u":"0,36 €/L","img":"https://fd9-photos.leclercdrive.fr/image.ashx?id=2771675&use=l&cat=p&typeid=i","cat":284535},{"id":103186,"n":"Boisson Citronnade Jafaden 1.5L","p":1.31,"u":"0,87 €/L","img":"https://fd9-photos.leclercdrive.fr/image.ashx?id=2591415&use=l&cat=p&typeid=i","cat":295018},{"id":103189,"n":"IGP Cidre Brut Val de Rance De dégustation Bretagne 75cl","p":2.96,"u":"3,95 €/L","img":"https://fd9-photos.leclercdrive.fr/image.ashx?id=2020719&use=l&cat=p&typeid=i","cat":334880},{"id":103191,"n":"Bière sans alcool Tourtel Twist Pêche 0,0° - 6x27,5cl","p":4.04,"u":"2,45 €/L","img":"https://fd9-photos.leclercdrive.fr/image.ashx?id=2896564&use=l&cat=p&typeid=i","cat":334877},{"id":103207,"n":"Noix de Cajou grillées Non salées - 175g","p":4.6,"u":"26,29 €/KG","img":"https://fd9-photos.leclercdrive.fr/image.ashx?id=2298541&use=l&cat=p&typeid=i","cat":316002},{"id":103259,"n":"IGP Méditerrannée rouge Cellier des Dauphins 6x25cl","p":8.67,"u":"5,78 €/L","img":"https://fd9-photos.leclercdrive.fr/image.ashx?id=2338144&use=l&cat=p&typeid=i","cat":289556},{"id":103260,"n":"Complément alimentaire Biosens Stimulant minceur Bio - 23g","p":4.56,"u":"198,26 €/KG","img":"https://fd9-photos.leclercdrive.fr/image.ashx?id=2084645&use=l&cat=p&typeid=i","cat":284632},{"id":103266,"n":"Complément alimentaire Biosens Bio Jambe légère - 27g","p":5.76,"u":"213,33 €/KG","img":"https://fd9-photos.leclercdrive.fr/image.ashx?id=2190587&use=l&cat=p&typeid=i","cat":284632},{"id":103269,"n":"Gaufres fourrées Lotus Coeur fondant vanille - 310g","p":2.84,"u":"9,16 €/KG","img":"https://fd9-photos.leclercdrive.fr/image.ashx?id=2695890&use=l&cat=p&typeid=i","cat":294777},{"id":103270,"n":"The bio tuocha kilo Biosens Tenace - 30g","p":2.86,"u":"95,33 €/KG","img":"https://fd9-photos.leclercdrive.fr/image.ashx?id=2985288&use=l&cat=p&typeid=i","cat":284632},{"id":103272,"n":"Gellules vegan Biosens Activateur transit bio - 24g","p":4.96,"u":"206,67 €/KG","img":"https://fd9-photos.leclercdrive.fr/image.ashx?id=2190251&use=l&cat=p&typeid=i","cat":284632},{"id":103273,"n":"Thé bio Biosens Brûle graisse x20 - 30g","p":2.84,"u":"94,67 €/KG","img":"https://fd9-photos.leclercdrive.fr/image.ashx?id=2986558&use=l&cat=p&typeid=i","cat":293234},{"id":103285,"n":"Poisson pané Findus Colin  Alaska Fish and Chips x4 - 400g","p":2.84,"u":"7,10 €/KG","img":"https://fd9-photos.leclercdrive.fr/image.ashx?id=2985348&use=l&cat=p&typeid=i","cat":319788},{"id":103300,"n":"Infusion Jardin Bio Digestion bio - 20 sachet - 28g","p":2.71,"u":"96,79 €/KG","img":"https://fd9-photos.leclercdrive.fr/image.ashx?id=2990685&use=l&cat=p&typeid=i","cat":293234},{"id":103302,"n":"Miel squeeze Jardin Biologique 250ml","p":3.76,"u":"15,04 €/L","img":"https://fd9-photos.leclercdrive.fr/image.ashx?id=2668572&use=l&cat=p&typeid=i","cat":287643},{"id":103304,"n":"Litière chats Tranquille L'hygiène - 2.7kg","p":5.3,"u":"1,96 €/KG","img":"https://fd9-photos.leclercdrive.fr/image.ashx?id=1849639&use=l&cat=p&typeid=i","cat":284683},{"id":103315,"n":"AOP Côtes de Provence rosé Château Reillanne - 75cl","p":8.5,"u":"11,33 €/L","img":"https://fd9-photos.leclercdrive.fr/image.ashx?id=2669487&use=l&cat=p&typeid=i","cat":289558},{"id":103381,"n":"Whisky Grant's  Triple wood 40%vol - 70cl","p":12.39,"u":"17,70 €/L","img":"https://fd9-photos.leclercdrive.fr/image.ashx?id=2866022&use=l&cat=p&typeid=i","cat":284547},{"id":103384,"n":"IGP Whisky Grant's  Triple wood - 40%vol - 1L","p":17.14,"u":"17,14 €/L","img":"https://fd9-photos.leclercdrive.fr/image.ashx?id=2917531&use=l&cat=p&typeid=i","cat":284547},{"id":103437,"n":"Wrap multigrains Mission 370g","p":2.9,"u":"7,84 €/KG","img":"https://fd9-photos.leclercdrive.fr/image.ashx?id=2890505&use=l&cat=p&typeid=i","cat":288993},{"id":103439,"n":"Wrap au blé complet 370g","p":2.58,"u":"6,97 €/KG","img":"https://fd9-photos.leclercdrive.fr/image.ashx?id=2890508&use=l&cat=p&typeid=i","cat":288993},{"id":103451,"n":"Lingettes sensitive Pampers 4x52","p":6.5,"u":"0,03 €/P","img":"https://fd9-photos.leclercdrive.fr/image.ashx?id=2849280&use=l&cat=p&typeid=i","cat":284738},{"id":103453,"n":"Panaché Falsbourg Grenadine - <0,5% vol. - 6x25cl","p":2.71,"u":"1,81 €/L","img":"https://fd9-photos.leclercdrive.fr/image.ashx?id=2637961&use=l&cat=p&typeid=i","cat":334877},{"id":103458,"n":"Vinaigre balsamique Maille Offre saisonnière - 75cl","p":4.39,"u":"5,85 €/L","img":"https://fd9-photos.leclercdrive.fr/image.ashx?id=2805678&use=l&cat=p&typeid=i","cat":298543},{"id":103470,"n":"Croquettes chat Purina One Poulet chat adulte - 450g","p":2.86,"u":"6,36 €/KG","img":"https://fd9-photos.leclercdrive.fr/image.ashx?id=2902265&use=l&cat=p&typeid=i","cat":284680},{"id":103479,"n":"Tartine Petit Dej Jacquet Complet - 410g","p":1.68,"u":"4,10 €/KG","img":"https://fd9-photos.leclercdrive.fr/image.ashx?id=2991849&use=l&cat=p&typeid=i","cat":284477},{"id":103500,"n":"Panaché Falsbourg <0.5% vol. - 20x25cl","p":5.95,"u":"1,19 €/L","img":"https://fd9-photos.leclercdrive.fr/image.ashx?id=2637970&use=l&cat=p&typeid=i","cat":334877},{"id":103503,"n":"Capsules Nescafé Dolce Gusto  Espresso Intenso - x16","p":4.64,"u":"41,43 €/KG","img":"https://fd9-photos.leclercdrive.fr/image.ashx?id=3009110&use=l&cat=p&typeid=i","cat":293239},{"id":103505,"n":"Barre de céréales Nature Valley Protéine chocolat x4-160g","p":2.72,"u":"17,00 €/KG","img":"https://fd9-photos.leclercdrive.fr/image.ashx?id=2657000&use=l&cat=p&typeid=i","cat":285869},{"id":103509,"n":"Yaourt à boire Yop Aromatisé Fraise - 825g","p":1.83,"u":"2,22 €/KG","img":"https://fd9-photos.leclercdrive.fr/image.ashx?id=2855564&use=l&cat=p&typeid=i","cat":284415},{"id":103543,"n":"Crème glacée Haagen Dazs Caramel Biscuit cream - 560g","p":5.37,"u":"9,59 €/KG","img":"https://fd9-photos.leclercdrive.fr/image.ashx?id=2893414&use=l&cat=p&typeid=i","cat":284725},{"id":103561,"n":"Barre de céréales Nature Valley  Protéine caramel salé x4 - 160","p":2.89,"u":"18,06 €/KG","img":"https://fd9-photos.leclercdrive.fr/image.ashx?id=2657003&use=l&cat=p&typeid=i","cat":285869},{"id":103563,"n":"Batonnets de glace Nuii Salted Caramel macadamia - 272g","p":4.27,"u":"15,70 €/KG","img":"https://fd9-photos.leclercdrive.fr/image.ashx?id=2506798&use=l&cat=p&typeid=i","cat":284265},{"id":103566,"n":"Batonnets de glaces Nuii Almond & java vanilla - x4","p":4.27,"u":"15,93 €/KG","img":"https://fd9-photos.leclercdrive.fr/image.ashx?id=2506801&use=l&cat=p&typeid=i","cat":284265},{"id":103621,"n":"Crème glacée Häagen-Dazs  Vanille pécan - 400g","p":4.37,"u":"10,93 €/KG","img":"https://fd9-photos.leclercdrive.fr/image.ashx?id=2893438&use=l&cat=p&typeid=i","cat":284725},{"id":103622,"n":"Crème glacée Häagen-Dazs Caramel speculoos Lotus - 400g","p":4.78,"u":"11,95 €/KG","img":"https://fd9-photos.leclercdrive.fr/image.ashx?id=2893441&use=l&cat=p&typeid=i","cat":284725},{"id":103661,"n":"Crème glacée Häagen-Dazs  Vanille caramel brownie - 386g","p":4.75,"u":"12,31 €/KG","img":"https://fd9-photos.leclercdrive.fr/image.ashx?id=2893468&use=l&cat=p&typeid=i","cat":284725},{"id":103680,"n":"Mini pots Häagen-Dazs Vanille  noix de macadamia x4 - 324g","p":4.72,"u":"14,57 €/KG","img":"https://fd9-photos.leclercdrive.fr/image.ashx?id=3000162&use=l&cat=p&typeid=i","cat":284725},{"id":103684,"n":"Mini pots Häagen-Dazs  Favorite selection x4 - 318g","p":4.78,"u":"15,03 €/KG","img":"https://fd9-photos.leclercdrive.fr/image.ashx?id=3000165&use=l&cat=p&typeid=i","cat":284725},{"id":103697,"n":"Dentifrice Integral 8 Signal Nature Elements Charbon 75ml","p":1.76,"u":"23,47 €/L","img":"https://fd9-photos.leclercdrive.fr/image.ashx?id=2974662&use=l&cat=p&typeid=i","cat":284612},{"id":103780,"n":"Pâte feuilletée Marie Pur beurre - 230g","p":1.35,"u":"5,87 €/KG","img":"https://fd9-photos.leclercdrive.fr/image.ashx?id=2318543&use=l&cat=p&typeid=i","cat":333681},{"id":103800,"n":"Bière blonde Leffe  6,6% - 12x25cl","p":9.85,"u":"3,28 €/L","img":"https://fd9-photos.leclercdrive.fr/image.ashx?id=2995424&use=l&cat=p&typeid=i","cat":334852},{"id":103813,"n":"Yaourt à boire Yop Aromatisé Vanille - 825g","p":1.86,"u":"2,25 €/KG","img":"https://fd9-photos.leclercdrive.fr/image.ashx?id=2855570&use=l&cat=p&typeid=i","cat":284415},{"id":103818,"n":"Mangue Douceur du Verger Morceaux - 650g","p":5.71,"u":"8,78 €/KG","img":"https://fd9-photos.leclercdrive.fr/image.ashx?id=2898257&use=l&cat=p&typeid=i","cat":284268},{"id":103820,"n":"Mini pots de glace bonbons Smicy - x6 - 300g","p":3.69,"u":"12,30 €/KG","img":"https://fd9-photos.leclercdrive.fr/image.ashx?id=2064612&use=l&cat=p&typeid=i","cat":285250},{"id":103821,"n":"Glace cônes Smicy Bonbons - x8 - 328g","p":3.45,"u":"10,52 €/KG","img":"https://fd9-photos.leclercdrive.fr/image.ashx?id=2698174&use=l&cat=p&typeid=i","cat":285250},{"id":103844,"n":"IGP Ile de Beauté vin rosé Terres Ocrées 12% vol - 75cl","p":3.99,"u":"5,32 €/L","img":"https://fd9-photos.leclercdrive.fr/image.ashx?id=2846526&use=l&cat=p&typeid=i","cat":289558},{"id":103885,"n":"Fromage Cœur de Lion  Pointe de Brie - 200g","p":2.05,"u":"10,25 €/KG","img":"https://fd9-photos.leclercdrive.fr/image.ashx?id=2770416&use=l&cat=p&typeid=i","cat":314033},{"id":103891,"n":"Crème glacée Häagen-Dazs  Caramel au beurre salé - 400g","p":4.44,"u":"11,10 €/KG","img":"https://fd9-photos.leclercdrive.fr/image.ashx?id=2893435&use=l&cat=p&typeid=i","cat":284725},{"id":103914,"n":"Whisky Bushmill's Classic 40%vol - 70cl","p":16.83,"u":"24,04 €/L","img":"https://fd9-photos.leclercdrive.fr/image.ashx?id=2484449&use=l&cat=p&typeid=i","cat":284547},{"id":103915,"n":"Mimolette jeune Les Croisés 350g","p":3.23,"u":"9,23 €/KG","img":"https://fd9-photos.leclercdrive.fr/image.ashx?id=2046499&use=l&cat=p&typeid=i","cat":314028},{"id":103922,"n":"Batonnets Nuii White chocolate&scandinavia x4","p":4.27,"u":"1,07 €/P","img":"https://fd9-photos.leclercdrive.fr/image.ashx?id=2922149&use=l&cat=p&typeid=i","cat":284265},{"id":103957,"n":"Pierre du droguiste Briochin Ecocert - 300g","p":6.79,"u":"22,63 €/KG","img":"https://fd9-photos.leclercdrive.fr/image.ashx?id=3011395&use=l&cat=p&typeid=i","cat":325365},{"id":103991,"n":"Pâtes De Cecco Spaghetti n°12  - 500g","p":1.69,"u":"3,38 €/KG","img":"https://fd9-photos.leclercdrive.fr/image.ashx?id=2974033&use=l&cat=p&typeid=i","cat":284427},{"id":103993,"n":"IGP Méditerranée rosé St Sagnol - 75cl","p":3.88,"u":"5,17 €/L","img":"https://fd9-photos.leclercdrive.fr/image.ashx?id=2923768&use=l&cat=p&typeid=i","cat":289558},{"id":104008,"n":"Jus innocent tutti frutti 900ml","p":2.97,"u":"3,30 €/L","img":"https://fd9-photos.leclercdrive.fr/image.ashx?id=2861737&use=l&cat=p&typeid=i","cat":285435},{"id":104019,"n":"Rhum paille St James 40%vol - 70cl","p":12.98,"u":"18,54 €/L","img":"https://fd9-photos.leclercdrive.fr/image.ashx?id=2970867&use=l&cat=p&typeid=i","cat":284550},{"id":104042,"n":"Croissants et pains au chocolat  10x1P","p":5.95,"u":"0,60 €/P","img":"https://fd9-photos.leclercdrive.fr/image.ashx?id=637558&use=l&cat=p&typeid=i","cat":284984},{"id":104062,"n":"Brioches Doowap Harrys X8 -320g Pépites choco sans additif","p":2.33,"u":"7,28 €/KG","img":"https://fd9-photos.leclercdrive.fr/image.ashx?id=2502998&use=l&cat=p&typeid=i","cat":293505},{"id":104086,"n":"AOP Bordeaux vin rosé  Jules Lebergue - 75cl","p":4.4,"u":"5,87 €/L","img":"https://fd9-photos.leclercdrive.fr/image.ashx?id=2425733&use=l&cat=p&typeid=i","cat":289558},{"id":104089,"n":"AOP Champagne Fondateur Vranken Brut - 75cl","p":17.9,"u":"23,87 €/L","img":"https://fd9-photos.leclercdrive.fr/image.ashx?id=2662012&use=l&cat=p&typeid=i","cat":284542},{"id":104092,"n":"Tagada Zip Fraîcheur Haribo Sachet bonbons - 220g","p":1.5,"u":"6,82 €/KG","img":"https://fd9-photos.leclercdrive.fr/image.ashx?id=2802359&use=l&cat=p&typeid=i","cat":304250},{"id":104097,"n":"Fruits au sirop St Mamet Pêche douceur - 4x65g","p":3.27,"u":"12,58 €/KG","img":"https://fd9-photos.leclercdrive.fr/image.ashx?id=2429224&use=l&cat=p&typeid=i","cat":284507},{"id":104105,"n":"Cerneaux de noix pécan Vahiné 50g","p":1.96,"u":"39,20 €/KG","img":"https://fd9-photos.leclercdrive.fr/image.ashx?id=2474314&use=l&cat=p&typeid=i","cat":284504},{"id":104109,"n":"Les Timbales Gourmet Gold Boeuf plet saumon - 12x85g","p":7.09,"u":"6,95 €/KG","img":"https://fd9-photos.leclercdrive.fr/image.ashx?id=2861764&use=l&cat=p&typeid=i","cat":285286},{"id":104110,"n":"Fruits au sirop St Mamet Cocktail de fruits - 4x65g","p":3.03,"u":"11,65 €/KG","img":"https://fd9-photos.leclercdrive.fr/image.ashx?id=2429230&use=l&cat=p&typeid=i","cat":284507},{"id":104113,"n":"Brioches Doowap Harrys X12-480g Pépites choco sans additif","p":3.57,"u":"7,44 €/KG","img":"https://fd9-photos.leclercdrive.fr/image.ashx?id=2503001&use=l&cat=p&typeid=i","cat":293505},{"id":104114,"n":"Brioches Doowap Harrys X8 -320g Pépites choco lait sans additif","p":2.41,"u":"7,53 €/KG","img":"https://fd9-photos.leclercdrive.fr/image.ashx?id=2503004&use=l&cat=p&typeid=i","cat":293505},{"id":104115,"n":"Brioches Doowap Harrys X12-480g Pépites choco lait sans additif","p":3.6,"u":"7,50 €/KG","img":"https://fd9-photos.leclercdrive.fr/image.ashx?id=2503007&use=l&cat=p&typeid=i","cat":293505},{"id":104117,"n":"Palets pur beurre Mère Poulard 125g","p":1.65,"u":"13,20 €/KG","img":"https://fd9-photos.leclercdrive.fr/image.ashx?id=2907018&use=l&cat=p&typeid=i","cat":284487},{"id":104121,"n":"Noix de cajou Benenuts Grillées à sec -165g","p":4.77,"u":"28,91 €/KG","img":"https://fd9-photos.leclercdrive.fr/image.ashx?id=2391786&use=l&cat=p&typeid=i","cat":284448},{"id":104133,"n":"Pépites chocolat au lait Vahiné 200g","p":3.92,"u":"19,60 €/KG","img":"https://fd9-photos.leclercdrive.fr/image.ashx?id=2559784&use=l&cat=p&typeid=i","cat":284504},{"id":104188,"n":"Chips Tyrrell's Légèrement salées - 150g","p":2.19,"u":"14,60 €/KG","img":"https://fd9-photos.leclercdrive.fr/image.ashx?id=2924731&use=l&cat=p&typeid=i","cat":284447},{"id":104193,"n":"Coton-tiges Inell Recharge Tiges papier - x160","p":0.4,"img":"https://fd9-photos.leclercdrive.fr/image.ashx?id=2440775&use=l&cat=p&typeid=i","cat":284636},{"id":104194,"n":"Coton-tige Lotus Bio - x160 bâtonnets","p":0.83,"img":"https://fd9-photos.leclercdrive.fr/image.ashx?id=2506840&use=l&cat=p&typeid=i","cat":284636},{"id":104293,"n":"Pépites chunks Vahine 3 chocolats - 100g","p":2.79,"u":"27,90 €/KG","img":"https://fd9-photos.leclercdrive.fr/image.ashx?id=2559871&use=l&cat=p&typeid=i","cat":284504},{"id":104296,"n":"Mon 1er biscuit bio Hipp Bio Dès 6 mois - 180g","p":2.41,"u":"13,39 €/KG","img":"https://fd9-photos.leclercdrive.fr/image.ashx?id=2788823&use=l&cat=p&typeid=i","cat":312227},{"id":104324,"n":"Pâtes de Fruits GERBLE   -  6 sachets 162g","p":2.61,"u":"16,11 €/KG","img":"https://fd9-photos.leclercdrive.fr/image.ashx?id=2664082&use=l&cat=p&typeid=i","cat":318652},{"id":104349,"n":"AOP Cabernet d'Anjou rosé Plessis-Duval - 3L","p":16.88,"u":"5,63 €/L","img":"https://fd9-photos.leclercdrive.fr/image.ashx?id=2941038&use=l&cat=p&typeid=i","cat":289558},{"id":104468,"n":"Fromage apéritif Apéricube Long drink 48 cubes","p":4.17,"u":"16,68 €/KG","img":"https://fd9-photos.leclercdrive.fr/image.ashx?id=2882674&use=l&cat=p&typeid=i","cat":314027},{"id":104470,"n":"Fromage apéritif Apéricube Tonic 48 cubes","p":4.35,"u":"17,40 €/KG","img":"https://fd9-photos.leclercdrive.fr/image.ashx?id=2882677&use=l&cat=p&typeid=i","cat":314027},{"id":104471,"n":"Fromage apéritif Apericube  Cocktail 48 cubes","p":4.17,"u":"16,68 €/KG","img":"https://fd9-photos.leclercdrive.fr/image.ashx?id=2882680&use=l&cat=p&typeid=i","cat":314027},{"id":104485,"n":"Tropicana Jus d'orange Sans pulpe - 90cl","p":2.88,"u":"3,20 €/L","img":"https://fd9-photos.leclercdrive.fr/image.ashx?id=2524266&use=l&cat=p&typeid=i","cat":285435},{"id":104555,"n":"Yaourts à boire Yop Yoplait Citron - 850g","p":1.74,"u":"2,05 €/KG","img":"https://fd9-photos.leclercdrive.fr/image.ashx?id=2855540&use=l&cat=p&typeid=i","cat":284415},{"id":104557,"n":"Yaourt à boire Yop Yoplait Coco - 850g","p":1.74,"u":"2,05 €/KG","img":"https://fd9-photos.leclercdrive.fr/image.ashx?id=2855543&use=l&cat=p&typeid=i","cat":284415},{"id":104561,"n":"Bâtonnet Yeti parfums fous  x24 - 1.2L","p":3.21,"u":"2,68 €/L","img":"https://fd9-photos.leclercdrive.fr/image.ashx?id=2314107&use=l&cat=p&typeid=i","cat":285250},{"id":104564,"n":"Yaourt à boire Yop de Yoplait Fraise - 850g","p":1.74,"u":"2,05 €/KG","img":"https://fd9-photos.leclercdrive.fr/image.ashx?id=2855546&use=l&cat=p&typeid=i","cat":284415},{"id":104565,"n":"Yaourt à boire Yoplait Fraise/banane - 850g","p":1.74,"u":"2,05 €/KG","img":"https://fd9-photos.leclercdrive.fr/image.ashx?id=2855549&use=l&cat=p&typeid=i","cat":284415},{"id":104566,"n":"Yaourt Yop de Yoplait Framboise - 850g","p":1.74,"u":"2,05 €/KG","img":"https://fd9-photos.leclercdrive.fr/image.ashx?id=2855552&use=l&cat=p&typeid=i","cat":284415},{"id":104567,"n":"Yaourt à boire Yop Yoplait Vanille - 850g","p":1.74,"u":"2,05 €/KG","img":"https://fd9-photos.leclercdrive.fr/image.ashx?id=2855555&use=l&cat=p&typeid=i","cat":284415},{"id":104568,"n":"Yaourt à boire Yop Yoplait Tropical - 850g","p":1.74,"u":"2,05 €/KG","img":"https://fd9-photos.leclercdrive.fr/image.ashx?id=2855558&use=l&cat=p&typeid=i","cat":284415},{"id":104569,"n":"Yaourt à boire Yop Yoplait Pêche - 850g","p":1.74,"u":"2,05 €/KG","img":"https://fd9-photos.leclercdrive.fr/image.ashx?id=2855561&use=l&cat=p&typeid=i","cat":284415},{"id":104669,"n":"Bière blonde Bud 5% - 20x25cl","p":14.13,"u":"2,83 €/L","img":"https://fd9-photos.leclercdrive.fr/image.ashx?id=3009047&use=l&cat=p&typeid=i","cat":334873},{"id":104674,"n":"Eau gazeuse aromatisée Badoit Citron fraise - 1L","p":1.29,"u":"1,29 €/L","img":"https://fd9-photos.leclercdrive.fr/image.ashx?id=2730664&use=l&cat=p&typeid=i","cat":284536},{"id":104684,"n":"Yaourt bifidus Activia vanille framboise - 16x125g","p":4.51,"u":"2,26 €/KG","img":"https://fd9-photos.leclercdrive.fr/image.ashx?id=2741802&use=l&cat=p&typeid=i","cat":315000},{"id":104729,"n":"Papier toilette humide Fess'net Hypoallergénique Natura - x50","p":1.92,"u":"0,04 €/P","img":"https://fd9-photos.leclercdrive.fr/image.ashx?id=2990940&use=l&cat=p&typeid=i","cat":284634},{"id":104880,"n":"Barres Céréales Extra Kellogg's Chocolat au lait - 4x32g","p":2.5,"u":"19,53 €/KG","img":"https://fd9-photos.leclercdrive.fr/image.ashx?id=2736610&use=l&cat=p&typeid=i","cat":285869},{"id":104887,"n":"Filets de thon Saupiquet Au naturel - 81g","p":2.28,"u":"28,15 €/KG","img":"https://fd9-photos.leclercdrive.fr/image.ashx?id=2846367&use=l&cat=p&typeid=i","cat":303867},{"id":104888,"n":"Miettes de Thon Eco + Huile - 104g","p":0.82,"u":"7,88 €/KG","img":"https://fd9-photos.leclercdrive.fr/image.ashx?id=2824241&use=l&cat=p&typeid=i","cat":303867},{"id":105040,"n":"Chorizo volaille Halal 170g","p":3.3,"u":"19,41 €/KG","img":"https://fd9-photos.leclercdrive.fr/image.ashx?id=2476539&use=l&cat=p&typeid=i","cat":316013},{"id":105109,"n":"Liqueur Napoleon Madarin 38%vol - 70cl","p":18.25,"u":"26,07 €/L","img":"https://fd9-photos.leclercdrive.fr/image.ashx?id=2737996&use=l&cat=p&typeid=i","cat":286032},{"id":105117,"n":"Aguacana cachaça 37.5%vol - 70cl","p":12.57,"u":"17,96 €/L","img":"https://fd9-photos.leclercdrive.fr/image.ashx?id=2961801&use=l&cat=p&typeid=i","cat":284550},{"id":105119,"n":"AOP Champagne Brut Piper Heidsieck - 75cl","p":27.34,"u":"36,45 €/L","img":"https://fd9-photos.leclercdrive.fr/image.ashx?id=2431548&use=l&cat=p&typeid=i","cat":284542},{"id":105136,"n":"Jambon supérieur Tradilège S/nitrite Découenne - x6 - 210g","p":2.79,"u":"13,29 €/KG","img":"https://fd9-photos.leclercdrive.fr/image.ashx?id=2991524&use=l&cat=p&typeid=i","cat":316009},{"id":105137,"n":"Jambon supérieur Tradilège Sans nitrite x4 - 140g","p":1.85,"u":"13,21 €/KG","img":"https://fd9-photos.leclercdrive.fr/image.ashx?id=2994381&use=l&cat=p&typeid=i","cat":316009},{"id":105186,"n":"Compote Charles & Alice Pommes Cerises - 4x97g","p":1.86,"u":"4,79 €/KG","img":"https://fd9-photos.leclercdrive.fr/image.ashx?id=2757686&use=l&cat=p&typeid=i","cat":284416},{"id":105196,"n":"Dessert fruitier Fraise Andros En morceaux - 4x100g","p":2.66,"u":"6,65 €/KG","img":"https://fd9-photos.leclercdrive.fr/image.ashx?id=2845467&use=l&cat=p&typeid=i","cat":284416},{"id":105214,"n":"Boulettes Garden Gourmet légumes 200g","p":2.31,"u":"11,55 €/KG","img":"https://fd9-photos.leclercdrive.fr/image.ashx?id=2986903&use=l&cat=p&typeid=i","cat":316036},{"id":105223,"n":"Glaces cônes Eco+ Vanille - x8 - 556g","p":1.95,"u":"3,51 €/KG","img":"https://fd9-photos.leclercdrive.fr/image.ashx?id=2742682&use=l&cat=p&typeid=i","cat":284264},{"id":105286,"n":"Colin D'Alaska Parallèles - MSC Au naturel - 190g","p":3.27,"u":"17,21 €/KG","img":"https://fd9-photos.leclercdrive.fr/image.ashx?id=2022465&use=l&cat=p&typeid=i","cat":305147},{"id":105319,"n":"Crème de Camembert Président 150g","p":3.06,"u":"20,40 €/KG","img":"https://fd9-photos.leclercdrive.fr/image.ashx?id=2962443&use=l&cat=p&typeid=i","cat":314029},{"id":105320,"n":"Croustillants chèvre Président 6 pièces - 150g","p":3.48,"u":"23,20 €/KG","img":"https://fd9-photos.leclercdrive.fr/image.ashx?id=2856082&use=l&cat=p&typeid=i","cat":314027},{"id":105460,"n":"Madeleine longues Le Ster Raisins - x20 - 250g","p":1.71,"u":"6,84 €/KG","img":"https://fd9-photos.leclercdrive.fr/image.ashx?id=2962551&use=l&cat=p&typeid=i","cat":284492},{"id":105486,"n":"AOP Champagne Brut Tsarine 75cl","p":36.27,"u":"48,36 €/L","img":"https://fd9-photos.leclercdrive.fr/image.ashx?id=2741096&use=l&cat=p&typeid=i","cat":284542},{"id":105604,"n":"Poireau botte 1kg","p":1.99,"u":"1,99 €/KG","img":"https://fd9-photos.leclercdrive.fr/image.ashx?id=1676216&use=l&cat=p&typeid=i","cat":284352},{"id":105651,"n":"Mini beignets aux 3 chocolats x12 - 300g","p":4.89,"u":"16,30 €/KG","img":"https://fd9-photos.leclercdrive.fr/image.ashx?id=2298905&use=l&cat=p&typeid=i","cat":284984},{"id":105762,"n":"Aérosol Fulgator Spécial volants - 500ml","p":3.99,"u":"7,98 €/L","img":"https://fd9-photos.leclercdrive.fr/image.ashx?id=2660850&use=l&cat=p&typeid=i","cat":298368},{"id":105779,"n":"Cidou Nectar Bio Pomme  1L","p":1.74,"u":"1,74 €/L","img":"https://fd9-photos.leclercdrive.fr/image.ashx?id=2109173&use=l&cat=p&typeid=i","cat":284522},{"id":105782,"n":"Chaussée aux Moines 230g","p":2.97,"u":"12,91 €/KG","img":"https://fd9-photos.leclercdrive.fr/image.ashx?id=2771756&use=l&cat=p&typeid=i","cat":329184},{"id":105783,"n":"Nectar Bio Cidou  Orange Banane - 1L","p":1.88,"u":"1,88 €/L","img":"https://fd9-photos.leclercdrive.fr/image.ashx?id=1682263&use=l&cat=p&typeid=i","cat":284915},{"id":106006,"n":"Pur jus de pomme Jafaden 2L","p":2.29,"u":"1,15 €/L","img":"https://fd9-photos.leclercdrive.fr/image.ashx?id=2956774&use=l&cat=p&typeid=i","cat":284522},{"id":106146,"n":"Bière sans alcool Tourtel Twist Mangue Passion 0,0° - 6x27,5cl","p":4.88,"u":"2,96 €/L","img":"https://fd9-photos.leclercdrive.fr/image.ashx?id=2730727&use=l&cat=p&typeid=i","cat":334877},{"id":106204,"n":"IGP Méditerranée Rosé Studio by Miraval - 75cl","p":9.85,"u":"13,13 €/L","img":"https://fd9-photos.leclercdrive.fr/image.ashx?id=1691895&use=l&cat=p&typeid=i","cat":289558},{"id":106265,"n":"Edulcorant Pure Via Stick x40 - 60g","p":2.89,"u":"48,17 €/KG","img":"https://fd9-photos.leclercdrive.fr/image.ashx?id=2590598&use=l&cat=p&typeid=i","cat":324846},{"id":106269,"n":"Edulcorant Pure Via Boite de 65 morceaux - 130g","p":5.35,"u":"41,15 €/KG","img":"https://fd9-photos.leclercdrive.fr/image.ashx?id=2417291&use=l&cat=p&typeid=i","cat":324846},{"id":106271,"n":"Sucre Doypack Pure Via Poudre cristalisée - 250g","p":5.64,"u":"22,56 €/KG","img":"https://fd9-photos.leclercdrive.fr/image.ashx?id=2805381&use=l&cat=p&typeid=i","cat":324846},{"id":106473,"n":"Repas bébé Blédichef 15 mois Patate légumes poulet - 250g","p":1.79,"u":"7,16 €/KG","img":"https://fd9-photos.leclercdrive.fr/image.ashx?id=2877703&use=l&cat=p&typeid=i","cat":312238},{"id":106474,"n":"Repas bébé Blédichef 15 mois Pdt champignon poulet - 250g","p":1.6,"u":"6,40 €/KG","img":"https://fd9-photos.leclercdrive.fr/image.ashx?id=2479685&use=l&cat=p&typeid=i","cat":312238},{"id":106477,"n":"Repas bébé Blédichef 18 mois  Blanquette de volaille - 250g","p":1.94,"u":"7,76 €/KG","img":"https://fd9-photos.leclercdrive.fr/image.ashx?id=2558861&use=l&cat=p&typeid=i","cat":312238},{"id":106478,"n":"Repas bébé Blédichef 18 mois  Fondue de légumes lieu - 250g","p":1.64,"u":"6,56 €/KG","img":"https://fd9-photos.leclercdrive.fr/image.ashx?id=2877706&use=l&cat=p&typeid=i","cat":312238},{"id":106481,"n":"Repas bébé Blédichef 24 mois  Riz légumes poulet curry - 250g","p":1.96,"u":"7,84 €/KG","img":"https://fd9-photos.leclercdrive.fr/image.ashx?id=2951590&use=l&cat=p&typeid=i","cat":312238},{"id":106568,"n":"Tropicana Jus multifruits 90 cl","p":2.99,"u":"3,32 €/L","img":"https://fd9-photos.leclercdrive.fr/image.ashx?id=2529276&use=l&cat=p&typeid=i","cat":285435},{"id":106598,"n":"Mix 3 farines Bio Bjorg 500g","p":3.62,"u":"7,24 €/KG","img":"https://fd9-photos.leclercdrive.fr/image.ashx?id=2795057&use=l&cat=p&typeid=i","cat":284503},{"id":106605,"n":"Ravioli Lustucru Selection  Jambon fromage 300g","p":2.34,"u":"7,80 €/KG","img":"https://fd9-photos.leclercdrive.fr/image.ashx?id=2962527&use=l&cat=p&typeid=i","cat":333682},{"id":106614,"n":"Rosette Justin Bridou  19 Tranches - 170g","p":2.81,"u":"16,53 €/KG","img":"https://fd9-photos.leclercdrive.fr/image.ashx?id=2948932&use=l&cat=p&typeid=i","cat":316007},{"id":106732,"n":"Sirop La Maison Guiot Citron jaune de Sicile - 70cl","p":2.85,"u":"4,07 €/L","img":"https://fd9-photos.leclercdrive.fr/image.ashx?id=2857138&use=l&cat=p&typeid=i","cat":295020},{"id":106750,"n":"Eau micellaire So Bio Etic Aloe purifiante bio - 500ml","p":5.31,"u":"10,62 €/L","img":"https://fd9-photos.leclercdrive.fr/image.ashx?id=2577009&use=l&cat=p&typeid=i","cat":284603},{"id":106770,"n":"Dentifrice protection Dentavie Propolis/menthe bio - 75ml","p":3.42,"u":"45,60 €/L","img":"https://fd9-photos.leclercdrive.fr/image.ashx?id=2494779&use=l&cat=p&typeid=i","cat":284612},{"id":106886,"n":"Petit suisse nature Gervais 9,5% MG - 6x60g","p":1.85,"u":"5,14 €/KG","img":"https://fd9-photos.leclercdrive.fr/image.ashx?id=2230384&use=l&cat=p&typeid=i","cat":284409},{"id":106985,"n":"Mini pots Häagen-Dazs  Vanille Collection x4 - 321g","p":4.69,"u":"14,61 €/KG","img":"https://fd9-photos.leclercdrive.fr/image.ashx?id=2992858&use=l&cat=p&typeid=i","cat":284725},{"id":106986,"n":"Crème glacée Häagen-Dazs  Vanille pralines - 400g","p":4.93,"u":"12,33 €/KG","img":"https://fd9-photos.leclercdrive.fr/image.ashx?id=2893453&use=l&cat=p&typeid=i","cat":284725},{"id":106987,"n":"Mini pots Häagen-Dazs Caramel  Beurre salé x4 - 324g","p":4.69,"u":"14,48 €/KG","img":"https://fd9-photos.leclercdrive.fr/image.ashx?id=2992849&use=l&cat=p&typeid=i","cat":284725},{"id":107140,"n":"Sablés Michel et Augustin Beaufort poivre blanc - 100g","p":2.73,"u":"27,30 €/KG","img":"https://fd9-photos.leclercdrive.fr/image.ashx?id=2108981&use=l&cat=p&typeid=i","cat":297000},{"id":107166,"n":"Faisselle Rians 6%mg - 6x100g","p":2.98,"u":"4,97 €/KG","img":"https://fd9-photos.leclercdrive.fr/image.ashx?id=2396701&use=l&cat=p&typeid=i","cat":284409},{"id":107206,"n":"Paire de ciseaux Esquisse Bleu foncé - Bout rond 13cm x1","p":0.89,"img":"https://fd9-photos.leclercdrive.fr/image.ashx?id=1698511&use=l&cat=p&typeid=i","cat":334133},{"id":107207,"n":"Paire de ciseaux Esquisse Rouge - Bout rond 13cm x1","p":0.89,"img":"https://fd9-photos.leclercdrive.fr/image.ashx?id=1698514&use=l&cat=p&typeid=i","cat":334133},{"id":107254,"n":"Dos de la mer Vici Saveur crabe - 170g","p":1.9,"u":"11,18 €/KG","img":"https://fd9-photos.leclercdrive.fr/image.ashx?id=2650093&use=l&cat=p&typeid=i","cat":285189},{"id":107327,"n":"Insecticide Fulgator Spécial rampants - 500ml","p":5.73,"u":"11,46 €/L","img":"https://fd9-photos.leclercdrive.fr/image.ashx?id=2660853&use=l&cat=p&typeid=i","cat":298368},{"id":107645,"n":"Aluminium Albal 20m","p":3.39,"img":"https://fd9-photos.leclercdrive.fr/image.ashx?id=2551444&use=l&cat=p&typeid=i","cat":334134},{"id":107646,"n":"Film 2 en 1 Albal  20m","p":3.16,"img":"https://fd9-photos.leclercdrive.fr/image.ashx?id=2551453&use=l&cat=p&typeid=i","cat":334134},{"id":107653,"n":"Lait de coco bio Jardin Bio Bio - 225ml","p":1.89,"u":"8,40 €/L","img":"https://fd9-photos.leclercdrive.fr/image.ashx?id=2875471&use=l&cat=p&typeid=i","cat":288992},{"id":107763,"n":"Escalope Le Gaulois Cordon bleu Extra - 200g","p":2.42,"u":"12,10 €/KG","img":"https://fd9-photos.leclercdrive.fr/image.ashx?id=2367442&use=l&cat=p&typeid=i","cat":333683},{"id":107764,"n":"Panés Le Gaulois Façon Milanaise citronné - 200g","p":2.4,"u":"12,00 €/KG","img":"https://fd9-photos.leclercdrive.fr/image.ashx?id=2644770&use=l&cat=p&typeid=i","cat":333683},{"id":107780,"n":"Huile d'Olive Vierge Extra BIO  Classico 25cl","p":3.81,"u":"15,24 €/L","img":"https://fd9-photos.leclercdrive.fr/image.ashx?id=2737441&use=l&cat=p&typeid=i","cat":284453},{"id":107783,"n":"Huile d'Olive Vierge Extra BIO  Delicato 75cl","p":11.56,"u":"15,41 €/L","img":"https://fd9-photos.leclercdrive.fr/image.ashx?id=2737444&use=l&cat=p&typeid=i","cat":284453},{"id":107789,"n":"Vinaigre balsamique de modène  IGP Bio 50cl","p":5.23,"u":"10,46 €/L","img":"https://fd9-photos.leclercdrive.fr/image.ashx?id=2737468&use=l&cat=p&typeid=i","cat":298543},{"id":107917,"n":"Taille-crayon Esquisse Bleu foncé avec réserve 2 trous","p":1.1,"img":"https://fd9-photos.leclercdrive.fr/image.ashx?id=2943295&use=l&cat=p&typeid=i","cat":334133},{"id":108040,"n":"Papier cadeau kraft Esquisse Bleu - 2m x 0,7m","p":1.59,"img":"https://fd9-photos.leclercdrive.fr/image.ashx?id=1521225&use=l&cat=p&typeid=i","cat":335914},{"id":108045,"n":"Papier cadeau kraft Esquisse Vert - 2m x 0,7m","p":1.59,"img":"https://fd9-photos.leclercdrive.fr/image.ashx?id=1521231&use=l&cat=p&typeid=i","cat":335914},{"id":108146,"n":"Boisson aux fruits Oasis Tropical - 2L","p":2.37,"u":"1,19 €/L","img":"https://fd9-photos.leclercdrive.fr/image.ashx?id=2996569&use=l&cat=p&typeid=i","cat":295018},{"id":108169,"n":"Mousse de canard Henaff 3x78g","p":3.78,"u":"16,15 €/KG","img":"https://fd9-photos.leclercdrive.fr/image.ashx?id=2305604&use=l&cat=p&typeid=i","cat":305149},{"id":108224,"n":"Brassé végétal Bio Good Goût Banane avoine fraise - 90g","p":1.47,"u":"16,33 €/KG","img":"https://fd9-photos.leclercdrive.fr/image.ashx?id=2736100&use=l&cat=p&typeid=i","cat":312392},{"id":108421,"n":"Matière grasse Primevere 63%MG - oméga 3 - 480g","p":5.52,"u":"11,50 €/KG","img":"https://fd9-photos.leclercdrive.fr/image.ashx?id=2936041&use=l&cat=p&typeid=i","cat":315229},{"id":108422,"n":"Matière grasse Primevere 63%MG - oméga 3 - 240g","p":2.83,"u":"11,79 €/KG","img":"https://fd9-photos.leclercdrive.fr/image.ashx?id=2979060&use=l&cat=p&typeid=i","cat":315229},{"id":108443,"n":"Dentifrice Sanogyl Soin essentiel blancheur - 75ml","p":3.91,"u":"52,13 €/L","img":"https://fd9-photos.leclercdrive.fr/image.ashx?id=2453484&use=l&cat=p&typeid=i","cat":284612},{"id":108449,"n":"Déodorant spray Monsavon Fleur Lotus-200ml","p":2.2,"u":"11,00 €/L","img":"https://fd9-photos.leclercdrive.fr/image.ashx?id=2643914&use=l&cat=p&typeid=i","cat":284595},{"id":108668,"n":"Bière blonde La Goudale 7.2% vol. - 50cl","p":1.61,"u":"3,22 €/L","img":"https://fd9-photos.leclercdrive.fr/image.ashx?id=2513658&use=l&cat=p&typeid=i","cat":334852},{"id":108692,"n":"Bâton de colle Uhu stic 9x8.2g+1x21g","p":7.25,"u":"76,32 €/KG","img":"https://fd9-photos.leclercdrive.fr/image.ashx?id=2901049&use=l&cat=p&typeid=i","cat":334133},{"id":108695,"n":"Beurre de cacahuètes Menguy's Creamy - 454g","p":4.11,"u":"9,05 €/KG","img":"https://fd9-photos.leclercdrive.fr/image.ashx?id=2844082&use=l&cat=p&typeid=i","cat":284481},{"id":108707,"n":"Filtres à café Uni vert Bruns n°4 - x80","p":1.33,"u":"0,02 €/P","img":"https://fd9-photos.leclercdrive.fr/image.ashx?id=2634878&use=l&cat=p&typeid=i","cat":284751},{"id":108711,"n":"Gel Douche Fa Crème Cacao coco flacon - 250ml","p":1.62,"u":"6,48 €/L","img":"https://fd9-photos.leclercdrive.fr/image.ashx?id=2995097&use=l&cat=p&typeid=i","cat":284594},{"id":108717,"n":"Vinaigrette légère Amora Moutarde - 380ml","p":1.83,"u":"4,82 €/L","img":"https://fd9-photos.leclercdrive.fr/image.ashx?id=2654170&use=l&cat=p&typeid=i","cat":284456},{"id":108797,"n":"Limande Meunière MSC - 200g","p":4.0,"u":"20,00 €/KG","img":"https://fd9-photos.leclercdrive.fr/image.ashx?id=2417363&use=l&cat=p&typeid=i","cat":284344},{"id":108821,"n":"Fuet espagnol Argal 160g","p":2.67,"u":"16,69 €/KG","img":"https://fd9-photos.leclercdrive.fr/image.ashx?id=2955857&use=l&cat=p&typeid=i","cat":316006},{"id":108841,"n":"Foie morue nature Nautilus MSC - 25% sel - 120g","p":1.87,"u":"15,58 €/KG","img":"https://fd9-photos.leclercdrive.fr/image.ashx?id=2733610&use=l&cat=p&typeid=i","cat":305147},{"id":108878,"n":"Croûtons Maison 350g","p":2.5,"u":"7,14 €/KG","img":"https://fd9-photos.leclercdrive.fr/image.ashx?id=1691357&use=l&cat=p&typeid=i","cat":284464},{"id":108891,"n":"Croccante alla Mozzarella  Galbani - 150g","p":3.16,"u":"21,07 €/KG","img":"https://fd9-photos.leclercdrive.fr/image.ashx?id=2786000&use=l&cat=p&typeid=i","cat":314027},{"id":108912,"n":"Pain au Maïs 350g","p":1.7,"u":"4,86 €/KG","img":"https://fd9-photos.leclercdrive.fr/image.ashx?id=1691369&use=l&cat=p&typeid=i","cat":284359},{"id":108936,"n":"AOP Comté Entremont Rapé - 130g","p":2.7,"u":"20,77 €/KG","img":"https://fd9-photos.leclercdrive.fr/image.ashx?id=2983165&use=l&cat=p&typeid=i","cat":314035},{"id":108975,"n":"Lames Gillette Skinguard Sensitive - 5+5","p":27.9,"u":"2,79 €/P","img":"https://fd9-photos.leclercdrive.fr/image.ashx?id=1883405&use=l&cat=p&typeid=i","cat":284616},{"id":108997,"n":"Crème dessert Danette vanille chocolat -16x115g","p":4.83,"u":"2,63 €/KG","img":"https://fd9-photos.leclercdrive.fr/image.ashx?id=2949850&use=l&cat=p&typeid=i","cat":285041},{"id":109004,"n":"Pile Auditive Foxter Taille 675B - 12 pièces","p":3.5,"u":"0,29 €/P","img":"https://fd9-photos.leclercdrive.fr/image.ashx?id=2162567&use=l&cat=p&typeid=i","cat":300572},{"id":109005,"n":"Pile auditive Foxter Taille 10Blister - 16 pièces","p":4.5,"u":"0,28 €/P","img":"https://fd9-photos.leclercdrive.fr/image.ashx?id=2162570&use=l&cat=p&typeid=i","cat":300572},{"id":109006,"n":"Pile auditive Foxter Taille 10 Blister - 6 pièces","p":1.99,"u":"0,33 €/P","img":"https://fd9-photos.leclercdrive.fr/image.ashx?id=2162573&use=l&cat=p&typeid=i","cat":300572},{"id":109007,"n":"Pile auditive Foxter Taille 13 blister - 16 pièces","p":4.5,"u":"0,28 €/P","img":"https://fd9-photos.leclercdrive.fr/image.ashx?id=2162576&use=l&cat=p&typeid=i","cat":300572},{"id":109008,"n":"Pile auditive Foxter Taille 13 blister - 6 pièces","p":1.99,"u":"0,33 €/P","img":"https://fd9-photos.leclercdrive.fr/image.ashx?id=2162579&use=l&cat=p&typeid=i","cat":300572},{"id":109267,"n":"Panaché Force 4 0,4° - 10x25cl","p":4.29,"u":"1,72 €/L","img":"https://fd9-photos.leclercdrive.fr/image.ashx?id=2473321&use=l&cat=p&typeid=i","cat":334877},{"id":109274,"n":"Yaourt Enfant Petits Filous Aromatisé à la Fraise - 6x100g","p":2.98,"u":"4,97 €/KG","img":"https://fd9-photos.leclercdrive.fr/image.ashx?id=2748434&use=l&cat=p&typeid=i","cat":284415},{"id":109309,"n":"Bol semoule 8 mois Bio Village Bio Patate douce lait - 2x200g","p":2.49,"u":"6,23 €/KG","img":"https://fd9-photos.leclercdrive.fr/image.ashx?id=2704807&use=l&cat=p&typeid=i","cat":312239},{"id":109310,"n":"Bol Bio Village 6 mois bio Petits pois Riz Maïs - 2x200g","p":2.21,"u":"5,53 €/KG","img":"https://fd9-photos.leclercdrive.fr/image.ashx?id=2704819&use=l&cat=p&typeid=i","cat":312239},{"id":109317,"n":"Bol Bio village 6 mois Bio Ratatouille Quinoa - 2x200g","p":2.45,"u":"6,13 €/KG","img":"https://fd9-photos.leclercdrive.fr/image.ashx?id=2704822&use=l&cat=p&typeid=i","cat":312239},{"id":109323,"n":"Rillettes thon blanc tomséchées Les Mouettes d'Arvor - 125g","p":2.5,"u":"20,00 €/KG","img":"https://fd9-photos.leclercdrive.fr/image.ashx?id=1901269&use=l&cat=p&typeid=i","cat":303867},{"id":109328,"n":"Rillettes Les Mouettes d'Arvor Thon poivre vert- 125g","p":2.55,"u":"20,40 €/KG","img":"https://fd9-photos.leclercdrive.fr/image.ashx?id=1901272&use=l&cat=p&typeid=i","cat":303867},{"id":109348,"n":"Panaché Falsbourg <0.5% vol. Canettes - 6x33cl","p":3.11,"u":"1,57 €/L","img":"https://fd9-photos.leclercdrive.fr/image.ashx?id=2637958&use=l&cat=p&typeid=i","cat":334853},{"id":109369,"n":"Panaché Falsbourg  <0.5% vol. - 10X25cl","p":2.99,"u":"1,20 €/L","img":"https://fd9-photos.leclercdrive.fr/image.ashx?id=2637967&use=l&cat=p&typeid=i","cat":334877},{"id":109398,"n":"Filet de poulet  La Nouvelle Agriculture x2 260g","p":4.84,"u":"18,62 €/KG","img":"https://fd9-photos.leclercdrive.fr/image.ashx?id=2629079&use=l&cat=p&typeid=i","cat":284336},{"id":109418,"n":"Rillettes de Thon MSC Ronde des Mers - 125g","p":1.69,"u":"13,52 €/KG","img":"https://fd9-photos.leclercdrive.fr/image.ashx?id=2436696&use=l&cat=p&typeid=i","cat":303867},{"id":109437,"n":"Repas bébé Blédichef 12 mois  Couscous - 2x230g","p":3.55,"u":"7,72 €/KG","img":"https://fd9-photos.leclercdrive.fr/image.ashx?id=2479706&use=l&cat=p&typeid=i","cat":312237},{"id":109441,"n":"Thon entier MSC Pêche Océan Naturel - 140g","p":2.17,"u":"15,50 €/KG","img":"https://fd9-photos.leclercdrive.fr/image.ashx?id=2942211&use=l&cat=p&typeid=i","cat":303867},{"id":109444,"n":"Bol brocolis Bio Village Pomme de terre bio 4mois 2x120g","p":1.45,"u":"6,04 €/KG","img":"https://fd9-photos.leclercdrive.fr/image.ashx?id=2704756&use=l&cat=p&typeid=i","cat":312234},{"id":109452,"n":"Bol potiron courge bio Bio Village - 4 mois - 2x120g","p":1.45,"u":"6,04 €/KG","img":"https://fd9-photos.leclercdrive.fr/image.ashx?id=2704816&use=l&cat=p&typeid=i","cat":312234},{"id":109455,"n":"Boisson lactée Danao Orange Banane Fraise - 900ml","p":2.84,"u":"3,16 €/L","img":"https://fd9-photos.leclercdrive.fr/image.ashx?id=2609908&use=l&cat=p&typeid=i","cat":285435},{"id":109456,"n":"AOP Alsace Sylvaner sec Wolfberger 75 cl","p":6.3,"u":"8,40 €/L","img":"https://fd9-photos.leclercdrive.fr/image.ashx?id=2692329&use=l&cat=p&typeid=i","cat":289557},{"id":109457,"n":"Boisson lactée Danao Pêche Abricot - 900ml","p":2.79,"u":"3,10 €/L","img":"https://fd9-photos.leclercdrive.fr/image.ashx?id=2606367&use=l&cat=p&typeid=i","cat":285435},{"id":109470,"n":"Pile alcaline Varta Longlife AAA LR03 - x20","p":9.95,"img":"https://fd9-photos.leclercdrive.fr/image.ashx?id=2306318&use=l&cat=p&typeid=i","cat":300572},{"id":109472,"n":"Pile alcaline Varta Longlife AA LR06 - x20","p":8.9,"img":"https://fd9-photos.leclercdrive.fr/image.ashx?id=2301001&use=l&cat=p&typeid=i","cat":300572},{"id":109509,"n":"crème dessert café danette - 4x125g","p":1.7,"u":"3,40 €/KG","img":"https://fd9-photos.leclercdrive.fr/image.ashx?id=2961867&use=l&cat=p&typeid=i","cat":285041},{"id":109548,"n":"Olives vertes bio Bio Village - 160g","p":2.79,"u":"17,44 €/KG","img":"https://fd9-photos.leclercdrive.fr/image.ashx?id=2552448&use=l&cat=p&typeid=i","cat":284450},{"id":109554,"n":"Pulpe de tomates bio Bio Village - 2x400g","p":2.18,"u":"5,45 €/KG","img":"https://fd9-photos.leclercdrive.fr/image.ashx?id=2181840&use=l&cat=p&typeid=i","cat":312608},{"id":109565,"n":"Thon entier MSC Pêche Océan Naturel - 93g","p":1.99,"u":"21,40 €/KG","img":"https://fd9-photos.leclercdrive.fr/image.ashx?id=2942217&use=l&cat=p&typeid=i","cat":303867},{"id":109577,"n":"Recharge Électrique Glade Fleur de Vanille 20ml","p":3.64,"img":"https://fd9-photos.leclercdrive.fr/image.ashx?id=2600776&use=l&cat=p&typeid=i","cat":311629},{"id":109579,"n":"Pain de mie 100% Mie Harrys Nature sans sucre ajouté - 500g","p":2.5,"u":"5,00 €/KG","img":"https://fd9-photos.leclercdrive.fr/image.ashx?id=2517477&use=l&cat=p&typeid=i","cat":284477},{"id":109580,"n":"Terrine de campagne Bio Village Bio - 180g","p":2.79,"u":"15,50 €/KG","img":"https://fd9-photos.leclercdrive.fr/image.ashx?id=1710227&use=l&cat=p&typeid=i","cat":305149},{"id":109589,"n":"Mouchoirs Balsam Kleenex® Etuis regular x10","p":1.88,"u":"0,19 €/P","img":"https://fd9-photos.leclercdrive.fr/image.ashx?id=2840304&use=l&cat=p&typeid=i","cat":284638},{"id":109607,"n":"Skyr Danone nature 0%mg - 480g","p":3.17,"u":"6,60 €/KG","img":"https://fd9-photos.leclercdrive.fr/image.ashx?id=2810615&use=l&cat=p&typeid=i","cat":284409},{"id":109609,"n":"Petit suisse nature Gervais 3,9% MG - 12x60g","p":2.76,"u":"3,83 €/KG","img":"https://fd9-photos.leclercdrive.fr/image.ashx?id=2256757&use=l&cat=p&typeid=i","cat":284409},{"id":109627,"n":"Crème dessert Danette vanille lit de chocolat -4x125g","p":1.73,"u":"3,46 €/KG","img":"https://fd9-photos.leclercdrive.fr/image.ashx?id=2939187&use=l&cat=p&typeid=i","cat":285041},{"id":109630,"n":"Purée d'Ail Rustica 200g","p":1.35,"u":"6,75 €/KG","img":"https://fd9-photos.leclercdrive.fr/image.ashx?id=2304896&use=l&cat=p&typeid=i","cat":318430},{"id":109637,"n":"Purée de poivrons Rustica 200g","p":1.19,"u":"5,95 €/KG","img":"https://fd9-photos.leclercdrive.fr/image.ashx?id=2304899&use=l&cat=p&typeid=i","cat":298298},{"id":109638,"n":"Thon Pêche Océan Huile de tournesol - 120g","p":1.65,"u":"13,75 €/KG","img":"https://fd9-photos.leclercdrive.fr/image.ashx?id=1695684&use=l&cat=p&typeid=i","cat":303867},{"id":109639,"n":"Thon Pêche Océan à l'hule d'olive - 120g","p":1.75,"u":"14,58 €/KG","img":"https://fd9-photos.leclercdrive.fr/image.ashx?id=2578487&use=l&cat=p&typeid=i","cat":303867},{"id":109640,"n":"Sardines à la sauce tomate Pêche Océan - 120g","p":1.15,"u":"9,58 €/KG","img":"https://fd9-photos.leclercdrive.fr/image.ashx?id=2304863&use=l&cat=p&typeid=i","cat":305146},{"id":109642,"n":"Pois chiche Notre Jardin  500g","p":1.59,"u":"3,18 €/KG","img":"https://fd9-photos.leclercdrive.fr/image.ashx?id=2304878&use=l&cat=p&typeid=i","cat":284430},{"id":109643,"n":"Pois chiches Notre Jardin Bocal 570g","p":1.1,"u":"1,93 €/KG","img":"https://fd9-photos.leclercdrive.fr/image.ashx?id=2578499&use=l&cat=p&typeid=i","cat":312609},{"id":109646,"n":"Olives noires Rustica 360g","p":1.65,"u":"4,58 €/KG","img":"https://fd9-photos.leclercdrive.fr/image.ashx?id=1962885&use=l&cat=p&typeid=i","cat":284450},{"id":109647,"n":"Lupins extra 870g","p":2.65,"u":"5,30 €/KG","img":"https://fd9-photos.leclercdrive.fr/image.ashx?id=2304914&use=l&cat=p&typeid=i","cat":312611},{"id":109648,"n":"Haricots rouge Bocal 570g","p":1.1,"u":"1,93 €/KG","img":"https://fd9-photos.leclercdrive.fr/image.ashx?id=2578496&use=l&cat=p&typeid=i","cat":312606},{"id":109651,"n":"Haricots blancs Bocal - 570g","p":1.1,"u":"1,93 €/KG","img":"https://fd9-photos.leclercdrive.fr/image.ashx?id=2578493&use=l&cat=p&typeid=i","cat":312606},{"id":109654,"n":"Haricots cornilles Sachet 500g","p":1.65,"u":"3,30 €/KG","img":"https://fd9-photos.leclercdrive.fr/image.ashx?id=2304875&use=l&cat=p&typeid=i","cat":312606},{"id":109656,"n":"Olives vertes entières Rustica  360g","p":1.65,"u":"4,58 €/KG","img":"https://fd9-photos.leclercdrive.fr/image.ashx?id=1962882&use=l&cat=p&typeid=i","cat":284458},{"id":109657,"n":"Haricots rouge Sachet 500g","p":1.78,"u":"3,56 €/KG","img":"https://fd9-photos.leclercdrive.fr/image.ashx?id=2304869&use=l&cat=p&typeid=i","cat":312606},{"id":109664,"n":"Tomato Ketchup Allégé Heinz 50% sucre/sel en moins - 625g","p":3.33,"u":"5,33 €/KG","img":"https://fd9-photos.leclercdrive.fr/image.ashx?id=2927717&use=l&cat=p&typeid=i","cat":284455},{"id":109670,"n":"Compotes Pom'Potes Gourdes  Mix de Pommes - 20x90g","p":7.49,"u":"4,16 €/KG","img":"https://fd9-photos.leclercdrive.fr/image.ashx?id=2563349&use=l&cat=p&typeid=i","cat":284508},{"id":109673,"n":"Gambas nature décortiquées cuites - ASC. 100g","p":3.6,"u":"36,00 €/KG","img":"https://fd9-photos.leclercdrive.fr/image.ashx?id=2542420&use=l&cat=p&typeid=i","cat":284343},{"id":109742,"n":"Jus pour bébé NATURNES BIO Poire Abricot 6M+ - 20cl","p":0.97,"u":"4,85 €/L","img":"https://fd9-photos.leclercdrive.fr/image.ashx?id=2532258&use=l&cat=p&typeid=i","cat":312388},{"id":109749,"n":"Liquide de rinçage Uni Vert Lave-vaisselle Ecologique-750ml","p":1.99,"u":"2,65 €/L","img":"https://fd9-photos.leclercdrive.fr/image.ashx?id=2966403&use=l&cat=p&typeid=i","cat":284657},{"id":109753,"n":"Sauce crudité Amora Nature - 380ml","p":1.71,"u":"4,50 €/KG","img":"https://fd9-photos.leclercdrive.fr/image.ashx?id=2644995&use=l&cat=p&typeid=i","cat":284456},{"id":109756,"n":"Sauce gourmet Amora Poivre - 188g","p":1.67,"u":"8,88 €/KG","img":"https://fd9-photos.leclercdrive.fr/image.ashx?id=2181056&use=l&cat=p&typeid=i","cat":318430},{"id":109763,"n":"Assiette dessert Eco+ Opale 20cm - 1 pièce","p":0.77,"img":"https://fd9-photos.leclercdrive.fr/image.ashx?id=1706760&use=l&cat=p&typeid=i","cat":334134},{"id":109873,"n":"Pur jus de pomme Jafaden Douceur - 1L","p":1.5,"u":"1,50 €/L","img":"https://fd9-photos.leclercdrive.fr/image.ashx?id=2863178&use=l&cat=p&typeid=i","cat":284522},{"id":109892,"n":"Soda Coca-Cola Cherry Bouteille - 1,25L","p":1.77,"u":"1,42 €/L","img":"https://fd9-photos.leclercdrive.fr/image.ashx?id=2678161&use=l&cat=p&typeid=i","cat":284530},{"id":109893,"n":"Soda Coca-Cola Vanille Bouteille - 1,25L","p":1.77,"u":"1,42 €/L","img":"https://fd9-photos.leclercdrive.fr/image.ashx?id=2678164&use=l&cat=p&typeid=i","cat":284530},{"id":110000,"n":"Cornichons fins AMORA Bocal - 540g","p":3.77,"u":"6,98 €/KG","img":"https://fd9-photos.leclercdrive.fr/image.ashx?id=2672710&use=l&cat=p&typeid=i","cat":284458},{"id":110007,"n":"Tam Tam l'Original Saint-Michel - 275g","p":1.82,"u":"6,62 €/KG","img":"https://fd9-photos.leclercdrive.fr/image.ashx?id=2936239&use=l&cat=p&typeid=i","cat":284495},{"id":110022,"n":"Chien Medium/maxi Adulte One  Contrôle de poids - dinde 2.5kg","p":8.46,"u":"3,38 €/KG","img":"https://fd9-photos.leclercdrive.fr/image.ashx?id=2434494&use=l&cat=p&typeid=i","cat":284672},{"id":110039,"n":"Boisson amande Nat & Vie Sans sucre - 1L","p":1.36,"u":"1,36 €/L","img":"https://fd9-photos.leclercdrive.fr/image.ashx?id=2882340&use=l&cat=p&typeid=i","cat":316067},{"id":110048,"n":"Tendres effilés Chats Felix Encore plus de sauce 12x85g","p":4.98,"u":"4,88 €/KG","img":"https://fd9-photos.leclercdrive.fr/image.ashx?id=2957662&use=l&cat=p&typeid=i","cat":285286},{"id":110052,"n":"Sucre Perles Daddy 350g","p":2.12,"u":"6,06 €/KG","img":"https://fd9-photos.leclercdrive.fr/image.ashx?id=2826960&use=l&cat=p&typeid=i","cat":284502},{"id":110058,"n":"Crêpe fourrée Whaou Chocolat - x24 - 768g","p":4.15,"u":"5,40 €/KG","img":"https://fd9-photos.leclercdrive.fr/image.ashx?id=2955818&use=l&cat=p&typeid=i","cat":284494},{"id":110095,"n":"Sauce chinoise 290g","p":1.79,"u":"6,17 €/KG","img":"https://fd9-photos.leclercdrive.fr/image.ashx?id=2458145&use=l&cat=p&typeid=i","cat":318431},{"id":110097,"n":"Café en grains Plantation  Noir - 500g","p":7.95,"u":"15,90 €/KG","img":"https://fd9-photos.leclercdrive.fr/image.ashx?id=2922950&use=l&cat=p&typeid=i","cat":293237},{"id":110101,"n":"Huile d'olive vierge extra 1.5L","p":12.9,"u":"8,60 €/L","img":"https://fd9-photos.leclercdrive.fr/image.ashx?id=2898035&use=l&cat=p&typeid=i","cat":284453},{"id":110103,"n":"Huile d'olive vierge extra 25cl","p":2.89,"u":"11,56 €/L","img":"https://fd9-photos.leclercdrive.fr/image.ashx?id=2892349&use=l&cat=p&typeid=i","cat":284453},{"id":110108,"n":"Merguez Bigard Label Rouge - 330g","p":5.98,"u":"18,12 €/KG","img":"https://fd9-photos.leclercdrive.fr/image.ashx?id=2208327&use=l&cat=p&typeid=i","cat":284334},{"id":110121,"n":"Whisky Aberlour 10 ans Forest Single Malt Scotch 40% vol 70cl","p":24.3,"u":"34,71 €/L","img":"https://fd9-photos.leclercdrive.fr/image.ashx?id=3014871&use=l&cat=p&typeid=i","cat":284547},{"id":110146,"n":"Matière grasse Rustica Tournesol -60%MG -1/2 sel -500G","p":1.75,"u":"3,50 €/KG","img":"https://fd9-photos.leclercdrive.fr/image.ashx?id=2704744&use=l&cat=p&typeid=i","cat":315229},{"id":110150,"n":"Bol légumes  Bio Village Bio Poulet - 8mois - 2x200g","p":2.49,"u":"6,23 €/KG","img":"https://fd9-photos.leclercdrive.fr/image.ashx?id=2704780&use=l&cat=p&typeid=i","cat":312236},{"id":110154,"n":"Hachis parmentier Marie 300g","p":4.01,"u":"13,37 €/KG","img":"https://fd9-photos.leclercdrive.fr/image.ashx?id=2833315&use=l&cat=p&typeid=i","cat":333665},{"id":110159,"n":"Bol légumes saumon Bio Village Bio - 12 mois - 2x200g","p":2.69,"u":"6,73 €/KG","img":"https://fd9-photos.leclercdrive.fr/image.ashx?id=2704783&use=l&cat=p&typeid=i","cat":312237},{"id":110178,"n":"Radis ronds  Panier du Primeur - 250g","p":0.99,"u":"3,96 €/KG","img":"https://fd9-photos.leclercdrive.fr/image.ashx?id=3015117&use=l&cat=p&typeid=i","cat":284352},{"id":110182,"n":"Bol Spaghetti Bio Village 8mois Bio Bolognaise - 2x200g","p":2.59,"u":"6,48 €/KG","img":"https://fd9-photos.leclercdrive.fr/image.ashx?id=2704828&use=l&cat=p&typeid=i","cat":312236},{"id":110196,"n":"Maïs doux conventionnel 2x400g","p":3.27,"u":"4,09 €/KG","img":"https://fd9-photos.leclercdrive.fr/image.ashx?id=1711115&use=l&cat=p&typeid=i","cat":284352},{"id":110509,"n":"boisson végétale lait d'amande non grillée sans sucre alpro-1l","p":2.36,"u":"2,36 €/L","img":"https://fd9-photos.leclercdrive.fr/image.ashx?id=2980085&use=l&cat=p&typeid=i","cat":316067},{"id":110556,"n":"Jus innocent plus  infatigableu 750ml","p":3.13,"u":"4,17 €/L","img":"https://fd9-photos.leclercdrive.fr/image.ashx?id=2862874&use=l&cat=p&typeid=i","cat":285435},{"id":110568,"n":"Gel Lubrifiant Intime Durex Naturel Confort Base Eau 100ml","p":8.1,"u":"81,00 €/L","img":"https://fd9-photos.leclercdrive.fr/image.ashx?id=2960687&use=l&cat=p&typeid=i","cat":285160},{"id":110575,"n":"Dentifrice Bionaïa Coco Aloe Vera bio - 75ml","p":1.99,"u":"26,53 €/L","img":"https://fd9-photos.leclercdrive.fr/image.ashx?id=2529549&use=l&cat=p&typeid=i","cat":284612},{"id":110590,"n":"Recharge Électrique Glade Bois de Santal & Jasmin 20ml","p":4.1,"img":"https://fd9-photos.leclercdrive.fr/image.ashx?id=2600773&use=l&cat=p&typeid=i","cat":311629},{"id":110595,"n":"Gel Lave-Vaisselle Sun Tout-en-1 Expert Plus 52 Lavage","p":7.9,"u":"8,78 €/L","img":"https://fd9-photos.leclercdrive.fr/image.ashx?id=2835580&use=l&cat=p&typeid=i","cat":284656},{"id":110598,"n":"Solution 2 en 1 pour Mycose Ongles Pieds - 3,8 ml","p":12.81,"img":"https://fd9-photos.leclercdrive.fr/image.ashx?id=2990955&use=l&cat=p&typeid=i","cat":325354},{"id":110678,"n":"Bouillon cube Bio Village Volaille Bio - x8 - 80g","p":1.43,"u":"17,88 €/KG","img":"https://fd9-photos.leclercdrive.fr/image.ashx?id=2140950&use=l&cat=p&typeid=i","cat":288379},{"id":110681,"n":"Mayonaise Bio Bio Village Dijon - 238g","p":2.35,"u":"9,87 €/KG","img":"https://fd9-photos.leclercdrive.fr/image.ashx?id=2664869&use=l&cat=p&typeid=i","cat":298295},{"id":110707,"n":"Beurre gastronomique Les Croisé Doux - 82% MG - 250g","p":2.49,"u":"9,96 €/KG","img":"https://fd9-photos.leclercdrive.fr/image.ashx?id=2833005&use=l&cat=p&typeid=i","cat":284379},{"id":110708,"n":"Beurre Les Croisés Demi-sel - 80% MG - 250g","p":2.49,"u":"9,96 €/KG","img":"https://fd9-photos.leclercdrive.fr/image.ashx?id=2778084&use=l&cat=p&typeid=i","cat":284379},{"id":110767,"n":"Tasse Ardence 9cl - 1 pièce","p":0.9,"img":"https://fd9-photos.leclercdrive.fr/image.ashx?id=1704508&use=l&cat=p&typeid=i","cat":334134},{"id":110776,"n":"Eplucheur Ardence 1 pièce","p":2.9,"img":"https://fd9-photos.leclercdrive.fr/image.ashx?id=1704556&use=l&cat=p&typeid=i","cat":334135},{"id":110827,"n":"Jus pour bébé Naturnes Bio Pomme mangue 6M+ 20cl","p":0.78,"u":"3,90 €/L","img":"https://fd9-photos.leclercdrive.fr/image.ashx?id=2406235&use=l&cat=p&typeid=i","cat":312388},{"id":110845,"n":"Huile végétale So'Bio Etic Amande douce bio - 50ml","p":5.12,"u":"102,40 €/L","img":"https://fd9-photos.leclercdrive.fr/image.ashx?id=2827956&use=l&cat=p&typeid=i","cat":325349},{"id":110847,"n":"Huile végétale So'Bio Etic Coco bio - 50ml","p":5.48,"u":"109,60 €/L","img":"https://fd9-photos.leclercdrive.fr/image.ashx?id=2827959&use=l&cat=p&typeid=i","cat":325349},{"id":110849,"n":"Dentifrice Bionaïa Charbon bio - 75ml","p":1.99,"u":"26,53 €/L","img":"https://fd9-photos.leclercdrive.fr/image.ashx?id=2529546&use=l&cat=p&typeid=i","cat":284612},{"id":110857,"n":"Boisson effervescente base vin Désalcoolisé Diane D’Arria 75cl","p":2.79,"u":"3,72 €/L","img":"https://fd9-photos.leclercdrive.fr/image.ashx?id=2149728&use=l&cat=p&typeid=i","cat":289460},{"id":110858,"n":"Jus pour bébé Naturnes 6 mois Poire Banane Bio - 200ml","p":0.92,"u":"4,60 €/L","img":"https://fd9-photos.leclercdrive.fr/image.ashx?id=2406238&use=l&cat=p&typeid=i","cat":312388},{"id":110859,"n":"Bières blonde original 8.6 8.6%vol - 50cl","p":1.42,"u":"2,84 €/L","img":"https://fd9-photos.leclercdrive.fr/image.ashx?id=2112516&use=l&cat=p&typeid=i","cat":334853},{"id":110884,"n":"Viande hachée Bio Yooji Dinde - 6 mois et   - 120g","p":3.99,"u":"33,25 €/KG","img":"https://fd9-photos.leclercdrive.fr/image.ashx?id=2575738&use=l&cat=p&typeid=i","cat":290631},{"id":110913,"n":"Sirop sport Grenadine - 60cl","p":2.05,"u":"3,42 €/L","img":"https://fd9-photos.leclercdrive.fr/image.ashx?id=1892348&use=l&cat=p&typeid=i","cat":295020},{"id":110914,"n":"Sirop de menthe Sport 60cl","p":1.96,"u":"3,27 €/L","img":"https://fd9-photos.leclercdrive.fr/image.ashx?id=1892345&use=l&cat=p&typeid=i","cat":295020},{"id":110916,"n":"Sirop sport Fraise - 60cl","p":2.14,"u":"3,57 €/L","img":"https://fd9-photos.leclercdrive.fr/image.ashx?id=2103130&use=l&cat=p&typeid=i","cat":295020},{"id":110917,"n":"Sirop sport Pêche - 60cl","p":2.02,"u":"3,37 €/L","img":"https://fd9-photos.leclercdrive.fr/image.ashx?id=2103127&use=l&cat=p&typeid=i","cat":295020},{"id":110919,"n":"Sirop sport Ice Tea - 60cl","p":1.88,"u":"3,13 €/L","img":"https://fd9-photos.leclercdrive.fr/image.ashx?id=2103133&use=l&cat=p&typeid=i","cat":295020},{"id":110928,"n":"Crème pamplemousse Giffard 16%vol - 50cl","p":5.5,"pp":4.95,"u":"9,90 €/L","img":"https://fd9-photos.leclercdrive.fr/image.ashx?id=2219156&use=l&cat=p&typeid=i","cat":286032},{"id":111085,"n":"Gourde bébé bio Babybio kiwi, Mangue, Coco 6 mois 360g","p":3.18,"u":"8,83 €/KG","img":"https://fd9-photos.leclercdrive.fr/image.ashx?id=2858237&use=l&cat=p&typeid=i","cat":312393},{"id":111207,"n":"Jenlain ambrée 75cl","p":2.95,"u":"3,93 €/L","img":"https://fd9-photos.leclercdrive.fr/image.ashx?id=2732848&use=l&cat=p&typeid=i","cat":334852},{"id":111211,"n":"Pain de mie La Boulangère Seigle graines - 500g","p":2.08,"u":"4,16 €/KG","img":"https://fd9-photos.leclercdrive.fr/image.ashx?id=2912425&use=l&cat=p&typeid=i","cat":284477},{"id":111224,"n":"Whisky Jameson Caskmartes IPA 40%vol - 70cl","p":21.33,"u":"30,47 €/L","img":"https://fd9-photos.leclercdrive.fr/image.ashx?id=2024534&use=l&cat=p&typeid=i","cat":284547},{"id":111354,"n":"Crevettes nature Assiette Bleue Décortiquées - 200g","p":5.47,"u":"27,35 €/KG","img":"https://fd9-photos.leclercdrive.fr/image.ashx?id=2399661&use=l&cat=p&typeid=i","cat":284343},{"id":111363,"n":"Allumettes Eco+ Nature - 2x100g","p":1.17,"u":"5,85 €/KG","img":"https://fd9-photos.leclercdrive.fr/image.ashx?id=2688255&use=l&cat=p&typeid=i","cat":316011},{"id":111368,"n":"Lardons nature Eco+ 180g","p":1.2,"u":"6,67 €/KG","img":"https://fd9-photos.leclercdrive.fr/image.ashx?id=2809888&use=l&cat=p&typeid=i","cat":316011},{"id":111369,"n":"Allumettes Eco+ Fumées - 2x100g","p":1.16,"u":"5,80 €/KG","img":"https://fd9-photos.leclercdrive.fr/image.ashx?id=2688258&use=l&cat=p&typeid=i","cat":316011},{"id":111385,"n":"Croquette chat stérilisé Ultima Boeuf - 1.5kg","p":6.65,"u":"4,43 €/KG","img":"https://fd9-photos.leclercdrive.fr/image.ashx?id=2921903&use=l&cat=p&typeid=i","cat":284680},{"id":111414,"n":"Repas bébé Blédichef 12 mois  Spaghetti bolognaise - 230g","p":1.76,"u":"7,65 €/KG","img":"https://fd9-photos.leclercdrive.fr/image.ashx?id=2643491&use=l&cat=p&typeid=i","cat":312237},{"id":111415,"n":"Repas bébé Blédichef 12 mois Purée épinards saumon - 230g","p":1.71,"u":"6,84 €/KG","img":"https://fd9-photos.leclercdrive.fr/image.ashx?id=1710731&use=l&cat=p&typeid=i","cat":312237},{"id":111418,"n":"Repas bébé Blédichef 15 mois Risotto courgette saumon - 250g","p":1.71,"u":"6,84 €/KG","img":"https://fd9-photos.leclercdrive.fr/image.ashx?id=2643488&use=l&cat=p&typeid=i","cat":312238},{"id":111420,"n":"Compotes Materne Coupelles  Pomme Nature - 12x100g","p":4.37,"u":"3,64 €/KG","img":"https://fd9-photos.leclercdrive.fr/image.ashx?id=3010867&use=l&cat=p&typeid=i","cat":284508},{"id":111422,"n":"Compotes Pom'Potes Gourdes  Pomm P. Frais P. Framb - 32x90g","p":11.08,"u":"3,85 €/KG","img":"https://fd9-photos.leclercdrive.fr/image.ashx?id=2870182&use=l&cat=p&typeid=i","cat":284508},{"id":111423,"n":"Compotes Materne Coupelles  Multivariétés Jaunes - 12x100g","p":4.46,"u":"3,72 €/KG","img":"https://fd9-photos.leclercdrive.fr/image.ashx?id=3012191&use=l&cat=p&typeid=i","cat":284508},{"id":111424,"n":"Repas bébé Blédichef 12 mois  Hachis parmentier - 230g","p":1.74,"u":"7,57 €/KG","img":"https://fd9-photos.leclercdrive.fr/image.ashx?id=2478571&use=l&cat=p&typeid=i","cat":312237},{"id":111425,"n":"Chips lentilles Vico Fines herbes - 85g","p":1.65,"u":"19,41 €/KG","img":"https://fd9-photos.leclercdrive.fr/image.ashx?id=3000096&use=l&cat=p&typeid=i","cat":284447},{"id":111426,"n":"Chips lentille Vico Tomate mozzarella - 85g","p":1.58,"u":"18,59 €/KG","img":"https://fd9-photos.leclercdrive.fr/image.ashx?id=2989255&use=l&cat=p&typeid=i","cat":284447},{"id":111428,"n":"Thé vert citron vert Twinings Gingembre - 20 sachets - 32g","p":2.91,"u":"90,94 €/KG","img":"https://fd9-photos.leclercdrive.fr/image.ashx?id=2893042&use=l&cat=p&typeid=i","cat":293233},{"id":111432,"n":"Plat bébé soir Blédichef 15mois Pomme de terre chou fleur -250g","p":1.98,"u":"7,92 €/KG","img":"https://fd9-photos.leclercdrive.fr/image.ashx?id=2479018&use=l&cat=p&typeid=i","cat":312239},{"id":111435,"n":"Repas bébé Blédichef 18 mois  Ratatouille poulet - 250g","p":1.92,"u":"7,68 €/KG","img":"https://fd9-photos.leclercdrive.fr/image.ashx?id=2951596&use=l&cat=p&typeid=i","cat":312238},{"id":111455,"n":"Pot bébé truite 6-9mois Babybio Carotte potimarron bio - 2x200g","p":2.86,"u":"7,15 €/KG","img":"https://fd9-photos.leclercdrive.fr/image.ashx?id=2857344&use=l&cat=p&typeid=i","cat":312236},{"id":111590,"n":"Capsules café L'Or Espresso Lungo Mattinata N°5 x10","p":3.42,"u":"65,77 €/KG","img":"https://fd9-photos.leclercdrive.fr/image.ashx?id=3002309&use=l&cat=p&typeid=i","cat":284749},{"id":111622,"n":"Moelleux chocolat 6/8 parts  6P","p":6.99,"u":"1,17 €/P","img":"https://fd9-photos.leclercdrive.fr/image.ashx?id=576806&use=l&cat=p&typeid=i","cat":284360},{"id":111785,"n":"Soda Pepsi Cola cerise sans sucres - 1.5L","p":1.66,"u":"1,11 €/L","img":"https://fd9-photos.leclercdrive.fr/image.ashx?id=2734924&use=l&cat=p&typeid=i","cat":284530},{"id":111797,"n":"Filet de thon Nautilus à l'huile d'olive - 135g","p":4.12,"u":"30,52 €/KG","img":"https://fd9-photos.leclercdrive.fr/image.ashx?id=2586888&use=l&cat=p&typeid=i","cat":303867},{"id":111829,"n":"Compote Charles & Alice Pommes Fraises - 4x100g","p":1.8,"u":"4,50 €/KG","img":"https://fd9-photos.leclercdrive.fr/image.ashx?id=2757338&use=l&cat=p&typeid=i","cat":284416},{"id":111895,"n":"Coloration Perfect Mousse Schwarzkopf - 500 châtain","p":7.31,"img":"https://fd9-photos.leclercdrive.fr/image.ashx?id=2970882&use=l&cat=p&typeid=i","cat":288899},{"id":111898,"n":"Coloration permanente Garnier Châtain foncé pur 3.0 Olia","p":8.6,"u":"71,67 €/L","img":"https://fd9-photos.leclercdrive.fr/image.ashx?id=2323619&use=l&cat=p&typeid=i","cat":288899},{"id":111899,"n":"Coloration Perfect Mousse Schwarzkopf - 465 châtain choco","p":7.31,"img":"https://fd9-photos.leclercdrive.fr/image.ashx?id=2921555&use=l&cat=p&typeid=i","cat":288899},{"id":111900,"n":"Coloration Permanente Olia 4.0 Chatain Pur sans ammoniaque","p":9.32,"img":"https://fd9-photos.leclercdrive.fr/image.ashx?id=2471319&use=l&cat=p&typeid=i","cat":288899},{"id":111903,"n":"Coloration Permanente Olia 5.3 Chatain Clair Doré","p":8.95,"img":"https://fd9-photos.leclercdrive.fr/image.ashx?id=2520494&use=l&cat=p&typeid=i","cat":288899},{"id":111908,"n":"Huile d'amande douce Primoplast 100ml","p":3.25,"u":"32,50 €/L","img":"https://fd9-photos.leclercdrive.fr/image.ashx?id=2856576&use=l&cat=p&typeid=i","cat":284630},{"id":111914,"n":"Bière ambrée Grimbergen 6,5° - 12x25cl","p":10.24,"u":"3,41 €/L","img":"https://fd9-photos.leclercdrive.fr/image.ashx?id=2294378&use=l&cat=p&typeid=i","cat":334852},{"id":111938,"n":"Bière blonde Affligem  Sans alcool - 6x25cl","p":4.73,"u":"3,15 €/L","img":"https://fd9-photos.leclercdrive.fr/image.ashx?id=2979695&use=l&cat=p&typeid=i","cat":334877},{"id":111972,"n":"Serviettes Discreet Tena Lady Extra Plus - x16","p":6.39,"u":"0,40 €/P","img":"https://fd9-photos.leclercdrive.fr/image.ashx?id=2597250&use=l&cat=p&typeid=i","cat":284628},{"id":111989,"n":"Plat bébé soir Blédichef 12mois Semoule carotte - 230g","p":1.62,"u":"7,04 €/KG","img":"https://fd9-photos.leclercdrive.fr/image.ashx?id=2852363&use=l&cat=p&typeid=i","cat":312239},{"id":111990,"n":"Plat bébé soir Blédichef 18mois Pâtes épinards carotte - 250g","p":1.83,"u":"7,32 €/KG","img":"https://fd9-photos.leclercdrive.fr/image.ashx?id=2479027&use=l&cat=p&typeid=i","cat":312239},{"id":112001,"n":"Recharge Power Tabs Rubson Aero Neutre - Lot de 6","p":26.75,"img":"https://fd9-photos.leclercdrive.fr/image.ashx?id=1971368&use=l&cat=p&typeid=i","cat":300576},{"id":112025,"n":"Fromage St Marcellin IGP 25%mg NRT - 80g","p":1.59,"u":"19,88 €/KG","img":"https://fd9-photos.leclercdrive.fr/image.ashx?id=2174738&use=l&cat=p&typeid=i","cat":329558},{"id":112026,"n":"Fromage Saint Félicien Dauphine NRT - 180g","p":2.65,"u":"14,72 €/KG","img":"https://fd9-photos.leclercdrive.fr/image.ashx?id=2600617&use=l&cat=p&typeid=i","cat":329558},{"id":112033,"n":"Sauce Charal Figue et sauterne - 120g","p":2.7,"u":"22,50 €/KG","img":"https://fd9-photos.leclercdrive.fr/image.ashx?id=2144284&use=l&cat=p&typeid=i","cat":327293},{"id":112125,"n":"Crème nutritive nuit So'bio Précieux Argan bio  - 50ml","p":11.15,"u":"223,00 €/L","img":"https://fd9-photos.leclercdrive.fr/image.ashx?id=2990715&use=l&cat=p&typeid=i","cat":325345},{"id":112126,"n":"Crème rose jour So'Bio Etic Précieux Argan bio - 50ml","p":10.59,"u":"211,80 €/L","img":"https://fd9-photos.leclercdrive.fr/image.ashx?id=2792687&use=l&cat=p&typeid=i","cat":325345},{"id":112143,"n":"Oignon rouge Panier du Primeur x4","p":1.79,"u":"0,45 €/P","img":"https://fd9-photos.leclercdrive.fr/image.ashx?id=2966490&use=l&cat=p&typeid=i","cat":284352},{"id":112153,"n":"Planta Fin Cuisson 79%MG - 500ml","p":2.63,"u":"5,26 €/L","img":"https://fd9-photos.leclercdrive.fr/image.ashx?id=2793083&use=l&cat=p&typeid=i","cat":315229},{"id":112286,"n":"Terreau Beaux Jours Universel - 40L","p":4.79,"u":"0,12 €/L","img":"https://fd9-photos.leclercdrive.fr/image.ashx?id=1723042&use=l&cat=p&typeid=i","cat":335919},{"id":112291,"n":"Yaourt protéiné Hipro Myrtille 0%mg - 2x160g","p":2.34,"u":"7,31 €/KG","img":"https://fd9-photos.leclercdrive.fr/image.ashx?id=2800285&use=l&cat=p&typeid=i","cat":315000},{"id":112292,"n":"Yaourt protéiné Hipro Citron 0%mg - 2x160g","p":2.27,"u":"7,09 €/KG","img":"https://fd9-photos.leclercdrive.fr/image.ashx?id=2945415&use=l&cat=p&typeid=i","cat":315000},{"id":112293,"n":"Yaourt à boire protéiné Hipro Vanille cookie 0%mg - 300g","p":2.02,"u":"6,73 €/KG","img":"https://fd9-photos.leclercdrive.fr/image.ashx?id=2329753&use=l&cat=p&typeid=i","cat":315000},{"id":112294,"n":"Yaourt à boire protéiné Hipro Fraise framboise 0%mg - 300g","p":2.15,"u":"7,17 €/KG","img":"https://fd9-photos.leclercdrive.fr/image.ashx?id=2806060&use=l&cat=p&typeid=i","cat":315000},{"id":112335,"n":"Sauce soja carafe Kikkoman 150ml","p":4.19,"u":"27,93 €/L","img":"https://fd9-photos.leclercdrive.fr/image.ashx?id=2536290&use=l&cat=p&typeid=i","cat":288992},{"id":112342,"n":"Baume Nourrissant La Provençale Huile d'olive bio - 50ml","p":9.65,"u":"193,00 €/L","img":"https://fd9-photos.leclercdrive.fr/image.ashx?id=2297108&use=l&cat=p&typeid=i","cat":325345},{"id":112471,"n":"Mousse Danette  Chocolat - 4x60g","p":1.77,"u":"7,38 €/KG","img":"https://fd9-photos.leclercdrive.fr/image.ashx?id=2964923&use=l&cat=p&typeid=i","cat":284417},{"id":112503,"n":"Baume de nuit La Provençale Bio Anti-Âge regénérant - 50ml","p":8.49,"u":"169,80 €/L","img":"https://fd9-photos.leclercdrive.fr/image.ashx?id=2950360&use=l&cat=p&typeid=i","cat":325345},{"id":112556,"n":"Oignon rouge Bio  Bio Village - 500g","p":2.49,"u":"4,98 €/KG","img":"https://fd9-photos.leclercdrive.fr/image.ashx?id=2922460&use=l&cat=p&typeid=i","cat":284352},{"id":112557,"n":"Gnocchi à poêler Lustucru Fromage - 2x300g+ 300g offerts","p":3.19,"u":"3,54 €/KG","img":"https://fd9-photos.leclercdrive.fr/image.ashx?id=2192398&use=l&cat=p&typeid=i","cat":333682},{"id":112599,"n":"Sachets Chats Ultima Nature Poissons - 12x85g","p":7.84,"u":"7,69 €/KG","img":"https://fd9-photos.leclercdrive.fr/image.ashx?id=2338648&use=l&cat=p&typeid=i","cat":285286},{"id":112621,"n":"Riz au lait La Laitière Vanille - 4x115g","p":1.7,"u":"3,70 €/KG","img":"https://fd9-photos.leclercdrive.fr/image.ashx?id=2661151&use=l&cat=p&typeid=i","cat":284418},{"id":112624,"n":"Semoule au lait La Laitière Vanille - 4x115g","p":1.76,"u":"3,83 €/KG","img":"https://fd9-photos.leclercdrive.fr/image.ashx?id=2654578&use=l&cat=p&typeid=i","cat":284418},{"id":112662,"n":"Vin mousseux Charles Volner Soirée blanche - 75cl","p":4.9,"pp":3.23,"u":"4,31 €/L","img":"https://fd9-photos.leclercdrive.fr/image.ashx?id=1727814&use=l&cat=p&typeid=i","cat":284544},{"id":112694,"n":"Foie gras canard IGP Sud-Ouest Label Rouge Lobe NRT - 200g","p":19.99,"u":"99,95 €/KG","img":"https://fd9-photos.leclercdrive.fr/image.ashx?id=2743906&use=l&cat=p&typeid=i","cat":316008},{"id":112698,"n":"yaourt bifidus activia muesli quinoa amande chia -170g","p":1.96,"u":"11,53 €/KG","img":"https://fd9-photos.leclercdrive.fr/image.ashx?id=2965885&use=l&cat=p&typeid=i","cat":315000},{"id":112699,"n":"yaourt bifidus activia muesli framboise chia - 170g","p":2.03,"u":"11,94 €/KG","img":"https://fd9-photos.leclercdrive.fr/image.ashx?id=2965888&use=l&cat=p&typeid=i","cat":315000},{"id":112761,"n":"Kid Smile McCain 850g","p":2.72,"u":"3,20 €/KG","img":"https://fd9-photos.leclercdrive.fr/image.ashx?id=2745802&use=l&cat=p&typeid=i","cat":319792},{"id":112764,"n":"Potatoes aux herbes McCain Country Potatoes - 780g","p":2.74,"u":"3,51 €/KG","img":"https://fd9-photos.leclercdrive.fr/image.ashx?id=2973342&use=l&cat=p&typeid=i","cat":319791},{"id":112806,"n":"Soupe Liquide Liebig  10 Légumes & Crème fraiche - 1L","p":2.28,"u":"2,28 €/L","img":"https://fd9-photos.leclercdrive.fr/image.ashx?id=2941484&use=l&cat=p&typeid=i","cat":284462},{"id":112807,"n":"Soupe liquide Liebig  Légumes et vermicelles - 2x30cl","p":2.12,"u":"3,53 €/L","img":"https://fd9-photos.leclercdrive.fr/image.ashx?id=2164075&use=l&cat=p&typeid=i","cat":284462},{"id":112808,"n":"Soupe liquide Liebig légumes Et vermicelles - Brique 1L","p":2.34,"u":"2,34 €/L","img":"https://fd9-photos.leclercdrive.fr/image.ashx?id=2892142&use=l&cat=p&typeid=i","cat":284462},{"id":112811,"n":"Gel Lave-Vaisselle Sun Tout-en-1 Citron 52 Lavages","p":7.9,"u":"8,78 €/L","img":"https://fd9-photos.leclercdrive.fr/image.ashx?id=2356268&use=l&cat=p&typeid=i","cat":284656},{"id":112947,"n":"Tablette de Chocolat Côte d'Or Praliné lait cajou amande 200g","p":4.0,"u":"20,00 €/KG","img":"https://fd9-photos.leclercdrive.fr/image.ashx?id=2957773&use=l&cat=p&typeid=i","cat":284497},{"id":113108,"n":"Tartine Grilletine de Pasquier Froment - x18 - 242g","p":1.61,"u":"6,65 €/KG","img":"https://fd9-photos.leclercdrive.fr/image.ashx?id=2333060&use=l&cat=p&typeid=i","cat":284479},{"id":113110,"n":"Tartine Grilletine de Pasquier Blé complet - x18 - 242g","p":1.61,"u":"6,65 €/KG","img":"https://fd9-photos.leclercdrive.fr/image.ashx?id=2333063&use=l&cat=p&typeid=i","cat":284479},{"id":113130,"n":"Citrons verts Panier du Primeur 500g","p":1.99,"u":"3,98 €/KG","img":"https://fd9-photos.leclercdrive.fr/image.ashx?id=2373018&use=l&cat=p&typeid=i","cat":284356},{"id":113287,"n":"Bière Ambree Jenlain 6x25cl","p":5.43,"u":"3,62 €/L","img":"https://fd9-photos.leclercdrive.fr/image.ashx?id=2504677&use=l&cat=p&typeid=i","cat":334852},{"id":113327,"n":"Recharges absorbeur d'humidité Foxter - Galet percés - x4 450g","p":9.9,"u":"22,00 €/KG","img":"https://fd9-photos.leclercdrive.fr/image.ashx?id=1735987&use=l&cat=p&typeid=i","cat":300576},{"id":113328,"n":"Absorbeur + recharge Foxter Neutre Galet percé - 450g","p":5.58,"u":"12,40 €/KG","img":"https://fd9-photos.leclercdrive.fr/image.ashx?id=1735996&use=l&cat=p&typeid=i","cat":300576},{"id":113331,"n":"Recharges absorbeur d'humidité Foxter Lavande - Galet x4 450g","p":9.99,"u":"5,55 €/KG","img":"https://fd9-photos.leclercdrive.fr/image.ashx?id=1735984&use=l&cat=p&typeid=i","cat":300576},{"id":113358,"n":"Bière ambrée Leffe 6,6% - 12x25cl","p":9.5,"u":"3,17 €/L","img":"https://fd9-photos.leclercdrive.fr/image.ashx?id=2533985&use=l&cat=p&typeid=i","cat":334852},{"id":113470,"n":"AOP Pinot Gris Vin blanc Wolfberger Vieilles Vignes-75cl","p":9.5,"u":"12,67 €/L","img":"https://fd9-photos.leclercdrive.fr/image.ashx?id=2831846&use=l&cat=p&typeid=i","cat":289557},{"id":113654,"n":"Xtrem Box Sodebo Radiatori Bœuf Poivre - 400g","p":3.4,"u":"8,50 €/KG","img":"https://fd9-photos.leclercdrive.fr/image.ashx?id=2643998&use=l&cat=p&typeid=i","cat":334983},{"id":113680,"n":"Brioche tressée Nature Harrys Sucre perlé sans additif - 500g","p":2.88,"u":"5,76 €/KG","img":"https://fd9-photos.leclercdrive.fr/image.ashx?id=2503013&use=l&cat=p&typeid=i","cat":284478},{"id":113685,"n":"Bûche glacée L'Angelys Vanille  Caramel beurre salé - 500g","p":8.13,"u":"16,26 €/KG","img":"https://fd9-photos.leclercdrive.fr/image.ashx?id=2950435&use=l&cat=p&typeid=i","cat":284266},{"id":113711,"n":"Filets de cabillaud Findus MSC - 600g","p":15.4,"u":"25,67 €/KG","img":"https://fd9-photos.leclercdrive.fr/image.ashx?id=2735350&use=l&cat=p&typeid=i","cat":319786},{"id":113732,"n":"Lames de rasoir Bulldog 4 recharges - 5 lames","p":10.72,"img":"https://fd9-photos.leclercdrive.fr/image.ashx?id=1733158&use=l&cat=p&typeid=i","cat":284616},{"id":113747,"n":"Fromage raclette Les Croisés Aux Herbes de provence - 250g","p":4.34,"u":"17,36 €/KG","img":"https://fd9-photos.leclercdrive.fr/image.ashx?id=2793296&use=l&cat=p&typeid=i","cat":314037},{"id":113754,"n":"Crème fraîche Yoplait Légère -12% matière grasse 450g","p":1.46,"u":"3,24 €/KG","img":"https://fd9-photos.leclercdrive.fr/image.ashx?id=2811032&use=l&cat=p&typeid=i","cat":284381},{"id":113773,"n":"Tagliatelle Gayelord Hauser Sans rinçage, Konjac - 160g","p":1.78,"u":"11,13 €/KG","img":"https://fd9-photos.leclercdrive.fr/image.ashx?id=2827086&use=l&cat=p&typeid=i","cat":318652},{"id":113774,"n":"Assiette riz Bio Village Bio Légumes vert  12 mois 230g","p":1.45,"u":"6,30 €/KG","img":"https://fd9-photos.leclercdrive.fr/image.ashx?id=2900205&use=l&cat=p&typeid=i","cat":312237},{"id":113775,"n":"Assiette bio Bio Village Panais carotte riz 12 mois 230g","p":1.45,"u":"6,30 €/KG","img":"https://fd9-photos.leclercdrive.fr/image.ashx?id=2900208&use=l&cat=p&typeid=i","cat":312237},{"id":113779,"n":"Assiette bio Bio Village Haricot vert dinde 12 mois 230g","p":1.45,"u":"6,30 €/KG","img":"https://fd9-photos.leclercdrive.fr/image.ashx?id=2900217&use=l&cat=p&typeid=i","cat":312237},{"id":113783,"n":"Assiette bio Bio Village Hachis parmentier 12 mois 230g","p":1.45,"u":"6,30 €/KG","img":"https://fd9-photos.leclercdrive.fr/image.ashx?id=2900220&use=l&cat=p&typeid=i","cat":312237},{"id":113786,"n":"Assiette Tajine Bio Village Bio  15 mois 250g","p":1.85,"u":"7,40 €/KG","img":"https://fd9-photos.leclercdrive.fr/image.ashx?id=2878756&use=l&cat=p&typeid=i","cat":312238},{"id":113787,"n":"Assiette pâtes bio Bio Village Légumes saumon 18 mois 260g","p":1.95,"u":"7,50 €/KG","img":"https://fd9-photos.leclercdrive.fr/image.ashx?id=2900232&use=l&cat=p&typeid=i","cat":312238},{"id":113789,"n":"Assiette bio Bio Village Pot au feu - 18 mois - 260g","p":1.89,"u":"7,27 €/KG","img":"https://fd9-photos.leclercdrive.fr/image.ashx?id=2900235&use=l&cat=p&typeid=i","cat":312238},{"id":113790,"n":"Assiette 12 mois Bio Village Spaghetti bolognaise bio - 230g","p":1.59,"u":"6,91 €/KG","img":"https://fd9-photos.leclercdrive.fr/image.ashx?id=2900238&use=l&cat=p&typeid=i","cat":312237},{"id":113792,"n":"Assiette bio 15mois Bio Village Legumes volaille basquaise 250g","p":1.79,"u":"7,16 €/KG","img":"https://fd9-photos.leclercdrive.fr/image.ashx?id=2900244&use=l&cat=p&typeid=i","cat":312238},{"id":113793,"n":"Assiette bio Bio Village Carotte boeuf pdt 15mois 250g","p":1.85,"u":"7,40 €/KG","img":"https://fd9-photos.leclercdrive.fr/image.ashx?id=2900241&use=l&cat=p&typeid=i","cat":312238},{"id":113794,"n":"Assiette bio Bio Village Tomate aubergine 18 mois 260g","p":1.85,"u":"7,12 €/KG","img":"https://fd9-photos.leclercdrive.fr/image.ashx?id=2900247&use=l&cat=p&typeid=i","cat":312238},{"id":113806,"n":"Omelette norvégienne L'Angelys Vanille - 360g","p":10.45,"u":"29,03 €/KG","img":"https://fd9-photos.leclercdrive.fr/image.ashx?id=2921987&use=l&cat=p&typeid=i","cat":284266},{"id":113808,"n":"Crème dessert La Laitière Pot de crème vanille - 4x100g","p":2.36,"u":"5,90 €/KG","img":"https://fd9-photos.leclercdrive.fr/image.ashx?id=2875969&use=l&cat=p&typeid=i","cat":285041},{"id":113811,"n":"Crème dessert La Laitière Pot de crème chocolat - 4x100g","p":2.33,"u":"5,83 €/KG","img":"https://fd9-photos.leclercdrive.fr/image.ashx?id=2875966&use=l&cat=p&typeid=i","cat":285041},{"id":113839,"n":"AOC Coteaux Varois en Provence Rosé Bio Terres Ocrées - 75cl","p":4.99,"u":"6,65 €/L","img":"https://fd9-photos.leclercdrive.fr/image.ashx?id=2877490&use=l&cat=p&typeid=i","cat":289558},{"id":113854,"n":"Panaché Millbrau <0.5%vol - 10x25cl","p":2.48,"u":"0,99 €/L","img":"https://fd9-photos.leclercdrive.fr/image.ashx?id=2059071&use=l&cat=p&typeid=i","cat":334877},{"id":113855,"n":"Boisson thé Fresh Tea Pêche abricot - 1.5L","p":1.82,"u":"1,21 €/L","img":"https://fd9-photos.leclercdrive.fr/image.ashx?id=2622281&use=l&cat=p&typeid=i","cat":295019},{"id":113858,"n":"Yaourt à la grecque YAOS Nature - 8x125g","p":3.48,"u":"3,48 €/KG","img":"https://fd9-photos.leclercdrive.fr/image.ashx?id=2418462&use=l&cat=p&typeid=i","cat":314999},{"id":113973,"n":"Biscuits Baiocchi Mulino Bianco Chocolat noisette - 260g","p":2.36,"u":"9,08 €/KG","img":"https://fd9-photos.leclercdrive.fr/image.ashx?id=2787968&use=l&cat=p&typeid=i","cat":284488},{"id":113980,"n":"Café dosettes Tassimo Grand-mère - Expresso x16","p":4.36,"u":"41,92 €/KG","img":"https://fd9-photos.leclercdrive.fr/image.ashx?id=1749617&use=l&cat=p&typeid=i","cat":293240},{"id":113998,"n":"Girasoli Lustucru Selection  Ricotta Epinard - 250g","p":2.79,"u":"11,16 €/KG","img":"https://fd9-photos.leclercdrive.fr/image.ashx?id=2974351&use=l&cat=p&typeid=i","cat":333682},{"id":114017,"n":"Bière blonde Heineken 5%vol - 12x33cl","p":9.07,"u":"2,29 €/L","img":"https://fd9-photos.leclercdrive.fr/image.ashx?id=3008125&use=l&cat=p&typeid=i","cat":334853},{"id":114020,"n":"Bière aromatisée  Desperados 5.9%vol - Boite 50cl","p":1.77,"u":"3,54 €/L","img":"https://fd9-photos.leclercdrive.fr/image.ashx?id=2977303&use=l&cat=p&typeid=i","cat":334853},{"id":114023,"n":"Thon au naturel Petit Navire Démarche Responsable - 280g","p":4.52,"u":"16,14 €/KG","img":"https://fd9-photos.leclercdrive.fr/image.ashx?id=2909974&use=l&cat=p&typeid=i","cat":303867},{"id":114046,"n":"AOP Champagne Brut Vranken 75cl","p":29.1,"u":"38,80 €/L","img":"https://fd9-photos.leclercdrive.fr/image.ashx?id=2020245&use=l&cat=p&typeid=i","cat":284542},{"id":114047,"n":"Plat bébé soir Blédichef 12mois Macaroni courgette - 2x230g","p":3.39,"u":"7,37 €/KG","img":"https://fd9-photos.leclercdrive.fr/image.ashx?id=2560690&use=l&cat=p&typeid=i","cat":312239},{"id":114063,"n":"Fouet extra le Catalan Le Batistou - 160g","p":3.56,"u":"22,25 €/KG","img":"https://fd9-photos.leclercdrive.fr/image.ashx?id=2343813&use=l&cat=p&typeid=i","cat":316006},{"id":114091,"n":"Lait corps satinant Inell 250ml","p":2.5,"u":"10,00 €/L","img":"https://fd9-photos.leclercdrive.fr/image.ashx?id=2691697&use=l&cat=p&typeid=i","cat":325349},{"id":114095,"n":"Mouchoirs blancs 3 plis Caresse Boîte - x150","p":1.65,"u":"0,01 €/P","img":"https://fd9-photos.leclercdrive.fr/image.ashx?id=2779298&use=l&cat=p&typeid=i","cat":284638},{"id":114101,"n":"Culottes Mots d'enfants T4 : 8/15kg - x42","p":9.75,"u":"0,23 €/P","img":"https://fd9-photos.leclercdrive.fr/image.ashx?id=2907234&use=l&cat=p&typeid=i","cat":290633},{"id":114102,"n":"Change culottes Mots d'enfants T5 : 12/18kg - x40","p":9.75,"u":"0,24 €/P","img":"https://fd9-photos.leclercdrive.fr/image.ashx?id=2907237&use=l&cat=p&typeid=i","cat":290633},{"id":114103,"n":"Change culottes Mots d'enfants T6 : +16kg - x36","p":9.75,"u":"0,27 €/P","img":"https://fd9-photos.leclercdrive.fr/image.ashx?id=2907240&use=l&cat=p&typeid=i","cat":290633},{"id":114112,"n":"Soin de jour Nivea visage Q10 Peau sèche - 50ml","p":11.92,"u":"238,40 €/L","img":"https://fd9-photos.leclercdrive.fr/image.ashx?id=2289129&use=l&cat=p&typeid=i","cat":325345},{"id":114156,"n":"Huile vierge coco Jardin Bio  Bio - 460g","p":7.18,"u":"15,61 €/KG","img":"https://fd9-photos.leclercdrive.fr/image.ashx?id=2790036&use=l&cat=p&typeid=i","cat":284453},{"id":114238,"n":"Yaourt gourde Délisse Vanille/framboise - 6x90g","p":2.97,"u":"33,00 €/KG","img":"https://fd9-photos.leclercdrive.fr/image.ashx?id=2705089&use=l&cat=p&typeid=i","cat":284415},{"id":114242,"n":"Taboulé Oriental Pierre Martinet - 510g","p":1.75,"u":"3,43 €/KG","img":"https://fd9-photos.leclercdrive.fr/image.ashx?id=2684491&use=l&cat=p&typeid=i","cat":333657},{"id":114245,"n":"Fromage Beaufort NRT AOP  200g","p":4.99,"u":"24,95 €/KG","img":"https://fd9-photos.leclercdrive.fr/image.ashx?id=2271969&use=l&cat=p&typeid=i","cat":329184},{"id":114337,"n":"AOP Muscadet Sèvres et Maine Domaine Salmon - 75cl","p":5.78,"u":"7,71 €/L","img":"https://fd9-photos.leclercdrive.fr/image.ashx?id=2689010&use=l&cat=p&typeid=i","cat":289557},{"id":114363,"n":"AOP Coteaux Varois Rosé L'Escarelle - 75cl","p":7.9,"u":"10,53 €/L","img":"https://fd9-photos.leclercdrive.fr/image.ashx?id=2815112&use=l&cat=p&typeid=i","cat":289558},{"id":114400,"n":"Thon entier MSC Pêche Océan A l'huile - 104g","p":1.73,"u":"16,63 €/KG","img":"https://fd9-photos.leclercdrive.fr/image.ashx?id=2942208&use=l&cat=p&typeid=i","cat":303867},{"id":114406,"n":"Taboulé Pierre Martinet Oriental à l'huile d'olive 310g","p":1.6,"u":"5,16 €/KG","img":"https://fd9-photos.leclercdrive.fr/image.ashx?id=2432241&use=l&cat=p&typeid=i","cat":333657},{"id":114411,"n":"Dès de cheddar  Les Croisés 150g","p":2.19,"u":"14,60 €/KG","img":"https://fd9-photos.leclercdrive.fr/image.ashx?id=2422553&use=l&cat=p&typeid=i","cat":314027},{"id":114486,"n":"Boisson énergisante Crazy Tiger 1.5L","p":3.1,"u":"2,07 €/L","img":"https://fd9-photos.leclercdrive.fr/image.ashx?id=2735968&use=l&cat=p&typeid=i","cat":284533},{"id":114522,"n":"Bière blonde Leffe Triple 8,5% - 12x25cl","p":10.04,"u":"3,35 €/L","img":"https://fd9-photos.leclercdrive.fr/image.ashx?id=2548294&use=l&cat=p&typeid=i","cat":334852},{"id":114570,"n":"Traîneau chocolat oeuf Kinder Bleu - 75g","p":3.48,"u":"46,40 €/KG","img":"https://fd9-photos.leclercdrive.fr/image.ashx?id=2417549&use=l&cat=p&typeid=i","cat":327592},{"id":114580,"n":"IGP Foie gras Jean Larnaudie Bloc - barquette - 2x170g","p":27.5,"u":"80,88 €/KG","img":"https://fd9-photos.leclercdrive.fr/image.ashx?id=2915784&use=l&cat=p&typeid=i","cat":316008},{"id":114652,"n":"Mouchoirs blanc 2 plis Caresse Boîte mouchoirs papier - x180","p":1.69,"u":"0,01 €/P","img":"https://fd9-photos.leclercdrive.fr/image.ashx?id=2752640&use=l&cat=p&typeid=i","cat":284638},{"id":114706,"n":"Infusion des marmottes Les 2 Marmottes x30 - 46g","p":4.89,"u":"106,30 €/KG","img":"https://fd9-photos.leclercdrive.fr/image.ashx?id=2833552&use=l&cat=p&typeid=i","cat":293234},{"id":114784,"n":"Comté fromage bloc Les Croisés 350g","p":4.75,"u":"13,57 €/KG","img":"https://fd9-photos.leclercdrive.fr/image.ashx?id=2856636&use=l&cat=p&typeid=i","cat":314034},{"id":114805,"n":"Coeur Coulant Bonne Maman Chocolat - 2x80g","p":3.11,"u":"19,44 €/KG","img":"https://fd9-photos.leclercdrive.fr/image.ashx?id=2912326&use=l&cat=p&typeid=i","cat":284419},{"id":114807,"n":"Dessert Fruitier Andros Poire Williams morceaux 4x100g","p":2.99,"u":"7,48 €/KG","img":"https://fd9-photos.leclercdrive.fr/image.ashx?id=2908198&use=l&cat=p&typeid=i","cat":284416},{"id":114890,"n":"Fromage Comté NRT AOP 15 mois 200g","p":4.44,"u":"22,20 €/KG","img":"https://fd9-photos.leclercdrive.fr/image.ashx?id=2272030&use=l&cat=p&typeid=i","cat":314034},{"id":114901,"n":"Plat bébé Blédina 12 mois  Artichaut dinde - 2x200g","p":2.61,"u":"6,53 €/KG","img":"https://fd9-photos.leclercdrive.fr/image.ashx?id=2975089&use=l&cat=p&typeid=i","cat":312237},{"id":114970,"n":"Beurrier tendre Président Doux - 82% MG - 125g","p":2.17,"u":"17,36 €/KG","img":"https://fd9-photos.leclercdrive.fr/image.ashx?id=2917435&use=l&cat=p&typeid=i","cat":284379},{"id":115011,"n":"Lingettes bébé Mots d'enfants à l'eau - x60","p":1.66,"u":"0,03 €/P","img":"https://fd9-photos.leclercdrive.fr/image.ashx?id=3014293&use=l&cat=p&typeid=i","cat":284738},{"id":115013,"n":"Liquide vaisselle Uni Vert Ecologique citron - 750ml","p":1.59,"u":"2,12 €/L","img":"https://fd9-photos.leclercdrive.fr/image.ashx?id=2999517&use=l&cat=p&typeid=i","cat":284655},{"id":115016,"n":"Protège slip Chorys Ultra mini discret - x28","p":1.57,"u":"0,06 €/P","img":"https://fd9-photos.leclercdrive.fr/image.ashx?id=2003029&use=l&cat=p&typeid=i","cat":284625},{"id":115017,"n":"Protège slip Chorys Ultra mini long - x24","p":1.7,"u":"0,07 €/P","img":"https://fd9-photos.leclercdrive.fr/image.ashx?id=1962795&use=l&cat=p&typeid=i","cat":284628},{"id":115057,"n":"Pain de mie complet Harrys Graines de lin & tournesol 320g","p":1.78,"u":"5,56 €/KG","img":"https://fd9-photos.leclercdrive.fr/image.ashx?id=2543130&use=l&cat=p&typeid=i","cat":325068},{"id":115072,"n":"Girasoli Lustucru Selection  Cèpes Ricotta - 250g","p":2.97,"u":"11,88 €/KG","img":"https://fd9-photos.leclercdrive.fr/image.ashx?id=2974599&use=l&cat=p&typeid=i","cat":333682},{"id":115078,"n":"Penne poulet pesto Marie 280g","p":3.54,"u":"12,64 €/KG","img":"https://fd9-photos.leclercdrive.fr/image.ashx?id=2796752&use=l&cat=p&typeid=i","cat":333665},{"id":115093,"n":"Mozzarella vache Casa Azzurra Râpée - 150g","p":1.95,"u":"13,00 €/KG","img":"https://fd9-photos.leclercdrive.fr/image.ashx?id=1757239&use=l&cat=p&typeid=i","cat":314035},{"id":115113,"n":"Tirlibibi Haribo Boîte bonbons - 750g","p":4.88,"u":"6,51 €/KG","img":"https://fd9-photos.leclercdrive.fr/image.ashx?id=2806922&use=l&cat=p&typeid=i","cat":304250},{"id":115114,"n":"Polka Haribo Sachet bonbons - 300g","p":1.47,"u":"4,90 €/KG","img":"https://fd9-photos.leclercdrive.fr/image.ashx?id=2982414&use=l&cat=p&typeid=i","cat":304250},{"id":115115,"n":"Les Schtroumpfs Haribo Sachet bonbons - 300g","p":1.55,"u":"5,17 €/KG","img":"https://fd9-photos.leclercdrive.fr/image.ashx?id=2788475&use=l&cat=p&typeid=i","cat":304250},{"id":115116,"n":"Chamallows Haribo Guimauves   - 300g","p":1.58,"u":"5,27 €/KG","img":"https://fd9-photos.leclercdrive.fr/image.ashx?id=2984937&use=l&cat=p&typeid=i","cat":304250},{"id":115124,"n":"Terrine chien Bio Poulet légume - 300g","p":1.62,"u":"5,40 €/KG","img":"https://fd9-photos.leclercdrive.fr/image.ashx?id=2333808&use=l&cat=p&typeid=i","cat":284673},{"id":115156,"n":"Stick lèvres Bio Naïa Bio - 1 pièce","p":1.85,"img":"https://fd9-photos.leclercdrive.fr/image.ashx?id=2518837&use=l&cat=p&typeid=i","cat":285485},{"id":115158,"n":"Gelée bio Bio Naïa A l'aloe vera bio - 200ml","p":3.99,"u":"19,95 €/L","img":"https://fd9-photos.leclercdrive.fr/image.ashx?id=2436699&use=l&cat=p&typeid=i","cat":325350},{"id":115161,"n":"Infusion Bio La Tisanière Nuit Oranger - x20 Sachets","p":2.45,"u":"81,67 €/KG","img":"https://fd9-photos.leclercdrive.fr/image.ashx?id=2477061&use=l&cat=p&typeid=i","cat":293234},{"id":115252,"n":"Soin yeux La Provençale Bio  Anti-Âge Hydratant - 15ml","p":9.84,"u":"656,00 €/L","img":"https://fd9-photos.leclercdrive.fr/image.ashx?id=3014560&use=l&cat=p&typeid=i","cat":325345},{"id":115269,"n":"Sandwich Mega Club Sodebo  Pain Vien. Thon Œuf Mayo - 230g","p":2.05,"u":"8,91 €/KG","img":"https://fd9-photos.leclercdrive.fr/image.ashx?id=2960294&use=l&cat=p&typeid=i","cat":333658},{"id":115278,"n":"Gressins traditionnels Artesani 300g","p":2.09,"u":"6,97 €/KG","img":"https://fd9-photos.leclercdrive.fr/image.ashx?id=2475852&use=l&cat=p&typeid=i","cat":289010},{"id":115280,"n":"Gressins Florelli Au Sésame Artesani - 300g","p":2.39,"u":"7,97 €/KG","img":"https://fd9-photos.leclercdrive.fr/image.ashx?id=2475858&use=l&cat=p&typeid=i","cat":289010},{"id":115284,"n":"Crème hydratante bio N.A.E. Jour - 50ml","p":9.21,"u":"184,20 €/L","img":"https://fd9-photos.leclercdrive.fr/image.ashx?id=1882109&use=l&cat=p&typeid=i","cat":325345},{"id":115308,"n":"choco snack Milka 4x32g","p":2.16,"u":"16,88 €/KG","img":"https://fd9-photos.leclercdrive.fr/image.ashx?id=2189217&use=l&cat=p&typeid=i","cat":284420},{"id":115318,"n":"AOP Blanc doux Jurançon Prestige 2017 - 12% - 75cl","p":9.9,"u":"13,20 €/L","img":"https://fd9-photos.leclercdrive.fr/image.ashx?id=2923936&use=l&cat=p&typeid=i","cat":289557},{"id":115320,"n":"Capsules café Plantation Equilibré n°6 - x10 - 52g","p":2.19,"u":"42,12 €/KG","img":"https://fd9-photos.leclercdrive.fr/image.ashx?id=2891785&use=l&cat=p&typeid=i","cat":284749},{"id":115321,"n":"Capsules café Plantation Intense n°10 - x10 - 52g","p":2.19,"u":"42,12 €/KG","img":"https://fd9-photos.leclercdrive.fr/image.ashx?id=2908855&use=l&cat=p&typeid=i","cat":284749},{"id":115323,"n":"Capsules café Plantation Subtil n°5 - x10 - 52g","p":2.25,"u":"43,27 €/KG","img":"https://fd9-photos.leclercdrive.fr/image.ashx?id=2418107&use=l&cat=p&typeid=i","cat":284749},{"id":115324,"n":"Capsules café Plantation Décaféiné n°5 -  x10 - 52g","p":2.39,"u":"45,96 €/KG","img":"https://fd9-photos.leclercdrive.fr/image.ashx?id=2918472&use=l&cat=p&typeid=i","cat":284749},{"id":115326,"n":"Capsules café Plantation Lungo Délicat n°4 - x10 - 52g","p":2.35,"u":"45,19 €/KG","img":"https://fd9-photos.leclercdrive.fr/image.ashx?id=2418113&use=l&cat=p&typeid=i","cat":284749},{"id":115328,"n":"Capsules café Plantation  Ristretto n°12 - x10 - 52g","p":2.24,"u":"43,08 €/KG","img":"https://fd9-photos.leclercdrive.fr/image.ashx?id=2418116&use=l&cat=p&typeid=i","cat":284749},{"id":115332,"n":"Capsules café Plantation Brésil n°7 - x10 - 52g","p":2.39,"u":"45,96 €/KG","img":"https://fd9-photos.leclercdrive.fr/image.ashx?id=2929879&use=l&cat=p&typeid=i","cat":284749},{"id":115345,"n":"Capsules café Plantation Café vanille n°6 - x10 - 52g","p":2.39,"u":"45,96 €/KG","img":"https://fd9-photos.leclercdrive.fr/image.ashx?id=2918475&use=l&cat=p&typeid=i","cat":284749},{"id":115348,"n":"Capsules café Plantation Noisette n°7 - x10 - 52g","p":2.39,"u":"45,96 €/KG","img":"https://fd9-photos.leclercdrive.fr/image.ashx?id=2908858&use=l&cat=p&typeid=i","cat":284749},{"id":115349,"n":"Capsules café Plantation Intense n°10 - x30 - 156g","p":5.19,"u":"33,27 €/KG","img":"https://fd9-photos.leclercdrive.fr/image.ashx?id=2865095&use=l&cat=p&typeid=i","cat":284749},{"id":115350,"n":"Capsules café Plantation Equilibré N°6 - x30 - 156g","p":5.19,"u":"33,27 €/KG","img":"https://fd9-photos.leclercdrive.fr/image.ashx?id=2852249&use=l&cat=p&typeid=i","cat":284749},{"id":115351,"n":"Capsules café Plantation Espresso Forte n°8 - x10 - 52g","p":2.35,"u":"45,19 €/KG","img":"https://fd9-photos.leclercdrive.fr/image.ashx?id=2918478&use=l&cat=p&typeid=i","cat":284749},{"id":115355,"n":"Girolles Borde 175g","p":4.81,"u":"27,49 €/KG","img":"https://fd9-photos.leclercdrive.fr/image.ashx?id=2312804&use=l&cat=p&typeid=i","cat":312610},{"id":115357,"n":"Tablette De Chocolat A Patisser Pralinoise Praline - 180g","p":3.1,"u":"17,22 €/KG","img":"https://fd9-photos.leclercdrive.fr/image.ashx?id=2890265&use=l&cat=p&typeid=i","cat":285562},{"id":115359,"n":"Pancakes Nature Epi d'Or x18 - 360g","p":1.69,"u":"4,69 €/KG","img":"https://fd9-photos.leclercdrive.fr/image.ashx?id=2860763&use=l&cat=p&typeid=i","cat":284495},{"id":115364,"n":"Lait bébé en poudre Blédilait 2e âge 6-12 mois 900g","p":13.32,"u":"14,80 €/KG","img":"https://fd9-photos.leclercdrive.fr/image.ashx?id=2616853&use=l&cat=p&typeid=i","cat":284727},{"id":115367,"n":"Biscuits roses de Reims NRT 200g","p":3.69,"u":"18,45 €/KG","img":"https://fd9-photos.leclercdrive.fr/image.ashx?id=2704912&use=l&cat=p&typeid=i","cat":284487},{"id":115442,"n":"IGP Pays d'Oc Vin rouge Bleu de Mer - B. Magrez - 75cl","p":8.16,"u":"10,88 €/L","img":"https://fd9-photos.leclercdrive.fr/image.ashx?id=2867629&use=l&cat=p&typeid=i","cat":289556},{"id":115455,"n":"Bougies d'anniversaire Vahiné Bleues - blister de 16 bougies","p":1.43,"u":"0,09 €/P","img":"https://fd9-photos.leclercdrive.fr/image.ashx?id=1584569&use=l&cat=p&typeid=i","cat":284504},{"id":115457,"n":"Frites de Patate Douce McCain 500g","p":4.34,"u":"8,68 €/KG","img":"https://fd9-photos.leclercdrive.fr/image.ashx?id=2840632&use=l&cat=p&typeid=i","cat":319791},{"id":115459,"n":"Pizza tartiflette Turini 450g","p":3.39,"u":"7,53 €/KG","img":"https://fd9-photos.leclercdrive.fr/image.ashx?id=2816597&use=l&cat=p&typeid=i","cat":333679},{"id":115463,"n":"Litière chats Tranquille Carbonite - 7.1kg","p":6.05,"u":"0,85 €/KG","img":"https://fd9-photos.leclercdrive.fr/image.ashx?id=2421871&use=l&cat=p&typeid=i","cat":284683},{"id":115492,"n":"Bière blonde 1664 5,5° - 6x25cl","p":4.38,"u":"2,92 €/L","img":"https://fd9-photos.leclercdrive.fr/image.ashx?id=2215572&use=l&cat=p&typeid=i","cat":334873},{"id":115502,"n":"Persil et Ail Rustica 75g","p":1.99,"u":"26,53 €/KG","img":"https://fd9-photos.leclercdrive.fr/image.ashx?id=2365493&use=l&cat=p&typeid=i","cat":319804},{"id":115503,"n":"Pommes Dauphine Mc Cain 600g","p":3.3,"u":"5,50 €/KG","img":"https://fd9-photos.leclercdrive.fr/image.ashx?id=2988373&use=l&cat=p&typeid=i","cat":319792},{"id":115528,"n":"Alcool 90° Primoplast 100ml","p":2.19,"u":"21,90 €/L","img":"https://fd9-photos.leclercdrive.fr/image.ashx?id=2856570&use=l&cat=p&typeid=i","cat":284630},{"id":115646,"n":"Croc'Tou Choc chocolat Bio Lucien Georgelin - 375g","p":3.55,"u":"9,47 €/KG","img":"https://fd9-photos.leclercdrive.fr/image.ashx?id=2130586&use=l&cat=p&typeid=i","cat":309513},{"id":115651,"n":"Oeufs plein air maxi gourmands Calibre gros x6","p":1.87,"u":"0,31 €/P","img":"https://fd9-photos.leclercdrive.fr/image.ashx?id=2139583&use=l&cat=p&typeid=i","cat":284378},{"id":115660,"n":"Boudin noir Bahier  Oignons à l'ancienne 2x125g","p":2.2,"u":"8,80 €/KG","img":"https://fd9-photos.leclercdrive.fr/image.ashx?id=3000680&use=l&cat=p&typeid=i","cat":316012},{"id":115661,"n":"Boudin noir Bahier  Aux pommes 2x125g","p":2.2,"u":"8,80 €/KG","img":"https://fd9-photos.leclercdrive.fr/image.ashx?id=2972439&use=l&cat=p&typeid=i","cat":316012},{"id":115662,"n":"Boudin blanc Bahier Nature 2x125g","p":2.2,"u":"8,80 €/KG","img":"https://fd9-photos.leclercdrive.fr/image.ashx?id=2965981&use=l&cat=p&typeid=i","cat":316012},{"id":115771,"n":"Lait bébé en poudre Gallia Calisma 2e âge 6-12mois 2x600g","p":19.49,"u":"16,24 €/KG","img":"https://fd9-photos.leclercdrive.fr/image.ashx?id=2935750&use=l&cat=p&typeid=i","cat":284727},{"id":115772,"n":"Pâte à tartiner Bio Village Aux noisette bio - 600g","p":4.16,"u":"6,93 €/KG","img":"https://fd9-photos.leclercdrive.fr/image.ashx?id=2977201&use=l&cat=p&typeid=i","cat":284481},{"id":115773,"n":"Lait bébé en poudre Gallia Calisma 1er âge 0-6 mois 2x600g","p":23.42,"u":"19,52 €/KG","img":"https://fd9-photos.leclercdrive.fr/image.ashx?id=2953755&use=l&cat=p&typeid=i","cat":284726},{"id":115821,"n":"Confiture mirabelle Bonne Maman Intense - 335g","p":2.39,"u":"7,13 €/KG","img":"https://fd9-photos.leclercdrive.fr/image.ashx?id=2341026&use=l&cat=p&typeid=i","cat":284480},{"id":115823,"n":"Sauce à la Truffe Bénédicta Gamme Gourmet - 260g","p":3.59,"u":"13,81 €/KG","img":"https://fd9-photos.leclercdrive.fr/image.ashx?id=2616183&use=l&cat=p&typeid=i","cat":318430},{"id":115905,"n":"Yaourt brassé Perle de Lait Coco - 8x125g","p":3.53,"u":"3,53 €/KG","img":"https://fd9-photos.leclercdrive.fr/image.ashx?id=2989204&use=l&cat=p&typeid=i","cat":314999},{"id":115910,"n":"Yaourt brassé Perle de Lait Vanille - 8x125g","p":3.5,"u":"3,50 €/KG","img":"https://fd9-photos.leclercdrive.fr/image.ashx?id=2990568&use=l&cat=p&typeid=i","cat":314999},{"id":115937,"n":"Délice Pois Chiches Chèvre Cumin - 180g","p":4.25,"u":"23,61 €/KG","img":"https://fd9-photos.leclercdrive.fr/image.ashx?id=3008599&use=l&cat=p&typeid=i","cat":318430},{"id":115938,"n":"Confit à la Truffe d'été 200g","p":8.53,"u":"42,65 €/KG","img":"https://fd9-photos.leclercdrive.fr/image.ashx?id=3008614&use=l&cat=p&typeid=i","cat":305149},{"id":115939,"n":"Délice d'Artichauts 180g","p":5.44,"u":"30,22 €/KG","img":"https://fd9-photos.leclercdrive.fr/image.ashx?id=3008608&use=l&cat=p&typeid=i","cat":318430},{"id":115941,"n":"Coffret de Dégustation 3x90g","p":9.9,"u":"36,67 €/KG","img":"https://fd9-photos.leclercdrive.fr/image.ashx?id=1762966&use=l&cat=p&typeid=i","cat":284451},{"id":115958,"n":"Poelée de cèpes Magda Au beurre persillé - 300g","p":3.98,"pp":2.63,"u":"8,77 €/KG","img":"https://fd9-photos.leclercdrive.fr/image.ashx?id=2790015&use=l&cat=p&typeid=i","cat":319823},{"id":115970,"n":"Girolles à la crème Magda 300g","p":3.98,"pp":2.63,"u":"8,77 €/KG","img":"https://fd9-photos.leclercdrive.fr/image.ashx?id=2411117&use=l&cat=p&typeid=i","cat":319805},{"id":115991,"n":"Squidgies Haribo Sachet bonbons - 200g","p":1.77,"u":"8,85 €/KG","img":"https://fd9-photos.leclercdrive.fr/image.ashx?id=2984934&use=l&cat=p&typeid=i","cat":304250},{"id":116002,"n":"Porto Cruz Blanc - 18%vol - 75cl","p":7.21,"u":"9,61 €/L","img":"https://fd9-photos.leclercdrive.fr/image.ashx?id=2535822&use=l&cat=p&typeid=i","cat":284913},{"id":116010,"n":"Biscotte Pasquier Blé sans sucre ajoutés - 300g","p":1.85,"u":"6,17 €/KG","img":"https://fd9-photos.leclercdrive.fr/image.ashx?id=2507952&use=l&cat=p&typeid=i","cat":284479},{"id":116011,"n":"Biscotte Pasquier Froment sans sucre - 300g","p":1.95,"u":"6,50 €/KG","img":"https://fd9-photos.leclercdrive.fr/image.ashx?id=2507955&use=l&cat=p&typeid=i","cat":284479},{"id":116031,"n":"Cabécou du Périgord Rians 140g","p":2.39,"u":"17,07 €/KG","img":"https://fd9-photos.leclercdrive.fr/image.ashx?id=2482255&use=l&cat=p&typeid=i","cat":314031},{"id":116096,"n":"Shampooing douche Petit Manava Fraise cerise - 250ml","p":1.35,"u":"5,40 €/L","img":"https://fd9-photos.leclercdrive.fr/image.ashx?id=1763207&use=l&cat=p&typeid=i","cat":284606},{"id":116107,"n":"Vin pétillant italien Martini Prosecco 11,5° - 75cl","p":8.02,"u":"10,69 €/L","img":"https://fd9-photos.leclercdrive.fr/image.ashx?id=2973324&use=l&cat=p&typeid=i","cat":289461},{"id":116114,"n":"Shampooing douche Petit Manava Pêche banane - 250ml","p":1.35,"u":"5,40 €/L","img":"https://fd9-photos.leclercdrive.fr/image.ashx?id=2440458&use=l&cat=p&typeid=i","cat":284606},{"id":116171,"n":"Adoucissant concentré Hyperdou Pur Caresse x75 - 1.95L","p":3.65,"u":"1,87 €/L","img":"https://fd9-photos.leclercdrive.fr/image.ashx?id=2614512&use=l&cat=p&typeid=i","cat":284650},{"id":116193,"n":"AOC Monbazillac Vin blanc Domaine de la croix - 75cl","p":7.95,"pp":5.96,"u":"7,95 €/L","img":"https://fd9-photos.leclercdrive.fr/image.ashx?id=2403506&use=l&cat=p&typeid=i","cat":289557},{"id":116199,"n":"Vin blanc pétillant Roche Mazet Brut Chardonnay - 75cl","p":4.5,"pp":2.97,"u":"3,96 €/L","img":"https://fd9-photos.leclercdrive.fr/image.ashx?id=2475615&use=l&cat=p&typeid=i","cat":284544},{"id":116221,"n":"Crème de jour L'Oréal Paris  Revitalift Anti-âge - 50ml","p":14.96,"u":"299,20 €/L","img":"https://fd9-photos.leclercdrive.fr/image.ashx?id=2926581&use=l&cat=p&typeid=i","cat":325345},{"id":116222,"n":"IGP Pays d'Oc rosé Roche Mazet Syrah - 75cl","p":4.5,"pp":2.97,"u":"3,96 €/L","img":"https://fd9-photos.leclercdrive.fr/image.ashx?id=2475612&use=l&cat=p&typeid=i","cat":289558},{"id":116224,"n":"Porto Tawny Cruz 18%vol - 75cl","p":7.38,"u":"9,84 €/L","img":"https://fd9-photos.leclercdrive.fr/image.ashx?id=2536373&use=l&cat=p&typeid=i","cat":284913},{"id":116227,"n":"Pétillant Muscat Roche Mazet Demi-sec blanc - 75cl","p":4.5,"pp":2.97,"u":"3,96 €/L","img":"https://fd9-photos.leclercdrive.fr/image.ashx?id=2475618&use=l&cat=p&typeid=i","cat":284544},{"id":116240,"n":"Lait bébé liquide Blédilait croissance 1-3 ans 6x1L","p":12.23,"u":"2,04 €/L","img":"https://fd9-photos.leclercdrive.fr/image.ashx?id=2685799&use=l&cat=p&typeid=i","cat":284728},{"id":116284,"n":"Tablette de chocolat Côte d'Or Lait coeur coulant caramel 200g","p":4.11,"u":"20,55 €/KG","img":"https://fd9-photos.leclercdrive.fr/image.ashx?id=1925405&use=l&cat=p&typeid=i","cat":284497},{"id":116321,"n":"Soupe liquide Liebig tomates  Et vermicelles - Brique 1L","p":2.49,"u":"2,49 €/L","img":"https://fd9-photos.leclercdrive.fr/image.ashx?id=2941481&use=l&cat=p&typeid=i","cat":284462},{"id":116326,"n":"Soupe liquide Bio Liebig  Velouté Potiron Carottes - 75cl","p":3.46,"u":"4,61 €/L","img":"https://fd9-photos.leclercdrive.fr/image.ashx?id=2842567&use=l&cat=p&typeid=i","cat":284462},{"id":116387,"n":"Pâte à tartiner Poulain  Cacao noisette - 400g","p":2.82,"u":"7,05 €/KG","img":"https://fd9-photos.leclercdrive.fr/image.ashx?id=2806354&use=l&cat=p&typeid=i","cat":284481},{"id":116393,"n":"Carotte de sable 1p","p":0.3,"img":"https://fd9-photos.leclercdrive.fr/image.ashx?id=2077682&use=l&cat=p&typeid=i","cat":284352},{"id":116430,"n":"Tagliatelles Fleury Michon à l'Italienne et poulet - 300g","p":3.96,"u":"13,20 €/KG","img":"https://fd9-photos.leclercdrive.fr/image.ashx?id=2260767&use=l&cat=p&typeid=i","cat":333665},{"id":116432,"n":"Parmentier de saumon Fleury Michon - 300g","p":2.97,"u":"9,90 €/KG","img":"https://fd9-photos.leclercdrive.fr/image.ashx?id=2662349&use=l&cat=p&typeid=i","cat":333665},{"id":116583,"n":"Pâte a tartiner Bio Village Aux noisettes bio - 350g","p":2.45,"u":"7,00 €/KG","img":"https://fd9-photos.leclercdrive.fr/image.ashx?id=2977198&use=l&cat=p&typeid=i","cat":284481},{"id":116706,"n":"Yaourt à la grecque YAOS Nature lit de marrons 4x125g","p":2.38,"u":"4,76 €/KG","img":"https://fd9-photos.leclercdrive.fr/image.ashx?id=3007939&use=l&cat=p&typeid=i","cat":314999},{"id":116716,"n":"Saumon fumé Labeyrie Sauvage - 2 tranches - 65g","p":5.04,"u":"77,54 €/KG","img":"https://fd9-photos.leclercdrive.fr/image.ashx?id=2313699&use=l&cat=p&typeid=i","cat":285188},{"id":116889,"n":"Gourde Pomme Figues bio Babybio - 360g","p":3.1,"u":"8,61 €/KG","img":"https://fd9-photos.leclercdrive.fr/image.ashx?id=2827548&use=l&cat=p&typeid=i","cat":312393},{"id":116953,"n":"Rosette de Lyon 9 tranches - 80g","p":1.29,"u":"16,13 €/KG","img":"https://fd9-photos.leclercdrive.fr/image.ashx?id=2913244&use=l&cat=p&typeid=i","cat":316007},{"id":116958,"n":"Chorizo Espagnol Merle 16 tranches - 80g","p":1.29,"u":"16,13 €/KG","img":"https://fd9-photos.leclercdrive.fr/image.ashx?id=2913259&use=l&cat=p&typeid=i","cat":316007},{"id":116967,"n":"Carottes filière  Panier du Primeur - 1kg","p":1.49,"u":"1,49 €/KG","img":"https://fd9-photos.leclercdrive.fr/image.ashx?id=2920229&use=l&cat=p&typeid=i","cat":284352},{"id":116985,"n":"Parmesan Râpé Giovanni Ferrari  22 mois AOP - 60g","p":1.87,"u":"31,17 €/KG","img":"https://fd9-photos.leclercdrive.fr/image.ashx?id=3002297&use=l&cat=p&typeid=i","cat":314035},{"id":117132,"n":"Bouillon kub légumes Maggi -25% sel - 120g","p":1.7,"u":"14,17 €/KG","img":"https://fd9-photos.leclercdrive.fr/image.ashx?id=2758443&use=l&cat=p&typeid=i","cat":288379},{"id":117146,"n":"Lentilles rosées Bio Happy Bio 500g","p":2.71,"u":"5,42 €/KG","img":"https://fd9-photos.leclercdrive.fr/image.ashx?id=2685027&use=l&cat=p&typeid=i","cat":312609},{"id":117156,"n":"Yaourt à boire Actimel nature sans sucres - 6x100g","p":3.04,"u":"5,07 €/KG","img":"https://fd9-photos.leclercdrive.fr/image.ashx?id=2103484&use=l&cat=p&typeid=i","cat":284415},{"id":117235,"n":"Sirop Moulin de Valdonne Pêche abricot - 70cl","p":3.34,"u":"4,77 €/L","img":"https://fd9-photos.leclercdrive.fr/image.ashx?id=2170613&use=l&cat=p&typeid=i","cat":295020},{"id":117239,"n":"Tablette de chocolat noir Lindt Eclat caramel - 70% - 100g","p":2.9,"u":"29,00 €/KG","img":"https://fd9-photos.leclercdrive.fr/image.ashx?id=2423358&use=l&cat=p&typeid=i","cat":284956},{"id":117242,"n":"Biscuit coco pavot GERBLE BIO  Bio - 4x3, 132g","p":1.9,"u":"14,39 €/KG","img":"https://fd9-photos.leclercdrive.fr/image.ashx?id=2664052&use=l&cat=p&typeid=i","cat":284487},{"id":117246,"n":"Biscuits Gerblé Bio Citron gingembre - 132g","p":2.0,"u":"15,15 €/KG","img":"https://fd9-photos.leclercdrive.fr/image.ashx?id=2662871&use=l&cat=p&typeid=i","cat":318651},{"id":117248,"n":"Biscuits Gerblé Bio Amande cranberry - 132g","p":2.01,"u":"15,23 €/KG","img":"https://fd9-photos.leclercdrive.fr/image.ashx?id=2662868&use=l&cat=p&typeid=i","cat":318651},{"id":117297,"n":"Haricots verts Notre Jardin Sans sel ajouté - 225g","p":0.88,"u":"3,91 €/KG","img":"https://fd9-photos.leclercdrive.fr/image.ashx?id=3002644&use=l&cat=p&typeid=i","cat":312606},{"id":117330,"n":"Champignon Notre Jardin Emincé Sans sel ajouté - 230g","p":1.18,"u":"5,13 €/KG","img":"https://fd9-photos.leclercdrive.fr/image.ashx?id=1792507&use=l&cat=p&typeid=i","cat":312610},{"id":117378,"n":"Petits pois d'aucy  Bio - 58cl","p":2.58,"u":"7,59 €/KG","img":"https://fd9-photos.leclercdrive.fr/image.ashx?id=2431545&use=l&cat=p&typeid=i","cat":312607},{"id":117403,"n":"Poêlée de légumes Bonduelle La Parisienne - 750g","p":3.64,"u":"4,85 €/KG","img":"https://fd9-photos.leclercdrive.fr/image.ashx?id=2907908&use=l&cat=p&typeid=i","cat":319823},{"id":117405,"n":"Poêlée méditerranéenne  Bonduelle - 750g","p":3.48,"u":"4,64 €/KG","img":"https://fd9-photos.leclercdrive.fr/image.ashx?id=2962113&use=l&cat=p&typeid=i","cat":319823},{"id":117407,"n":"Poêlée à la paysanne Bonduelle 750g","p":3.48,"u":"4,64 €/KG","img":"https://fd9-photos.leclercdrive.fr/image.ashx?id=2907911&use=l&cat=p&typeid=i","cat":319823},{"id":117570,"n":"Galettes de riz Tables du monde Sachet - 100g","p":2.25,"u":"22,50 €/KG","img":"https://fd9-photos.leclercdrive.fr/image.ashx?id=2920223&use=l&cat=p&typeid=i","cat":288992},{"id":117705,"n":"Ras El Hanout Ducros Epices couscous - 38g","p":1.9,"u":"50,00 €/KG","img":"https://fd9-photos.leclercdrive.fr/image.ashx?id=2559490&use=l&cat=p&typeid=i","cat":298297},{"id":117828,"n":"Lardons fumés au bois CharcuFine du Forez - 140g","p":1.29,"u":"9,21 €/KG","img":"https://fd9-photos.leclercdrive.fr/image.ashx?id=2913268&use=l&cat=p&typeid=i","cat":316011},{"id":117829,"n":"Lardons natures  Charcufine du Forez - 140g","p":1.29,"u":"9,21 €/KG","img":"https://fd9-photos.leclercdrive.fr/image.ashx?id=2913271&use=l&cat=p&typeid=i","cat":316011},{"id":118024,"n":"Champagne Piper Heidsieck Rosé sauvage 12% Vol - 75 cl","p":31.1,"u":"41,47 €/L","img":"https://fd9-photos.leclercdrive.fr/image.ashx?id=2103247&use=l&cat=p&typeid=i","cat":284542},{"id":118027,"n":"Filet de porc cuit Bigard Jus aux fines herbes - 400g","p":8.99,"u":"22,48 €/KG","img":"https://fd9-photos.leclercdrive.fr/image.ashx?id=2208351&use=l&cat=p&typeid=i","cat":284331},{"id":118038,"n":"AOP Alsace Gewurztraminer Nos Vignerons ont du Talent - 75cl","p":8.99,"u":"11,99 €/L","img":"https://fd9-photos.leclercdrive.fr/image.ashx?id=3004570&use=l&cat=p&typeid=i","cat":289557},{"id":118058,"n":"Paleron de boeuf  Bigard Jus à la vigneronne - 400g","p":8.99,"u":"22,48 €/KG","img":"https://fd9-photos.leclercdrive.fr/image.ashx?id=2386665&use=l&cat=p&typeid=i","cat":284328},{"id":118073,"n":"Jarret de porc  cuit Bigard Jus échalote romarin - 400g","p":7.5,"u":"18,75 €/KG","img":"https://fd9-photos.leclercdrive.fr/image.ashx?id=2014973&use=l&cat=p&typeid=i","cat":284331},{"id":118077,"n":"Joue de boeuf fondante Bigard  - 400g","p":8.99,"u":"22,48 €/KG","img":"https://fd9-photos.leclercdrive.fr/image.ashx?id=2208357&use=l&cat=p&typeid=i","cat":284328},{"id":118113,"n":"Sauce soja Bio Village Bio - 150ml","p":1.99,"u":"13,27 €/L","img":"https://fd9-photos.leclercdrive.fr/image.ashx?id=2913772&use=l&cat=p&typeid=i","cat":288992},{"id":118116,"n":"Sauce soja sucrée Bio Village Bio - 150ml","p":1.99,"u":"13,27 €/L","img":"https://fd9-photos.leclercdrive.fr/image.ashx?id=2913775&use=l&cat=p&typeid=i","cat":288992},{"id":118217,"n":"Mini coquilles Saint-Jacques  Tipiak x8 - 100g","p":3.75,"u":"37,50 €/KG","img":"https://fd9-photos.leclercdrive.fr/image.ashx?id=2484212&use=l&cat=p&typeid=i","cat":319775},{"id":118220,"n":"Mini croustillants Tipiak Saint Jacques - x10 - 120g","p":3.75,"u":"31,25 €/KG","img":"https://fd9-photos.leclercdrive.fr/image.ashx?id=2484209&use=l&cat=p&typeid=i","cat":319774},{"id":118289,"n":"Canard confit Marie Ecrasé de pomme de terre 300g","p":4.54,"u":"15,13 €/KG","img":"https://fd9-photos.leclercdrive.fr/image.ashx?id=2799886&use=l&cat=p&typeid=i","cat":333665},{"id":118302,"n":"Fromage Raclette Ermitage Label Rouge - 350g","p":4.44,"u":"12,69 €/KG","img":"https://fd9-photos.leclercdrive.fr/image.ashx?id=2407214&use=l&cat=p&typeid=i","cat":314037},{"id":118318,"n":"Fromage Raclette Les Croisés Truffe - 200g","p":4.7,"u":"23,50 €/KG","img":"https://fd9-photos.leclercdrive.fr/image.ashx?id=2793293&use=l&cat=p&typeid=i","cat":314037},{"id":118320,"n":"Raclette Les Croisés  Moutarde - 250g","p":3.69,"u":"14,76 €/KG","img":"https://fd9-photos.leclercdrive.fr/image.ashx?id=2793287&use=l&cat=p&typeid=i","cat":314037},{"id":118349,"n":"Légumes et céréales Bonduelle Patates douces boulgour 500g","p":3.09,"u":"6,18 €/KG","img":"https://fd9-photos.leclercdrive.fr/image.ashx?id=2876170&use=l&cat=p&typeid=i","cat":319823},{"id":118400,"n":"Pain au maïs tranché 350g","p":1.75,"u":"5,00 €/KG","img":"https://fd9-photos.leclercdrive.fr/image.ashx?id=1691369&use=l&cat=p&typeid=i","cat":284359},{"id":118402,"n":"Pain aux noix tranché 300g","p":1.85,"u":"6,17 €/KG","img":"https://fd9-photos.leclercdrive.fr/image.ashx?id=2062723&use=l&cat=p&typeid=i","cat":284359},{"id":118408,"n":"Lait bébé en poudre Galliagest 1er âge 0-6 mois 820g","p":18.99,"u":"23,16 €/KG","img":"https://fd9-photos.leclercdrive.fr/image.ashx?id=2983054&use=l&cat=p&typeid=i","cat":284726},{"id":118412,"n":"Lait bébé en poudre Galliagest 2 âge 6-12 mois 820g","p":18.21,"u":"22,21 €/KG","img":"https://fd9-photos.leclercdrive.fr/image.ashx?id=2771666&use=l&cat=p&typeid=i","cat":284727},{"id":118414,"n":"Lait bébé en poudre Blédilait 1er âge 0-6 mois 820g","p":15.18,"u":"18,51 €/KG","img":"https://fd9-photos.leclercdrive.fr/image.ashx?id=2500051&use=l&cat=p&typeid=i","cat":284726},{"id":118442,"n":"Bonbons Tic Tac Menthe extra fraîche x100 - 49g","p":1.57,"u":"32,04 €/KG","img":"https://fd9-photos.leclercdrive.fr/image.ashx?id=2737243&use=l&cat=p&typeid=i","cat":304256},{"id":118447,"n":"Soupe deshydratée Knorr Tomate mozzarella - 75cl","p":1.71,"u":"2,28 €/L","img":"https://fd9-photos.leclercdrive.fr/image.ashx?id=2788919&use=l&cat=p&typeid=i","cat":284463},{"id":118492,"n":"Gel lubrifiant Manix Pure - 80ml","p":5.39,"u":"67,38 €/L","img":"https://fd9-photos.leclercdrive.fr/image.ashx?id=2886160&use=l&cat=p&typeid=i","cat":285160},{"id":118513,"n":"Désinfectant Sanytol Pistolet 4 actions - 500ml","p":3.16,"u":"6,32 €/L","img":"https://fd9-photos.leclercdrive.fr/image.ashx?id=2590749&use=l&cat=p&typeid=i","cat":325357},{"id":118536,"n":"Boules inox Eco+ x2","p":0.24,"u":"0,12 €/P","img":"https://fd9-photos.leclercdrive.fr/image.ashx?id=2984483&use=l&cat=p&typeid=i","cat":284667},{"id":118574,"n":"Saumon fumé de Norvège Petit Navire 10 tranches - 325g","p":10.7,"u":"32,92 €/KG","img":"https://fd9-photos.leclercdrive.fr/image.ashx?id=2159949&use=l&cat=p&typeid=i","cat":285188},{"id":118590,"n":"Blinis Cocktails Labeyrie  x24 - 200g","p":2.15,"u":"10,75 €/KG","img":"https://fd9-photos.leclercdrive.fr/image.ashx?id=2357904&use=l&cat=p&typeid=i","cat":285191},{"id":118595,"n":"Serviettes Love & Green Incontinence maxi nuit - x12","p":7.71,"u":"0,64 €/P","img":"https://fd9-photos.leclercdrive.fr/image.ashx?id=2407691&use=l&cat=p&typeid=i","cat":284628},{"id":118623,"n":"Blinis Cocktail L'Atelier Blini x20 - 170g","p":1.13,"u":"6,65 €/KG","img":"https://fd9-photos.leclercdrive.fr/image.ashx?id=2032159&use=l&cat=p&typeid=i","cat":315999},{"id":118965,"n":"Chocolat en poudre Poulain Moins de sucre - 400g","p":4.18,"u":"10,45 €/KG","img":"https://fd9-photos.leclercdrive.fr/image.ashx?id=2867134&use=l&cat=p&typeid=i","cat":293235},{"id":119080,"n":"Sauce pour saumon Labeyrie Aux fines herbes - 145g","p":2.54,"u":"17,52 €/KG","img":"https://fd9-photos.leclercdrive.fr/image.ashx?id=2467811&use=l&cat=p&typeid=i","cat":285191},{"id":119104,"n":"Chili con carne Paul et Louise 800g","p":3.87,"u":"4,84 €/KG","img":"https://fd9-photos.leclercdrive.fr/image.ashx?id=3008488&use=l&cat=p&typeid=i","cat":325094},{"id":119105,"n":"Nouille de riz Suzi Wan 160g","p":1.8,"u":"11,25 €/KG","img":"https://fd9-photos.leclercdrive.fr/image.ashx?id=3002180&use=l&cat=p&typeid=i","cat":288992},{"id":119123,"n":"Barre de céréales Nature Valley Crunchy multi variétés X5-210g","p":2.69,"u":"12,81 €/KG","img":"https://fd9-photos.leclercdrive.fr/image.ashx?id=2616270&use=l&cat=p&typeid=i","cat":285869},{"id":119183,"n":"Navet Boule d'Or 1 pièce","p":0.5,"img":"https://fd9-photos.leclercdrive.fr/image.ashx?id=1729149&use=l&cat=p&typeid=i","cat":284352},{"id":119262,"n":"Sauce bolognaise Panzani 100% Pur Bœuf - 400G","p":2.48,"u":"6,20 €/KG","img":"https://fd9-photos.leclercdrive.fr/image.ashx?id=2984754&use=l&cat=p&typeid=i","cat":287599},{"id":119264,"n":"Sauce Bolognaise Panzani 100% Pur Bœuf - 650G","p":3.7,"u":"5,69 €/KG","img":"https://fd9-photos.leclercdrive.fr/image.ashx?id=2977933&use=l&cat=p&typeid=i","cat":287599},{"id":119267,"n":"Café moulu Plantation Noir intense - 3x250g","p":10.19,"u":"13,59 €/KG","img":"https://fd9-photos.leclercdrive.fr/image.ashx?id=2607587&use=l&cat=p&typeid=i","cat":284750},{"id":119271,"n":"Haricots rouge Notre Jardin 3x125g","p":1.91,"u":"5,09 €/KG","img":"https://fd9-photos.leclercdrive.fr/image.ashx?id=2988111&use=l&cat=p&typeid=i","cat":312606},{"id":119273,"n":"Carottes Notre Jardin 3x130g","p":2.25,"u":"5,77 €/KG","img":"https://fd9-photos.leclercdrive.fr/image.ashx?id=2537364&use=l&cat=p&typeid=i","cat":312607},{"id":119275,"n":"Haricots blancs Notre Jardin 3x125g","p":1.99,"u":"5,31 €/KG","img":"https://fd9-photos.leclercdrive.fr/image.ashx?id=3002632&use=l&cat=p&typeid=i","cat":312606},{"id":119425,"n":"Riz Taureau Ailé  Kamalis - 500g","p":2.2,"u":"4,40 €/KG","img":"https://fd9-photos.leclercdrive.fr/image.ashx?id=2503668&use=l&cat=p&typeid=i","cat":284428},{"id":119503,"n":"AOC Bourgogne Chardonnay La Chablisienne - 75cl","p":8.84,"u":"11,79 €/L","img":"https://fd9-photos.leclercdrive.fr/image.ashx?id=2524745&use=l&cat=p&typeid=i","cat":289557},{"id":119510,"n":"Blancs de poireaux filière Panier du Primeur - 500g","p":2.99,"u":"5,98 €/KG","img":"https://fd9-photos.leclercdrive.fr/image.ashx?id=2930894&use=l&cat=p&typeid=i","cat":284352},{"id":119634,"n":"Gourmet Gold Régal de sauce  x12 - 85g","p":7.44,"u":"7,29 €/KG","img":"https://fd9-photos.leclercdrive.fr/image.ashx?id=2902364&use=l&cat=p&typeid=i","cat":285286},{"id":119709,"n":"Fromage Persillée Saint Agur  125g","p":2.35,"u":"18,80 €/KG","img":"https://fd9-photos.leclercdrive.fr/image.ashx?id=2981515&use=l&cat=p&typeid=i","cat":314032},{"id":119797,"n":"Comté fromage bloc Les Croisés 200g","p":2.85,"u":"14,25 €/KG","img":"https://fd9-photos.leclercdrive.fr/image.ashx?id=2856585&use=l&cat=p&typeid=i","cat":314034},{"id":119886,"n":"Yaourt grec nature Délisse 1kg","p":4.75,"u":"4,75 €/KG","img":"https://fd9-photos.leclercdrive.fr/image.ashx?id=2885137&use=l&cat=p&typeid=i","cat":314999},{"id":119893,"n":"Skyr Nature Délisse 450g","p":1.89,"u":"4,20 €/KG","img":"https://fd9-photos.leclercdrive.fr/image.ashx?id=2992549&use=l&cat=p&typeid=i","cat":315000},{"id":119913,"n":"Yaourt à boire Yop Yoplait Chocolat - 850g","p":1.74,"u":"2,05 €/KG","img":"https://fd9-photos.leclercdrive.fr/image.ashx?id=2855534&use=l&cat=p&typeid=i","cat":295246},{"id":119941,"n":"Fromage à Tartiner Tartare Ail et Fines Herbes 10P - 160g","p":2.09,"u":"13,06 €/KG","img":"https://fd9-photos.leclercdrive.fr/image.ashx?id=2867410&use=l&cat=p&typeid=i","cat":314029},{"id":119943,"n":"Soupe 10 légumes Liebig A la crème - x2 - 60cl","p":2.36,"u":"3,93 €/L","img":"https://fd9-photos.leclercdrive.fr/image.ashx?id=2892139&use=l&cat=p&typeid=i","cat":284462},{"id":119956,"n":"Filets de limande du Nord MSC L'Atelier Poissonnerie x2 200g","p":3.39,"u":"16,95 €/KG","img":"https://fd9-photos.leclercdrive.fr/image.ashx?id=2652101&use=l&cat=p&typeid=i","cat":284344},{"id":119958,"n":"Filets de colin d'Alaska Meunière MSC x2 - 200g","p":2.49,"u":"12,45 €/KG","img":"https://fd9-photos.leclercdrive.fr/image.ashx?id=2652107&use=l&cat=p&typeid=i","cat":284344},{"id":119959,"n":"Filets de limande du Nord MSC L'Atelier Poissonnerie x4 400g","p":6.49,"u":"16,23 €/KG","img":"https://fd9-photos.leclercdrive.fr/image.ashx?id=2855292&use=l&cat=p&typeid=i","cat":284344},{"id":119960,"n":"Filets de colin pané d'Alaska MSC sans arrêtes x2 - 220g","p":2.99,"u":"13,59 €/KG","img":"https://fd9-photos.leclercdrive.fr/image.ashx?id=2652110&use=l&cat=p&typeid=i","cat":284344},{"id":119963,"n":"Pavés de saumon de Norvège ASC L'Atelier Poissonnerie x2 250g","p":5.99,"u":"23,96 €/KG","img":"https://fd9-photos.leclercdrive.fr/image.ashx?id=2340590&use=l&cat=p&typeid=i","cat":284342},{"id":119965,"n":"Pavés de saumon ASC Norvège L'Atelier Poissonnerie x4 -500g","p":11.49,"u":"22,98 €/KG","img":"https://fd9-photos.leclercdrive.fr/image.ashx?id=2349926&use=l&cat=p&typeid=i","cat":284342},{"id":120100,"n":"Tablette de chocolat Poulain Noir extra - 5x100g","p":4.77,"u":"9,54 €/KG","img":"https://fd9-photos.leclercdrive.fr/image.ashx?id=2299208&use=l&cat=p&typeid=i","cat":284956},{"id":120224,"n":"Cristaux de soude Clair 500g","p":1.93,"u":"3,86 €/KG","img":"https://fd9-photos.leclercdrive.fr/image.ashx?id=2822144&use=l&cat=p&typeid=i","cat":325365},{"id":120225,"n":"Percarbonate de sodium Clair 500g","p":2.99,"u":"5,98 €/KG","img":"https://fd9-photos.leclercdrive.fr/image.ashx?id=2822141&use=l&cat=p&typeid=i","cat":325365},{"id":120261,"n":"Lessive liquide Epsil Anti-transfert - 40 lavages 2L","p":5.99,"u":"3,00 €/L","img":"https://fd9-photos.leclercdrive.fr/image.ashx?id=2838936&use=l&cat=p&typeid=i","cat":284640},{"id":120267,"n":"Tablette chocolat noir Lindt Sésame grillé - 2x100g","p":3.81,"u":"19,05 €/KG","img":"https://fd9-photos.leclercdrive.fr/image.ashx?id=2230893&use=l&cat=p&typeid=i","cat":284956},{"id":120331,"n":"Eau gazeuse minérale Salvetat Pauvre en sodium - 6x1,15L","p":3.15,"u":"0,46 €/L","img":"https://fd9-photos.leclercdrive.fr/image.ashx?id=2578693&use=l&cat=p&typeid=i","cat":284536},{"id":120335,"n":"Eau gazeuse aromatisée Salvetat citron - 1,15L","p":0.84,"u":"0,73 €/L","img":"https://fd9-photos.leclercdrive.fr/image.ashx?id=2279753&use=l&cat=p&typeid=i","cat":284536},{"id":120346,"n":"Mini gratins chorizo Côté Table 400g","p":3.79,"u":"9,48 €/KG","img":"https://fd9-photos.leclercdrive.fr/image.ashx?id=2641292&use=l&cat=p&typeid=i","cat":319802},{"id":120349,"n":"Purée 4 mois Bio Village Pomme Abricot bio - 4x100g","p":1.89,"u":"4,73 €/KG","img":"https://fd9-photos.leclercdrive.fr/image.ashx?id=2704690&use=l&cat=p&typeid=i","cat":312387},{"id":120350,"n":"Purée 4 mois Bio Village Pomme coing bio - 4x100g","p":1.79,"u":"4,48 €/KG","img":"https://fd9-photos.leclercdrive.fr/image.ashx?id=2704840&use=l&cat=p&typeid=i","cat":312387},{"id":120389,"n":"Sablé  La mère poulard Pur beurre - 3x125g","p":3.23,"u":"8,61 €/KG","img":"https://fd9-photos.leclercdrive.fr/image.ashx?id=2990682&use=l&cat=p&typeid=i","cat":284487},{"id":120392,"n":"Palets pur beurre mère poulard Lot de 3 - 375g","p":3.34,"u":"8,91 €/KG","img":"https://fd9-photos.leclercdrive.fr/image.ashx?id=2912248&use=l&cat=p&typeid=i","cat":284487},{"id":120401,"n":"Boisson aux fruits Oasis Tropical - 4x2L","p":9.46,"u":"1,18 €/L","img":"https://fd9-photos.leclercdrive.fr/image.ashx?id=3011089&use=l&cat=p&typeid=i","cat":295018},{"id":120403,"n":"Adoucissant L'Arbre Vert Souffle de pureté x53 - 800ml","p":2.79,"u":"3,49 €/L","img":"https://fd9-photos.leclercdrive.fr/image.ashx?id=3001386&use=l&cat=p&typeid=i","cat":284650},{"id":120426,"n":"Protège slip écolo Uni vert Normal - x30","p":2.12,"u":"0,07 €/P","img":"https://fd9-photos.leclercdrive.fr/image.ashx?id=2799787&use=l&cat=p&typeid=i","cat":284625},{"id":120428,"n":"Serviette ecolo Uni Vert Normal - x14","p":1.79,"u":"0,13 €/P","img":"https://fd9-photos.leclercdrive.fr/image.ashx?id=2831589&use=l&cat=p&typeid=i","cat":284624},{"id":120485,"n":"Mascara Volume L'Oréal Paris Millions de Cils Extra Black","p":10.79,"pp":7.12,"img":"https://fd9-photos.leclercdrive.fr/image.ashx?id=2419170&use=l&cat=p&typeid=i","cat":287029},{"id":120488,"n":"Riz parfumé Comptoir du Grain Basmati -1kg","p":2.48,"u":"2,48 €/KG","img":"https://fd9-photos.leclercdrive.fr/image.ashx?id=2923399&use=l&cat=p&typeid=i","cat":284428},{"id":120492,"n":"Céréales fourrées P'tit Déli Chocolat noisette - 450g","p":2.19,"u":"4,87 €/KG","img":"https://fd9-photos.leclercdrive.fr/image.ashx?id=2819636&use=l&cat=p&typeid=i","cat":309513},{"id":120505,"n":"Mascara Waterproof L'OréalParis Millions de Cils Noir","p":13.6,"u":"503,70 €/KG","img":"https://fd9-photos.leclercdrive.fr/image.ashx?id=2278076&use=l&cat=p&typeid=i","cat":287029},{"id":120519,"n":"Correcteur anticerne Maybelline Instant Anti-Age 02 Beige Nu","p":8.43,"img":"https://fd9-photos.leclercdrive.fr/image.ashx?id=2423172&use=l&cat=p&typeid=i","cat":287029},{"id":120520,"n":"Mascara Maybelline  Cils Sensational Extra-noir","p":8.48,"img":"https://fd9-photos.leclercdrive.fr/image.ashx?id=2377784&use=l&cat=p&typeid=i","cat":287029},{"id":120610,"n":"Anchois de cantabrique L'origine du goût - 29g","p":4.3,"u":"148,28 €/KG","img":"https://fd9-photos.leclercdrive.fr/image.ashx?id=2693165&use=l&cat=p&typeid=i","cat":285190},{"id":120629,"n":"Roses des sables Lightbody Chocolat noir - 250g","p":4.9,"u":"19,60 €/KG","img":"https://fd9-photos.leclercdrive.fr/image.ashx?id=2298160&use=l&cat=p&typeid=i","cat":284360},{"id":120630,"n":"Roses des sables Lightbody Chocolat lait - 250g","p":4.9,"u":"19,60 €/KG","img":"https://fd9-photos.leclercdrive.fr/image.ashx?id=2298157&use=l&cat=p&typeid=i","cat":284360},{"id":120661,"n":"Purée 4 mois Bio Village Pomme Fraise Banane bio -4x100g","p":1.69,"u":"4,23 €/KG","img":"https://fd9-photos.leclercdrive.fr/image.ashx?id=2704849&use=l&cat=p&typeid=i","cat":312387},{"id":120663,"n":"Purée 6 mois Bio Village Pomme carotte mangue bio-4x100g","p":1.79,"u":"4,48 €/KG","img":"https://fd9-photos.leclercdrive.fr/image.ashx?id=2704852&use=l&cat=p&typeid=i","cat":312388},{"id":120665,"n":"Purée 6 mois Bio Village Pomme Biscuit bio - 4x100g","p":1.79,"u":"4,48 €/KG","img":"https://fd9-photos.leclercdrive.fr/image.ashx?id=2704855&use=l&cat=p&typeid=i","cat":312388},{"id":120679,"n":"Petits pots bébé P'TIT SOUPER Petits pois pâtes 12M+ - 2x200g","p":1.66,"u":"4,15 €/KG","img":"https://fd9-photos.leclercdrive.fr/image.ashx?id=2526517&use=l&cat=p&typeid=i","cat":312239},{"id":120681,"n":"Petits pots bébé P'TIT SOUPER Légumes Pâtes 8M+ - 2x200g","p":2.03,"u":"5,08 €/KG","img":"https://fd9-photos.leclercdrive.fr/image.ashx?id=2526520&use=l&cat=p&typeid=i","cat":312239},{"id":120682,"n":"Perfect mousse Schwarzkopf 200 Noir - Lot de 2","p":13.75,"u":"6,88 €/P","img":"https://fd9-photos.leclercdrive.fr/image.ashx?id=1919474&use=l&cat=p&typeid=i","cat":288899},{"id":120683,"n":"Petits pots bébé P'TITE RECETTE Bœuf bourguignon 12M+ - 2x200g","p":2.27,"u":"5,68 €/KG","img":"https://fd9-photos.leclercdrive.fr/image.ashx?id=2525714&use=l&cat=p&typeid=i","cat":312237},{"id":120686,"n":"Biphase micellaire So Bio Etic Bamboo bio - 500ml","p":6.88,"u":"13,76 €/L","img":"https://fd9-photos.leclercdrive.fr/image.ashx?id=2680221&use=l&cat=p&typeid=i","cat":284603},{"id":120690,"n":"Shampoing Nateïs Cheveux fragiles - 250ml","p":1.27,"u":"5,08 €/L","img":"https://fd9-photos.leclercdrive.fr/image.ashx?id=2626838&use=l&cat=p&typeid=i","cat":284606},{"id":120694,"n":"Jus de pomme bio Bio Village 1L","p":1.29,"u":"1,29 €/L","img":"https://fd9-photos.leclercdrive.fr/image.ashx?id=2958783&use=l&cat=p&typeid=i","cat":284522},{"id":120744,"n":"Barre de céréales Nature Valley Sweet & Salty cacahuète x5-150g","p":2.87,"u":"19,13 €/KG","img":"https://fd9-photos.leclercdrive.fr/image.ashx?id=2737711&use=l&cat=p&typeid=i","cat":285869},{"id":120799,"n":"Filet de poulet jaune Volandrie 300g","p":3.69,"u":"12,30 €/KG","img":"https://fd9-photos.leclercdrive.fr/image.ashx?id=2647910&use=l&cat=p&typeid=i","cat":284336},{"id":120822,"n":"Tablette de chocolat noir Lindt Croquant Noisette - 150g","p":4.44,"u":"29,60 €/KG","img":"https://fd9-photos.leclercdrive.fr/image.ashx?id=1877963&use=l&cat=p&typeid=i","cat":284956},{"id":120823,"n":"Tablette de chocolat noir Lindt Excellence Figue intense - 100g","p":2.77,"u":"27,70 €/KG","img":"https://fd9-photos.leclercdrive.fr/image.ashx?id=2209206&use=l&cat=p&typeid=i","cat":284956},{"id":120827,"n":"Bonbon Surfizz XL Lutti 200g","p":2.09,"u":"10,45 €/KG","img":"https://fd9-photos.leclercdrive.fr/image.ashx?id=2964840&use=l&cat=p&typeid=i","cat":304250},{"id":120847,"n":"Bonbon colabizz Lutti Acidulé goût cola - 275g","p":1.67,"u":"6,07 €/KG","img":"https://fd9-photos.leclercdrive.fr/image.ashx?id=2551042&use=l&cat=p&typeid=i","cat":304250},{"id":120853,"n":"Bonbons Lutti Scoubifizz Piquants Fruits - 180g","p":1.84,"u":"10,22 €/KG","img":"https://fd9-photos.leclercdrive.fr/image.ashx?id=2964837&use=l&cat=p&typeid=i","cat":304250},{"id":120857,"n":"Bonbons Carambar Mini Fête Assortiment - 326g","p":2.88,"u":"8,83 €/KG","img":"https://fd9-photos.leclercdrive.fr/image.ashx?id=2972035&use=l&cat=p&typeid=i","cat":304250},{"id":120864,"n":"Bonbons Lutti Flexifizz Piquants Fraise - 225g","p":1.78,"u":"7,91 €/KG","img":"https://fd9-photos.leclercdrive.fr/image.ashx?id=2806396&use=l&cat=p&typeid=i","cat":304250},{"id":120865,"n":"Poudre chocolatée NESQUIK Sticks  - 12x13.5g","p":2.75,"u":"16,98 €/KG","img":"https://fd9-photos.leclercdrive.fr/image.ashx?id=3005302&use=l&cat=p&typeid=i","cat":293235},{"id":120869,"n":"Poudre d'amande Bio Village Doypack bio - 100g","p":2.5,"u":"25,00 €/KG","img":"https://fd9-photos.leclercdrive.fr/image.ashx?id=1873546&use=l&cat=p&typeid=i","cat":284504},{"id":120891,"n":"Chiffonnade de Serrano 80g","p":3.89,"u":"48,63 €/KG","img":"https://fd9-photos.leclercdrive.fr/image.ashx?id=2484392&use=l&cat=p&typeid=i","cat":316007},{"id":120900,"n":"Pain de campagne  1P","p":1.7,"img":"https://fd9-photos.leclercdrive.fr/image.ashx?id=2062741&use=l&cat=p&typeid=i","cat":284359},{"id":121028,"n":"Crème mains réparatrice Mixa Zones Fragilisées - 50ml","p":5.47,"u":"109,40 €/L","img":"https://fd9-photos.leclercdrive.fr/image.ashx?id=2335919&use=l&cat=p&typeid=i","cat":325350},{"id":121157,"n":"Foie gras de canard Delpeyrat Entier - 270g","p":32.28,"u":"119,56 €/KG","img":"https://fd9-photos.leclercdrive.fr/image.ashx?id=2906082&use=l&cat=p&typeid=i","cat":316008},{"id":121176,"n":"Sachet d'amandes décortiquées Holyfruits - 500g","p":7.28,"u":"14,56 €/KG","img":"https://fd9-photos.leclercdrive.fr/image.ashx?id=2620341&use=l&cat=p&typeid=i","cat":284357},{"id":121180,"n":"AOC Bordeaux rosé Léo by Léo - 75cl","p":5.59,"pp":3.69,"u":"4,92 €/L","img":"https://fd9-photos.leclercdrive.fr/image.ashx?id=1887019&use=l&cat=p&typeid=i","cat":289558},{"id":121216,"n":"AOC Crémant de Bourgogne Vistandines - Demi-sec 75cl","p":7.89,"u":"10,52 €/L","img":"https://fd9-photos.leclercdrive.fr/image.ashx?id=2548669&use=l&cat=p&typeid=i","cat":284544},{"id":121265,"n":"Chocolat en poudre Poulain 1848 Boîte - 450g","p":4.54,"u":"10,09 €/KG","img":"https://fd9-photos.leclercdrive.fr/image.ashx?id=2867122&use=l&cat=p&typeid=i","cat":293235},{"id":121270,"n":"Miel de fleurs liquide 500g","p":5.06,"u":"10,12 €/KG","img":"https://fd9-photos.leclercdrive.fr/image.ashx?id=2315910&use=l&cat=p&typeid=i","cat":287643},{"id":121315,"n":"Haché Happy Family Charal 20x80g - 1,6kg","p":19.05,"u":"11,91 €/KG","img":"https://fd9-photos.leclercdrive.fr/image.ashx?id=2739776&use=l&cat=p&typeid=i","cat":319778},{"id":121356,"n":"Dentifrice Original Parodontax Complete protect - 75ml","p":5.68,"u":"75,73 €/L","img":"https://fd9-photos.leclercdrive.fr/image.ashx?id=2546749&use=l&cat=p&typeid=i","cat":284612},{"id":121358,"n":"Dentifrice Blancheur Parodontax Complete protect - 75ml","p":5.53,"u":"73,73 €/L","img":"https://fd9-photos.leclercdrive.fr/image.ashx?id=2896393&use=l&cat=p&typeid=i","cat":284612},{"id":121387,"n":"Lingettes Mots d'Enfants Toilettes bio - x60","p":2.17,"u":"0,04 €/P","img":"https://fd9-photos.leclercdrive.fr/image.ashx?id=2856579&use=l&cat=p&typeid=i","cat":284738},{"id":121388,"n":"Sacs poubelle 20L Elembal Poignées coulissantes - x20","p":2.05,"u":"0,10 €/P","img":"https://fd9-photos.leclercdrive.fr/image.ashx?id=2958753&use=l&cat=p&typeid=i","cat":285168},{"id":121392,"n":"Sauce tomate Lucien Georgelin Au piment D'espelette - 300g","p":2.02,"u":"6,73 €/KG","img":"https://fd9-photos.leclercdrive.fr/image.ashx?id=2015666&use=l&cat=p&typeid=i","cat":288384},{"id":121393,"n":"Sauce tomate Lucien Georgelin  au basilic - 300g","p":2.03,"u":"6,77 €/KG","img":"https://fd9-photos.leclercdrive.fr/image.ashx?id=2015669&use=l&cat=p&typeid=i","cat":288384},{"id":121412,"n":"Sérum Anti-rides L'Oréal Paris Revitalift Peau Neuve - 30ml","p":15.26,"u":"508,67 €/L","img":"https://fd9-photos.leclercdrive.fr/image.ashx?id=2879730&use=l&cat=p&typeid=i","cat":325345},{"id":121436,"n":"Crème anti-âge L'Oréal Paris Revitalift SPF 25 - 50ml","p":15.26,"u":"305,20 €/L","img":"https://fd9-photos.leclercdrive.fr/image.ashx?id=2853230&use=l&cat=p&typeid=i","cat":325345},{"id":121439,"n":"Ampoules 10% acide Glycolique Revitalift - 7 x 1ml","p":16.01,"img":"https://fd9-photos.leclercdrive.fr/image.ashx?id=2347972&use=l&cat=p&typeid=i","cat":325345},{"id":121440,"n":"Délice Soufflé Quenelles Cèpes Morilles Ecochard - 4x100g","p":3.37,"u":"8,43 €/KG","img":"https://fd9-photos.leclercdrive.fr/image.ashx?id=2842642&use=l&cat=p&typeid=i","cat":333682},{"id":121447,"n":"Flanbolo Haribo Sachet bonbons - 200g","p":1.96,"u":"9,80 €/KG","img":"https://fd9-photos.leclercdrive.fr/image.ashx?id=2806117&use=l&cat=p&typeid=i","cat":304250},{"id":121551,"n":"Crêpière Tefal Easy Cook'n Clean 25cm","p":14.81,"img":"https://fd9-photos.leclercdrive.fr/image.ashx?id=1882055&use=l&cat=p&typeid=i","cat":298490},{"id":121569,"n":"Cahier 48 pages Seyes Esquisse Jaune - 17x22cm","p":0.69,"img":"https://fd9-photos.leclercdrive.fr/image.ashx?id=1931658&use=l&cat=p&typeid=i","cat":284697},{"id":121570,"n":"Cahier 48 pages Seyes Esquisse Rouge - 17x22cm","p":0.69,"img":"https://fd9-photos.leclercdrive.fr/image.ashx?id=1931655&use=l&cat=p&typeid=i","cat":284697},{"id":121581,"n":"Cahier 96 pages Seyes Esquisse Vert - 17x22cm Polypropylène","p":0.89,"img":"https://fd9-photos.leclercdrive.fr/image.ashx?id=1931763&use=l&cat=p&typeid=i","cat":284697},{"id":121584,"n":"Cahier 96 pages 5x5 Esquisse Jaune - 21x29.7cm","p":1.1,"img":"https://fd9-photos.leclercdrive.fr/image.ashx?id=1931691&use=l&cat=p&typeid=i","cat":284697},{"id":121624,"n":"Cahier 96 pages Seyes Esquisse Bleu - 17x22cm Polypropylène","p":0.89,"img":"https://fd9-photos.leclercdrive.fr/image.ashx?id=1931748&use=l&cat=p&typeid=i","cat":284697},{"id":121627,"n":"Cahier 96 pages Seyes Esquisse Jaune - 17x22cm Polypropylène","p":0.89,"img":"https://fd9-photos.leclercdrive.fr/image.ashx?id=1931745&use=l&cat=p&typeid=i","cat":284697},{"id":121631,"n":"Cahier 96 pages Seyes Esquisse Vert - 21x29.7cm Polypropylène","p":1.29,"img":"https://fd9-photos.leclercdrive.fr/image.ashx?id=1931754&use=l&cat=p&typeid=i","cat":284697},{"id":121699,"n":"Farine semi-complète Bio Bio Village - 1kg","p":1.45,"u":"1,45 €/KG","img":"https://fd9-photos.leclercdrive.fr/image.ashx?id=2460045&use=l&cat=p&typeid=i","cat":284503},{"id":121708,"n":"Céréales fourrées P'tit Déli Chocolat noisette - 650g","p":3.08,"u":"4,74 €/KG","img":"https://fd9-photos.leclercdrive.fr/image.ashx?id=2840740&use=l&cat=p&typeid=i","cat":309513},{"id":121777,"n":"Noix de cajou Tokapi Miel & sel - 125g","p":2.28,"u":"18,24 €/KG","img":"https://fd9-photos.leclercdrive.fr/image.ashx?id=2793899&use=l&cat=p&typeid=i","cat":284448},{"id":121864,"n":"Thé Earl Grey Yaté x25- 45g","p":0.82,"u":"18,22 €/KG","img":"https://fd9-photos.leclercdrive.fr/image.ashx?id=2684748&use=l&cat=p&typeid=i","cat":293233},{"id":121878,"n":"Pâté aux pruneaux d'Agen Nos Régions Ont Du Talent -180g","p":1.99,"u":"11,06 €/KG","img":"https://fd9-photos.leclercdrive.fr/image.ashx?id=2560518&use=l&cat=p&typeid=i","cat":305149},{"id":121992,"n":"Secret de mousse La laitière Chocolat Lait et Blanc - 4x59 g","p":1.62,"u":"6,86 €/KG","img":"https://fd9-photos.leclercdrive.fr/image.ashx?id=2729782&use=l&cat=p&typeid=i","cat":284417},{"id":122040,"n":"Douche crème Le Petit Olivier Lait de karité - 750ml","p":4.57,"u":"6,09 €/L","img":"https://fd9-photos.leclercdrive.fr/image.ashx?id=2144851&use=l&cat=p&typeid=i","cat":284594},{"id":122089,"n":"Mini lunettes bio Bio Village  Fraise - 156g","p":1.99,"u":"12,76 €/KG","img":"https://fd9-photos.leclercdrive.fr/image.ashx?id=2353381&use=l&cat=p&typeid=i","cat":284489},{"id":122092,"n":"Goûter bio Bio Village Fourrage cacao - 185g","p":2.06,"u":"11,14 €/KG","img":"https://fd9-photos.leclercdrive.fr/image.ashx?id=1879942&use=l&cat=p&typeid=i","cat":284488},{"id":122221,"n":"Concentré Sodastream Pepsi - 440ml","p":5.99,"pp":4.99,"u":"11,34 €/L","img":"https://fd9-photos.leclercdrive.fr/image.ashx?id=2665532&use=l&cat=p&typeid=i","cat":295020},{"id":122222,"n":"Concentré Sodastream Pepsi Max- 440ml","p":5.99,"pp":4.99,"u":"11,34 €/L","img":"https://fd9-photos.leclercdrive.fr/image.ashx?id=2665535&use=l&cat=p&typeid=i","cat":295020},{"id":122223,"n":"Concentré Sodastream 7UP - 440ml","p":5.99,"pp":4.99,"u":"11,34 €/L","img":"https://fd9-photos.leclercdrive.fr/image.ashx?id=2814211&use=l&cat=p&typeid=i","cat":295020},{"id":122224,"n":"Concentré Sodastream 7UP Free - 440ml","p":5.99,"pp":4.99,"u":"11,34 €/L","img":"https://fd9-photos.leclercdrive.fr/image.ashx?id=2665822&use=l&cat=p&typeid=i","cat":295020},{"id":122347,"n":"Lait Primea 2 Bio Babybio 800g","p":14.8,"u":"18,50 €/KG","img":"https://fd9-photos.leclercdrive.fr/image.ashx?id=2962824&use=l&cat=p&typeid=i","cat":284727},{"id":122348,"n":"Lait Primea 3 Bio Babybio 800g","p":13.05,"u":"16,31 €/KG","img":"https://fd9-photos.leclercdrive.fr/image.ashx?id=2944026&use=l&cat=p&typeid=i","cat":290219},{"id":122419,"n":"Skyr Siggi's  Nature 0% MG - 2x140g","p":2.25,"u":"8,04 €/KG","img":"https://fd9-photos.leclercdrive.fr/image.ashx?id=2372412&use=l&cat=p&typeid=i","cat":315000},{"id":122420,"n":"Skyr Siggi's  Vanille - 2x140g","p":2.25,"u":"8,04 €/KG","img":"https://fd9-photos.leclercdrive.fr/image.ashx?id=2646119&use=l&cat=p&typeid=i","cat":315000},{"id":122451,"n":"Pain façon Bretzel Pasquier Céréales x6+2 offerts - 360g","p":2.2,"u":"6,11 €/KG","img":"https://fd9-photos.leclercdrive.fr/image.ashx?id=2132676&use=l&cat=p&typeid=i","cat":325069},{"id":122528,"n":"Skyr Siggi's  Framboise - 2x140g","p":2.22,"u":"7,93 €/KG","img":"https://fd9-photos.leclercdrive.fr/image.ashx?id=2692095&use=l&cat=p&typeid=i","cat":315000},{"id":122529,"n":"Skyr Siggi's  Myrtille - 2x140g","p":2.27,"u":"8,11 €/KG","img":"https://fd9-photos.leclercdrive.fr/image.ashx?id=2692098&use=l&cat=p&typeid=i","cat":315000},{"id":122532,"n":"Boisson Thé Glacé FuzeTea Pêche Bouteille - 40 cl","p":1.36,"u":"3,40 €/L","img":"https://fd9-photos.leclercdrive.fr/image.ashx?id=2940399&use=l&cat=p&typeid=i","cat":295019},{"id":122542,"n":"Coca-Cola Classique 50cl","p":1.34,"u":"2,68 €/L","img":"https://fd9-photos.leclercdrive.fr/image.ashx?id=2785901&use=l&cat=p&typeid=i","cat":284530},{"id":122544,"n":"Soda Coca-Cola Sans Sucres Bouteille - 50cl","p":1.28,"u":"2,56 €/L","img":"https://fd9-photos.leclercdrive.fr/image.ashx?id=2995430&use=l&cat=p&typeid=i","cat":284530},{"id":122573,"n":"Boisson gazeuse Freez Mix Blue Hawai - 6x275ml","p":6.2,"u":"3,76 €/L","img":"https://fd9-photos.leclercdrive.fr/image.ashx?id=1892324&use=l&cat=p&typeid=i","cat":284532},{"id":122580,"n":"Boisson gazeuse Freez Mix Mangue - 6x275ml","p":6.2,"u":"3,76 €/L","img":"https://fd9-photos.leclercdrive.fr/image.ashx?id=1892327&use=l&cat=p&typeid=i","cat":284532},{"id":122641,"n":"Rouille du Pécheur 90g","p":2.99,"u":"33,22 €/KG","img":"https://fd9-photos.leclercdrive.fr/image.ashx?id=2740112&use=l&cat=p&typeid=i","cat":287366},{"id":122642,"n":"Délice d'Anchoiaïde 100g","p":3.66,"u":"36,60 €/KG","img":"https://fd9-photos.leclercdrive.fr/image.ashx?id=3008629&use=l&cat=p&typeid=i","cat":284451},{"id":122643,"n":"Pâte de Tomates séchées L'huile d'Olive - 180g","p":5.28,"u":"29,33 €/KG","img":"https://fd9-photos.leclercdrive.fr/image.ashx?id=3008596&use=l&cat=p&typeid=i","cat":284458},{"id":122803,"n":"Kiri Crème x12 - 216g","p":2.9,"u":"13,43 €/KG","img":"https://fd9-photos.leclercdrive.fr/image.ashx?id=2972889&use=l&cat=p&typeid=i","cat":314030},{"id":122808,"n":"Jeune pousse Panier du Primeur 125g","p":0.99,"u":"7,92 €/KG","img":"https://fd9-photos.leclercdrive.fr/image.ashx?id=2616060&use=l&cat=p&typeid=i","cat":284353},{"id":122810,"n":"Kakis Panier du Primeur Barquette 1kg","p":2.99,"u":"2,99 €/KG","img":"https://fd9-photos.leclercdrive.fr/image.ashx?id=2402798&use=l&cat=p&typeid=i","cat":284356},{"id":122821,"n":"Amandes grillées Seeberger 150g","p":2.93,"u":"19,53 €/KG","img":"https://fd9-photos.leclercdrive.fr/image.ashx?id=2950597&use=l&cat=p&typeid=i","cat":284448},{"id":122825,"n":"Sauce au poivre Rustica 245g","p":1.19,"u":"4,86 €/KG","img":"https://fd9-photos.leclercdrive.fr/image.ashx?id=2558829&use=l&cat=p&typeid=i","cat":318431},{"id":122858,"n":"Végétal Haché Garden Gourmet Cru Soja à Cuisiner 200g","p":2.73,"u":"13,65 €/KG","img":"https://fd9-photos.leclercdrive.fr/image.ashx?id=2737102&use=l&cat=p&typeid=i","cat":316036},{"id":122879,"n":"Papier cadeau kraft Esquisse Gris - 2m x 0,7m","p":1.59,"img":"https://fd9-photos.leclercdrive.fr/image.ashx?id=1886647&use=l&cat=p&typeid=i","cat":335914},{"id":122881,"n":"Papier cadeau kraft Esquisse Brun - 2m x 0,7m","p":1.59,"img":"https://fd9-photos.leclercdrive.fr/image.ashx?id=1886653&use=l&cat=p&typeid=i","cat":335914},{"id":122895,"n":"Chips Tuiles Pringles Original - 175g","p":1.74,"u":"9,94 €/KG","img":"https://fd9-photos.leclercdrive.fr/image.ashx?id=2902298&use=l&cat=p&typeid=i","cat":287899},{"id":122899,"n":"Rasoirs jetables Gillette Blue 3 - x8","p":9.59,"u":"1,20 €/P","img":"https://fd9-photos.leclercdrive.fr/image.ashx?id=2901139&use=l&cat=p&typeid=i","cat":284616},{"id":122902,"n":"Rasoirs jetables Gillette Blue 3 - x4","p":5.03,"u":"1,26 €/P","img":"https://fd9-photos.leclercdrive.fr/image.ashx?id=2674228&use=l&cat=p&typeid=i","cat":284616},{"id":122905,"n":"Shampooing antipelliculaire Vitanove cheveux normaux -250ml","p":1.66,"u":"6,64 €/L","img":"https://fd9-photos.leclercdrive.fr/image.ashx?id=2949212&use=l&cat=p&typeid=i","cat":284606},{"id":122906,"n":"Chlore multiactions 5kg","p":29.9,"u":"5,98 €/KG","img":"https://fd9-photos.leclercdrive.fr/image.ashx?id=1919423&use=l&cat=p&typeid=i","cat":335918},{"id":122907,"n":"Anti-algue concentré 5L","p":14.99,"u":"3,00 €/L","img":"https://fd9-photos.leclercdrive.fr/image.ashx?id=1919426&use=l&cat=p&typeid=i","cat":335918},{"id":122911,"n":"Chlore choc Granulés - 5kg","p":29.9,"u":"5,98 €/KG","img":"https://fd9-photos.leclercdrive.fr/image.ashx?id=1919438&use=l&cat=p&typeid=i","cat":335918},{"id":122913,"n":"Poudre PH moins 5kg","p":9.9,"u":"1,98 €/KG","img":"https://fd9-photos.leclercdrive.fr/image.ashx?id=1919432&use=l&cat=p&typeid=i","cat":335918},{"id":122915,"n":"Poudre PH Plus 5kg","p":9.9,"u":"1,98 €/KG","img":"https://fd9-photos.leclercdrive.fr/image.ashx?id=1919435&use=l&cat=p&typeid=i","cat":335918},{"id":122930,"n":"Tortillas Old El Paso sans gluten x6 - 216g","p":2.97,"u":"13,75 €/KG","img":"https://fd9-photos.leclercdrive.fr/image.ashx?id=2737666&use=l&cat=p&typeid=i","cat":288993},{"id":122973,"n":"Jambon de Paris Tradilège Découenné - 2 tranches - 80g","p":1.2,"u":"15,00 €/KG","img":"https://fd9-photos.leclercdrive.fr/image.ashx?id=2994384&use=l&cat=p&typeid=i","cat":316009},{"id":122993,"n":"Quenelles de brochet Forestière Petit Jean - 2+1offert","p":4.1,"u":"3,42 €/KG","img":"https://fd9-photos.leclercdrive.fr/image.ashx?id=2953869&use=l&cat=p&typeid=i","cat":284441},{"id":123029,"n":"Poisson pané Colin Findus Extra croustillant - x2 250g","p":2.84,"u":"11,36 €/KG","img":"https://fd9-photos.leclercdrive.fr/image.ashx?id=3014548&use=l&cat=p&typeid=i","cat":319788},{"id":123062,"n":"Jambon de Paris Tradilège A l'étouffé - 160g","p":1.69,"u":"10,56 €/KG","img":"https://fd9-photos.leclercdrive.fr/image.ashx?id=2951143&use=l&cat=p&typeid=i","cat":316009},{"id":123063,"n":"Jambon de Paris Tradilège Découenné dégraissé x6 - 240g","p":2.39,"u":"9,96 €/KG","img":"https://fd9-photos.leclercdrive.fr/image.ashx?id=2951146&use=l&cat=p&typeid=i","cat":316009},{"id":123065,"n":"Jambon de Paris Tradilège À l'étouffée x8 - 320g","p":3.13,"u":"9,78 €/KG","img":"https://fd9-photos.leclercdrive.fr/image.ashx?id=2994387&use=l&cat=p&typeid=i","cat":316009},{"id":123067,"n":"Jambon de Paris Tradilège Découenné dégraissé x10 - 400g","p":3.86,"u":"9,65 €/KG","img":"https://fd9-photos.leclercdrive.fr/image.ashx?id=2930787&use=l&cat=p&typeid=i","cat":316009},{"id":123069,"n":"Jambon de Paris Tradilège -25% de sel - 2 tranches - 70g","p":1.11,"u":"15,86 €/KG","img":"https://fd9-photos.leclercdrive.fr/image.ashx?id=2208606&use=l&cat=p&typeid=i","cat":316009},{"id":123071,"n":"Jambon de Paris Tradilège -25% de sel - 6 tranches - 210g","p":2.49,"u":"11,86 €/KG","img":"https://fd9-photos.leclercdrive.fr/image.ashx?id=2994390&use=l&cat=p&typeid=i","cat":316009},{"id":123074,"n":"Jambon supérieur Tradilège Découenné dégraissé x4 - 160g","p":2.21,"u":"13,81 €/KG","img":"https://fd9-photos.leclercdrive.fr/image.ashx?id=2984194&use=l&cat=p&typeid=i","cat":316009},{"id":123076,"n":"Jambon supérieur Tradilège Découenné dégraissé x6 - 240g","p":3.25,"u":"13,54 €/KG","img":"https://fd9-photos.leclercdrive.fr/image.ashx?id=2974879&use=l&cat=p&typeid=i","cat":316009},{"id":123105,"n":"Jambon supérieur Tradilège Avec couenne 4 tranches - 160g","p":2.06,"u":"12,88 €/KG","img":"https://fd9-photos.leclercdrive.fr/image.ashx?id=2925756&use=l&cat=p&typeid=i","cat":316009},{"id":123108,"n":"Jambon supérieur Tradilège Label rouge découenné x4 - 160g","p":2.59,"u":"16,19 €/KG","img":"https://fd9-photos.leclercdrive.fr/image.ashx?id=2943698&use=l&cat=p&typeid=i","cat":316009},{"id":123110,"n":"Jambon supérieur Tradilège Avec couenne -2 tranches - 80g","p":1.39,"u":"17,38 €/KG","img":"https://fd9-photos.leclercdrive.fr/image.ashx?id=2404190&use=l&cat=p&typeid=i","cat":316009},{"id":123121,"n":"Oeufs Marque rèpere De Nos Régions - x20","p":4.29,"u":"0,21 €/P","img":"https://fd9-photos.leclercdrive.fr/image.ashx?id=2969803&use=l&cat=p&typeid=i","cat":284378},{"id":123165,"n":"Doony's chocolat blister x4 - 220g","p":3.4,"u":"15,45 €/KG","img":"https://fd9-photos.leclercdrive.fr/image.ashx?id=2570562&use=l&cat=p&typeid=i","cat":285531},{"id":123178,"n":"Beignet à la framboise 4x75g","p":1.99,"u":"6,63 €/KG","img":"https://fd9-photos.leclercdrive.fr/image.ashx?id=1940999&use=l&cat=p&typeid=i","cat":284984},{"id":123179,"n":"Beignet aux pommes 4x75g","p":1.99,"u":"6,63 €/KG","img":"https://fd9-photos.leclercdrive.fr/image.ashx?id=1940996&use=l&cat=p&typeid=i","cat":284984},{"id":123183,"n":"IGP Terres du Midi rosé Listel Cuvée St Louis - 75cl","p":5.2,"u":"6,93 €/L","img":"https://fd9-photos.leclercdrive.fr/image.ashx?id=2630382&use=l&cat=p&typeid=i","cat":289558},{"id":123254,"n":"Rhum Blanc agricole Dillon  Martinique - 70cl","p":11.7,"u":"16,71 €/L","img":"https://fd9-photos.leclercdrive.fr/image.ashx?id=2650949&use=l&cat=p&typeid=i","cat":284550},{"id":123257,"n":"Capsules café Plantation Lungo forte n°7 - x16 - 105g","p":3.35,"u":"31,90 €/KG","img":"https://fd9-photos.leclercdrive.fr/image.ashx?id=2649744&use=l&cat=p&typeid=i","cat":293239},{"id":123310,"n":"Pâtes Barilla Capellini - 1kg","p":1.97,"u":"1,97 €/KG","img":"https://fd9-photos.leclercdrive.fr/image.ashx?id=2986948&use=l&cat=p&typeid=i","cat":284427},{"id":123360,"n":"Pétales Tables du Monde A la crevette ASC - 50g","p":0.65,"u":"13,00 €/KG","img":"https://fd9-photos.leclercdrive.fr/image.ashx?id=2920220&use=l&cat=p&typeid=i","cat":288992},{"id":123369,"n":"Crème hydratante visage & corps 75 Ml","p":1.39,"u":"18,53 €/L","img":"https://fd9-photos.leclercdrive.fr/image.ashx?id=1890346&use=l&cat=p&typeid=i","cat":325345},{"id":123371,"n":"Déboucheur Syphon Spécial cheveux - 1L","p":2.35,"u":"2,35 €/L","img":"https://fd9-photos.leclercdrive.fr/image.ashx?id=2202473&use=l&cat=p&typeid=i","cat":284908},{"id":123393,"n":"Bière sans alcool Tourtel Twist Agrume 0,0° - 6x27,5cl","p":4.04,"u":"2,45 €/L","img":"https://fd9-photos.leclercdrive.fr/image.ashx?id=2730736&use=l&cat=p&typeid=i","cat":334877},{"id":123397,"n":"Bière sans alcool Tourtel Twist Framboise 0,0° - 6x27,5cl","p":4.14,"u":"2,51 €/L","img":"https://fd9-photos.leclercdrive.fr/image.ashx?id=2886705&use=l&cat=p&typeid=i","cat":334877},{"id":123400,"n":"Cire corps Laurence Dumont Bandes - x20","p":3.43,"u":"0,17 €/P","img":"https://fd9-photos.leclercdrive.fr/image.ashx?id=2606358&use=l&cat=p&typeid=i","cat":325351},{"id":123407,"n":"Bière sans alcool Tourtel Twist Citron 0,0° - 6x27,5cl","p":3.85,"u":"2,33 €/L","img":"https://fd9-photos.leclercdrive.fr/image.ashx?id=2886702&use=l&cat=p&typeid=i","cat":334877},{"id":123418,"n":"Bière blonde Leffe sans alcool 0,0% - 6x25cl","p":4.34,"u":"2,89 €/L","img":"https://fd9-photos.leclercdrive.fr/image.ashx?id=2548303&use=l&cat=p&typeid=i","cat":334877},{"id":123422,"n":"Soda Coca-Cola Sans Sucres Bouteille - 1,75L","p":1.8,"u":"1,03 €/L","img":"https://fd9-photos.leclercdrive.fr/image.ashx?id=2971748&use=l&cat=p&typeid=i","cat":284530},{"id":123432,"n":"Crème lavante L'arbre Vert Recharge - Amande douche -300ml","p":1.83,"u":"6,10 €/L","img":"https://fd9-photos.leclercdrive.fr/image.ashx?id=2886115&use=l&cat=p&typeid=i","cat":284597},{"id":123434,"n":"Soda Schweppes Indian Tonic Zero - 6x33cl","p":3.89,"u":"1,96 €/L","img":"https://fd9-photos.leclercdrive.fr/image.ashx?id=2852420&use=l&cat=p&typeid=i","cat":284531},{"id":123436,"n":"Boisson fruit shoot Teisseire Tropical - 6x20cl","p":2.62,"u":"2,18 €/L","img":"https://fd9-photos.leclercdrive.fr/image.ashx?id=2858204&use=l&cat=p&typeid=i","cat":295018},{"id":123437,"n":"Boisson Fruit shoot Teisseire Multivamine - 6x20cl","p":2.62,"u":"2,18 €/L","img":"https://fd9-photos.leclercdrive.fr/image.ashx?id=2858201&use=l&cat=p&typeid=i","cat":295018},{"id":123448,"n":"Biscuits cacao Kinder Cards Au lait et au cacao 2x5 - 128g","p":3.46,"u":"13,52 €/KG","img":"https://fd9-photos.leclercdrive.fr/image.ashx?id=2672608&use=l&cat=p&typeid=i","cat":284488},{"id":123486,"n":"Pâtes Coquillage Panzani Créatives - 500G","p":1.45,"u":"2,90 €/KG","img":"https://fd9-photos.leclercdrive.fr/image.ashx?id=2902939&use=l&cat=p&typeid=i","cat":284427},{"id":123487,"n":"Olives vertes Tokapi Dénoyautées - 100g","p":0.76,"u":"7,60 €/KG","img":"https://fd9-photos.leclercdrive.fr/image.ashx?id=2994357&use=l&cat=p&typeid=i","cat":284458},{"id":123491,"n":"Crêpe fourrée Whaou Chocolat - x8 - 256g","p":2.13,"u":"8,32 €/KG","img":"https://fd9-photos.leclercdrive.fr/image.ashx?id=2962863&use=l&cat=p&typeid=i","cat":284494},{"id":123492,"n":"Crêpes Whaou! Chocolat x15 - 480g","p":3.83,"u":"7,98 €/KG","img":"https://fd9-photos.leclercdrive.fr/image.ashx?id=2986449&use=l&cat=p&typeid=i","cat":284494},{"id":123504,"n":"Yaourt fjord fromage blanc Nature - 8x125g","p":3.48,"u":"3,48 €/KG","img":"https://fd9-photos.leclercdrive.fr/image.ashx?id=2653222&use=l&cat=p&typeid=i","cat":284409},{"id":123523,"n":"Tubes Copains Copines Arc-en-ciel - 200g","p":1.13,"u":"5,65 €/KG","img":"https://fd9-photos.leclercdrive.fr/image.ashx?id=2589864&use=l&cat=p&typeid=i","cat":304250},{"id":123528,"n":"Soucoupes Copains Copines Acides - 39g","p":0.99,"u":"25,38 €/KG","img":"https://fd9-photos.leclercdrive.fr/image.ashx?id=2874738&use=l&cat=p&typeid=i","cat":304250},{"id":123536,"n":"Eau gazeuse aromatisée Salvetat citron vert - 1,15L","p":0.9,"u":"0,78 €/L","img":"https://fd9-photos.leclercdrive.fr/image.ashx?id=2259475&use=l&cat=p&typeid=i","cat":284536},{"id":123540,"n":"Eau minérale naturelle Volvic 6x50cl","p":2.09,"u":"0,70 €/L","img":"https://fd9-photos.leclercdrive.fr/image.ashx?id=2730247&use=l&cat=p&typeid=i","cat":284535},{"id":123541,"n":"Eau minérale naturelle Evian  12x33cl","p":4.34,"u":"1,10 €/L","img":"https://fd9-photos.leclercdrive.fr/image.ashx?id=2973556&use=l&cat=p&typeid=i","cat":284535},{"id":123542,"n":"Eau minérale naturelle Evian  6x50cl","p":2.58,"u":"0,86 €/L","img":"https://fd9-photos.leclercdrive.fr/image.ashx?id=2969022&use=l&cat=p&typeid=i","cat":284535},{"id":123545,"n":"Quiche lorraine Marie Pur beurre - 400g","p":3.22,"u":"8,05 €/KG","img":"https://fd9-photos.leclercdrive.fr/image.ashx?id=2318546&use=l&cat=p&typeid=i","cat":333680},{"id":123550,"n":"Yaourt aux fruits brassés Velouté fruix Danone - 16x125g","p":4.51,"u":"2,26 €/KG","img":"https://fd9-photos.leclercdrive.fr/image.ashx?id=2912923&use=l&cat=p&typeid=i","cat":284410},{"id":123551,"n":"Yaourt aux fruits brassés Velouté fruix Danone - 12x125g","p":3.96,"u":"2,64 €/KG","img":"https://fd9-photos.leclercdrive.fr/image.ashx?id=2912929&use=l&cat=p&typeid=i","cat":284410},{"id":123552,"n":"Yaourt fruits rouges brassés Velouté fruix Danone - 8x125g","p":2.81,"u":"2,81 €/KG","img":"https://fd9-photos.leclercdrive.fr/image.ashx?id=2912932&use=l&cat=p&typeid=i","cat":284410},{"id":123553,"n":"Yaourt aux fruits velouté fruix Danone brassé fraise - 4x125g","p":1.91,"u":"3,82 €/KG","img":"https://fd9-photos.leclercdrive.fr/image.ashx?id=2911855&use=l&cat=p&typeid=i","cat":284410},{"id":123554,"n":"Yaourt aux fruits velouté fruix Danone brassé framboise -4x125g","p":1.66,"u":"3,32 €/KG","img":"https://fd9-photos.leclercdrive.fr/image.ashx?id=2911858&use=l&cat=p&typeid=i","cat":284410},{"id":123555,"n":"Yaourt fruits jaunes brassés Velouté fruix Danone - 8x125g","p":2.85,"u":"2,85 €/KG","img":"https://fd9-photos.leclercdrive.fr/image.ashx?id=2912926&use=l&cat=p&typeid=i","cat":284410},{"id":123606,"n":"Lessive liquide blanc Epsil 25 lavages - 1.25L","p":2.54,"u":"2,03 €/L","img":"https://fd9-photos.leclercdrive.fr/image.ashx?id=2838933&use=l&cat=p&typeid=i","cat":284640},{"id":123623,"n":"Bière ambrée Affligem 6,7D 6x25 Cl","p":5.42,"u":"3,61 €/L","img":"https://fd9-photos.leclercdrive.fr/image.ashx?id=2672029&use=l&cat=p&typeid=i","cat":334852},{"id":123695,"n":"Lait Primea 1 Bio BabyBio 800g","p":14.87,"u":"18,59 €/KG","img":"https://fd9-photos.leclercdrive.fr/image.ashx?id=2911327&use=l&cat=p&typeid=i","cat":284726},{"id":123703,"n":"Ravioles du Dauphiné IGP 5 plaques - 300g","p":4.07,"u":"13,57 €/KG","img":"https://fd9-photos.leclercdrive.fr/image.ashx?id=2833459&use=l&cat=p&typeid=i","cat":333682},{"id":123841,"n":"Sardines sans arêtes au citron Connétable - 140g","p":2.93,"u":"20,93 €/KG","img":"https://fd9-photos.leclercdrive.fr/image.ashx?id=2677333&use=l&cat=p&typeid=i","cat":305146},{"id":123864,"n":"Crème Pieds Anti-Crevasses Talons 24h - 60 ml","p":4.84,"u":"80,67 €/L","img":"https://fd9-photos.leclercdrive.fr/image.ashx?id=2980878&use=l&cat=p&typeid=i","cat":325354},{"id":123924,"n":"Barres choco caram biscuit 348g","p":1.97,"u":"5,66 €/KG","img":"https://fd9-photos.leclercdrive.fr/image.ashx?id=2739721&use=l&cat=p&typeid=i","cat":284498},{"id":123960,"n":"Bière sans alcool Desperados Virgin - Agrumes 3x33cl","p":3.68,"u":"3,72 €/L","img":"https://fd9-photos.leclercdrive.fr/image.ashx?id=2977966&use=l&cat=p&typeid=i","cat":334877},{"id":124045,"n":"Sardine Connetable Sans arête naturel - 98g","p":2.49,"u":"25,41 €/KG","img":"https://fd9-photos.leclercdrive.fr/image.ashx?id=2620269&use=l&cat=p&typeid=i","cat":305146},{"id":124047,"n":"Pilchards hareng Petit Pierre Tomate huile - 367g","p":2.37,"u":"6,46 €/KG","img":"https://fd9-photos.leclercdrive.fr/image.ashx?id=3004408&use=l&cat=p&typeid=i","cat":305147},{"id":124052,"n":"Nouilles de riz Table du monde 250g","p":1.99,"u":"7,96 €/KG","img":"https://fd9-photos.leclercdrive.fr/image.ashx?id=2679780&use=l&cat=p&typeid=i","cat":288992},{"id":124253,"n":"Le Champignon Entier Bonduelle Sans Sulfite, Sans Additif 230g","p":1.67,"u":"7,26 €/KG","img":"https://fd9-photos.leclercdrive.fr/image.ashx?id=2979638&use=l&cat=p&typeid=i","cat":312610},{"id":124271,"n":"Morceaux de thon Eco+ A l'huile de tournesol - 130g","p":1.33,"u":"10,23 €/KG","img":"https://fd9-photos.leclercdrive.fr/image.ashx?id=2678529&use=l&cat=p&typeid=i","cat":303867},{"id":124272,"n":"Thon nature entier Saupiquet MSC - 140g","p":2.32,"u":"16,57 €/KG","img":"https://fd9-photos.leclercdrive.fr/image.ashx?id=2731540&use=l&cat=p&typeid=i","cat":303867},{"id":124370,"n":"Carotte  1KG","p":1.49,"u":"1,49 €/KG","img":"https://fd9-photos.leclercdrive.fr/image.ashx?id=1631985&use=l&cat=p&typeid=i","cat":284352},{"id":124374,"n":"Eau aromatisée Volvic bio Pamplemousse romarin - 75cl","p":1.71,"u":"2,28 €/L","img":"https://fd9-photos.leclercdrive.fr/image.ashx?id=2462514&use=l&cat=p&typeid=i","cat":284537},{"id":124466,"n":"AOC Crémant d'Alsace brut Bio Rebmann - 75cl","p":6.99,"u":"9,32 €/L","img":"https://fd9-photos.leclercdrive.fr/image.ashx?id=2714992&use=l&cat=p&typeid=i","cat":284545},{"id":124478,"n":"IGP Méditérranée rosé Les Calandières - 75cl","p":3.85,"u":"5,13 €/L","img":"https://fd9-photos.leclercdrive.fr/image.ashx?id=2996608&use=l&cat=p&typeid=i","cat":289558},{"id":124496,"n":"Crème glacée Ben & Jerry's Choco Fudge Brownie - 408g","p":3.67,"u":"9,00 €/KG","img":"https://fd9-photos.leclercdrive.fr/image.ashx?id=2738050&use=l&cat=p&typeid=i","cat":284725},{"id":124499,"n":"Glace en Pot BEN & JERRY'S Vanilla Pecan Blondie - 465ml","p":3.67,"u":"8,86 €/KG","img":"https://fd9-photos.leclercdrive.fr/image.ashx?id=2832548&use=l&cat=p&typeid=i","cat":284725},{"id":124585,"n":"Black spiced \"The kraken\" 40° - 70cl","p":24.0,"u":"34,29 €/L","img":"https://fd9-photos.leclercdrive.fr/image.ashx?id=2550940&use=l&cat=p&typeid=i","cat":284550},{"id":124594,"n":"Capsules Nescafé Dolce Gusto Espresso - x16","p":4.41,"u":"50,11 €/KG","img":"https://fd9-photos.leclercdrive.fr/image.ashx?id=2952025&use=l&cat=p&typeid=i","cat":293239},{"id":124595,"n":"Nutella Biscuit pâte à tartiner Cacao Noisettes - 166g","p":1.88,"u":"11,33 €/KG","img":"https://fd9-photos.leclercdrive.fr/image.ashx?id=2922200&use=l&cat=p&typeid=i","cat":284488},{"id":124654,"n":"Bac crème glacée Eskiss Caramel - 500g","p":3.89,"u":"7,78 €/KG","img":"https://fd9-photos.leclercdrive.fr/image.ashx?id=1958907&use=l&cat=p&typeid=i","cat":284263},{"id":124655,"n":"Bac sorbet Eskiss Mangue - 650g","p":2.49,"u":"3,83 €/KG","img":"https://fd9-photos.leclercdrive.fr/image.ashx?id=2982673&use=l&cat=p&typeid=i","cat":284263},{"id":124670,"n":"Pain de mie complet Jacquet Maxi - Sans sucre ajouté - 550g","p":1.75,"u":"3,18 €/KG","img":"https://fd9-photos.leclercdrive.fr/image.ashx?id=2935708&use=l&cat=p&typeid=i","cat":284477},{"id":124694,"n":"Saucisson Mini Justin Bridou  Bâton de Berger nature - 160g","p":3.49,"u":"21,81 €/KG","img":"https://fd9-photos.leclercdrive.fr/image.ashx?id=2921786&use=l&cat=p&typeid=i","cat":316006},{"id":124696,"n":"Accras de morue MSC Table du Monde - 200g","p":2.29,"u":"11,45 €/KG","img":"https://fd9-photos.leclercdrive.fr/image.ashx?id=2841169&use=l&cat=p&typeid=i","cat":333673},{"id":124714,"n":"Combinés gratte éponges Spontex x3","p":2.21,"u":"0,74 €/P","img":"https://fd9-photos.leclercdrive.fr/image.ashx?id=2968895&use=l&cat=p&typeid=i","cat":284667},{"id":124723,"n":"Champignon Bonduelle Emincé - 3x115g","p":2.99,"u":"8,67 €/KG","img":"https://fd9-photos.leclercdrive.fr/image.ashx?id=2913121&use=l&cat=p&typeid=i","cat":312610},{"id":124744,"n":"Gratte éponge Spontex x3","p":2.41,"u":"0,80 €/P","img":"https://fd9-photos.leclercdrive.fr/image.ashx?id=2973084&use=l&cat=p&typeid=i","cat":284667},{"id":124762,"n":"Biscuit Milka Chocolat pause - 3x260g","p":4.41,"pp":3.09,"u":"3,96 €/KG","img":"https://fd9-photos.leclercdrive.fr/image.ashx?id=2680377&use=l&cat=p&typeid=i","cat":284488},{"id":124787,"n":"Shampooing sec Batiste Volume - 200ml","p":4.57,"u":"22,85 €/L","img":"https://fd9-photos.leclercdrive.fr/image.ashx?id=2557979&use=l&cat=p&typeid=i","cat":289143},{"id":124791,"n":"Serviette Nana Maxi goodnight - x12","p":2.04,"u":"0,17 €/P","img":"https://fd9-photos.leclercdrive.fr/image.ashx?id=2806402&use=l&cat=p&typeid=i","cat":284624},{"id":124795,"n":"Protège lingerie Nana Extra long - x24","p":1.91,"u":"0,08 €/P","img":"https://fd9-photos.leclercdrive.fr/image.ashx?id=2968499&use=l&cat=p&typeid=i","cat":284625},{"id":124837,"n":"Dual nature saumon One Purina Chat stérilisé - 1,4kg","p":7.14,"u":"5,10 €/KG","img":"https://fd9-photos.leclercdrive.fr/image.ashx?id=2871145&use=l&cat=p&typeid=i","cat":284680},{"id":124851,"n":"Alcool ménager Mieuxa Parfum basilic - 1L","p":3.97,"u":"3,97 €/L","img":"https://fd9-photos.leclercdrive.fr/image.ashx?id=2277044&use=l&cat=p&typeid=i","cat":300576},{"id":124852,"n":"Vinaigre ménager 8° Mieuxa Agrume - 1 litre","p":2.73,"u":"2,73 €/L","img":"https://fd9-photos.leclercdrive.fr/image.ashx?id=2277011&use=l&cat=p&typeid=i","cat":325365},{"id":124853,"n":"Essence de terebenthine Mieuxa 1L","p":10.58,"u":"10,58 €/L","img":"https://fd9-photos.leclercdrive.fr/image.ashx?id=2277023&use=l&cat=p&typeid=i","cat":300576},{"id":124854,"n":"Huile de lin Mieuxa 1L","p":5.84,"u":"5,84 €/L","img":"https://fd9-photos.leclercdrive.fr/image.ashx?id=2277026&use=l&cat=p&typeid=i","cat":300576},{"id":124902,"n":"Eponges végétales Eco+ x2","p":0.51,"u":"0,26 €/P","img":"https://fd9-photos.leclercdrive.fr/image.ashx?id=2770242&use=l&cat=p&typeid=i","cat":284667},{"id":124903,"n":"Laque fixation forte Eco+ 400ml","p":1.18,"u":"2,95 €/L","img":"https://fd9-photos.leclercdrive.fr/image.ashx?id=2270223&use=l&cat=p&typeid=i","cat":284609},{"id":124906,"n":"Sacs poubelle Eco+ 50L Coulissants - x25","p":2.33,"u":"0,09 €/P","img":"https://fd9-photos.leclercdrive.fr/image.ashx?id=1916286&use=l&cat=p&typeid=i","cat":285168},{"id":124909,"n":"Culotte Enuresie Mots d'Enfants 4-7 ans -17-30 kg - x15","p":9.49,"u":"0,63 €/P","img":"https://fd9-photos.leclercdrive.fr/image.ashx?id=2900169&use=l&cat=p&typeid=i","cat":290633},{"id":124913,"n":"Insecticide Insectivor Volant/rampant - 400ml","p":3.95,"u":"9,88 €/L","img":"https://fd9-photos.leclercdrive.fr/image.ashx?id=2582990&use=l&cat=p&typeid=i","cat":298368},{"id":124921,"n":"Croquettes petit chien Ultima  Nature Sans céréales - 1,1kg","p":6.45,"u":"5,86 €/KG","img":"https://fd9-photos.leclercdrive.fr/image.ashx?id=2572745&use=l&cat=p&typeid=i","cat":294526},{"id":124923,"n":"Croquettes chat stérilisé  Ultima Nature bœuf – 1,1kg","p":7.14,"u":"6,49 €/KG","img":"https://fd9-photos.leclercdrive.fr/image.ashx?id=2629884&use=l&cat=p&typeid=i","cat":284680},{"id":124928,"n":"Sacs poubelle Elembal 240L - x10","p":4.56,"u":"0,46 €/P","img":"https://fd9-photos.leclercdrive.fr/image.ashx?id=1901894&use=l&cat=p&typeid=i","cat":285168},{"id":124930,"n":"Sacs poubelle Elembal Coulissants spécial tri 50L-x10","p":2.19,"u":"0,22 €/P","img":"https://fd9-photos.leclercdrive.fr/image.ashx?id=2958756&use=l&cat=p&typeid=i","cat":285168},{"id":124931,"n":"Coton maxi ovale Bio Bionaia x60","p":2.16,"u":"0,04 €/P","img":"https://fd9-photos.leclercdrive.fr/image.ashx?id=2658584&use=l&cat=p&typeid=i","cat":284636},{"id":124935,"n":"Tampons à récurer Eco+ x5","p":1.01,"u":"0,20 €/P","img":"https://fd9-photos.leclercdrive.fr/image.ashx?id=2593336&use=l&cat=p&typeid=i","cat":284667},{"id":124936,"n":"Serviettes hygiéniques Eco+ Normales Ultra minces - x14","p":0.55,"u":"0,04 €/P","img":"https://fd9-photos.leclercdrive.fr/image.ashx?id=2809686&use=l&cat=p&typeid=i","cat":284624},{"id":125217,"n":"Soufflés Eco+ Goût fromage - 100g","p":0.54,"u":"5,40 €/KG","img":"https://fd9-photos.leclercdrive.fr/image.ashx?id=2887392&use=l&cat=p&typeid=i","cat":284449},{"id":125218,"n":"Cacahuètes Eco  Grillées et salées - 250g","p":0.72,"u":"2,88 €/KG","img":"https://fd9-photos.leclercdrive.fr/image.ashx?id=2836801&use=l&cat=p&typeid=i","cat":284448},{"id":125219,"n":"Frites salées Eco+ 80g","p":0.45,"u":"5,63 €/KG","img":"https://fd9-photos.leclercdrive.fr/image.ashx?id=2764712&use=l&cat=p&typeid=i","cat":284449},{"id":125220,"n":"Snacks Eco+ Gôut bacon - 100g","p":0.72,"u":"7,20 €/KG","img":"https://fd9-photos.leclercdrive.fr/image.ashx?id=2287233&use=l&cat=p&typeid=i","cat":284449},{"id":125223,"n":"Pistaches grillées à sec Eco+ 200g","p":2.58,"u":"12,90 €/KG","img":"https://fd9-photos.leclercdrive.fr/image.ashx?id=2746784&use=l&cat=p&typeid=i","cat":284448},{"id":125224,"n":"Pop corn Eco+ Salé - 100g","p":0.97,"u":"9,70 €/KG","img":"https://fd9-photos.leclercdrive.fr/image.ashx?id=2846550&use=l&cat=p&typeid=i","cat":304249},{"id":125227,"n":"Mini cookies P'tit Déli 160g","p":1.49,"u":"9,31 €/KG","img":"https://fd9-photos.leclercdrive.fr/image.ashx?id=2932426&use=l&cat=p&typeid=i","cat":325066},{"id":125235,"n":"Tartelette framboise P'tit Déli 150g","p":1.3,"u":"8,67 €/KG","img":"https://fd9-photos.leclercdrive.fr/image.ashx?id=2683922&use=l&cat=p&typeid=i","cat":284489},{"id":125238,"n":"Cookies P'tit Déli Chocolat noisette - 200g","p":1.69,"u":"8,45 €/KG","img":"https://fd9-photos.leclercdrive.fr/image.ashx?id=1943253&use=l&cat=p&typeid=i","cat":325066},{"id":125314,"n":"Farine de blé Jardin Bio Blanche - 1kg","p":1.88,"u":"1,88 €/KG","img":"https://fd9-photos.leclercdrive.fr/image.ashx?id=2638286&use=l&cat=p&typeid=i","cat":284503},{"id":125315,"n":"Farine bio Jardin Bio Semi-complète T80 - 1kg","p":1.87,"u":"1,87 €/KG","img":"https://fd9-photos.leclercdrive.fr/image.ashx?id=2944834&use=l&cat=p&typeid=i","cat":284503},{"id":125328,"n":"Ketchup Rustica Nature - 560g","p":1.25,"u":"2,23 €/KG","img":"https://fd9-photos.leclercdrive.fr/image.ashx?id=2870050&use=l&cat=p&typeid=i","cat":284455},{"id":125339,"n":"Eponge gratounett Spontex 4+2 gratuit","p":3.47,"u":"0,58 €/P","img":"https://fd9-photos.leclercdrive.fr/image.ashx?id=1904252&use=l&cat=p&typeid=i","cat":284667},{"id":125383,"n":"Comté fromage râpé Les Croisés 130g","p":1.95,"u":"15,00 €/KG","img":"https://fd9-photos.leclercdrive.fr/image.ashx?id=2897820&use=l&cat=p&typeid=i","cat":314035},{"id":125427,"n":"Croustillant Bio Bjorg 3 Noix - 450g","p":3.81,"u":"8,47 €/KG","img":"https://fd9-photos.leclercdrive.fr/image.ashx?id=2960807&use=l&cat=p&typeid=i","cat":309512},{"id":125431,"n":"Granola Bio Bjorg Chocolat - 350g","p":3.83,"u":"10,94 €/KG","img":"https://fd9-photos.leclercdrive.fr/image.ashx?id=2906217&use=l&cat=p&typeid=i","cat":309512},{"id":125571,"n":"Yaourt bifidus Activia muesli Chocolat noisette - 170g","p":1.96,"img":"https://fd9-photos.leclercdrive.fr/image.ashx?id=2965891&use=l&cat=p&typeid=i","cat":315000},{"id":125634,"n":"Fromage AOP Petit pont l'évêque Isigny - Sainte mère - 220g","p":3.75,"u":"17,05 €/KG","img":"https://fd9-photos.leclercdrive.fr/image.ashx?id=2291174&use=l&cat=p&typeid=i","cat":329558},{"id":125695,"n":"Anti-Algues Swim 5L","p":11.4,"u":"2,28 €/L","img":"https://fd9-photos.leclercdrive.fr/image.ashx?id=2849313&use=l&cat=p&typeid=i","cat":335918},{"id":125702,"n":"Chlore Multifonctions Swim Tablettes 200g - 2kg","p":29.99,"u":"15,00 €/KG","img":"https://fd9-photos.leclercdrive.fr/image.ashx?id=1923427&use=l&cat=p&typeid=i","cat":335918},{"id":125704,"n":"SOS Eau Verte Swim - 500g","p":11.26,"u":"22,52 €/KG","img":"https://fd9-photos.leclercdrive.fr/image.ashx?id=1914066&use=l&cat=p&typeid=i","cat":335918},{"id":125707,"n":"PH Minus Swim 2kg","p":9.38,"u":"4,69 €/KG","img":"https://fd9-photos.leclercdrive.fr/image.ashx?id=1923439&use=l&cat=p&typeid=i","cat":335918},{"id":125712,"n":"Floculant Liquide Swim - 2L","p":7.25,"u":"3,63 €/L","img":"https://fd9-photos.leclercdrive.fr/image.ashx?id=2849316&use=l&cat=p&typeid=i","cat":335918},{"id":125723,"n":"Céréales fourées P'tit Déli Tout chocolat - 650g","p":2.89,"u":"4,45 €/KG","img":"https://fd9-photos.leclercdrive.fr/image.ashx?id=2878603&use=l&cat=p&typeid=i","cat":309513},{"id":125744,"n":"Carré blé aubergine poivron bio Céréal Bio - 200g","p":2.51,"u":"12,55 €/KG","img":"https://fd9-photos.leclercdrive.fr/image.ashx?id=2327854&use=l&cat=p&typeid=i","cat":284953},{"id":125914,"n":"Fromages frais Pat'patrouille Yoplait goûts fruits - 12x50g","p":1.65,"u":"2,75 €/KG","img":"https://fd9-photos.leclercdrive.fr/image.ashx?id=2733685&use=l&cat=p&typeid=i","cat":284414},{"id":125916,"n":"Fromages frais Pat'Patrouille Yoplait goûts fruits - 24x50g","p":3.5,"u":"2,92 €/KG","img":"https://fd9-photos.leclercdrive.fr/image.ashx?id=2733688&use=l&cat=p&typeid=i","cat":284414},{"id":125958,"n":"Chips Bret's Saveur vinaigre - 125g","p":1.3,"u":"10,40 €/KG","img":"https://fd9-photos.leclercdrive.fr/image.ashx?id=1925081&use=l&cat=p&typeid=i","cat":284447},{"id":125966,"n":"Chips Tyrrell's Sel et poivre - 150g","p":2.19,"u":"14,60 €/KG","img":"https://fd9-photos.leclercdrive.fr/image.ashx?id=2884777&use=l&cat=p&typeid=i","cat":284447},{"id":126139,"n":"Chips  Sel de mer Tyrell's Saveur vinaigre - 150g","p":2.19,"u":"14,60 €/KG","img":"https://fd9-photos.leclercdrive.fr/image.ashx?id=2941865&use=l&cat=p&typeid=i","cat":284447},{"id":126178,"n":"Riz long thaï Eco+ 1kg","p":1.61,"u":"1,61 €/KG","img":"https://fd9-photos.leclercdrive.fr/image.ashx?id=2799751&use=l&cat=p&typeid=i","cat":284428},{"id":126181,"n":"Chocolat Daim 140g","p":2.7,"u":"19,29 €/KG","img":"https://fd9-photos.leclercdrive.fr/image.ashx?id=2506918&use=l&cat=p&typeid=i","cat":304250},{"id":126183,"n":"Biscuits Lotus Biscoff Fourré  Crème saveur speculoos - 150g","p":1.92,"u":"12,80 €/KG","img":"https://fd9-photos.leclercdrive.fr/image.ashx?id=2694968&use=l&cat=p&typeid=i","cat":284487},{"id":126186,"n":"Riz rond Eco+ 1kg","p":1.77,"u":"1,77 €/KG","img":"https://fd9-photos.leclercdrive.fr/image.ashx?id=2704594&use=l&cat=p&typeid=i","cat":284428},{"id":126187,"n":"Biscuits Lotus Biscoff Fourré Crème saveur chocolat 150g","p":1.94,"u":"12,93 €/KG","img":"https://fd9-photos.leclercdrive.fr/image.ashx?id=2859818&use=l&cat=p&typeid=i","cat":284487},{"id":126189,"n":"Biscuits Lotus Biscoff Fourré  Crème saveur vanille - 150g","p":1.66,"u":"11,07 €/KG","img":"https://fd9-photos.leclercdrive.fr/image.ashx?id=2685315&use=l&cat=p&typeid=i","cat":284487},{"id":126314,"n":"Crème dépilatoire Pure Veet Corps Peaux sensibles 200ml","p":4.86,"u":"24,30 €/L","img":"https://fd9-photos.leclercdrive.fr/image.ashx?id=2965692&use=l&cat=p&typeid=i","cat":325351},{"id":126396,"n":"Bière sans alcool Kronenbourg Pur Malt 0,4° - 12x25cl","p":5.47,"u":"1,82 €/L","img":"https://fd9-photos.leclercdrive.fr/image.ashx?id=2992756&use=l&cat=p&typeid=i","cat":334877},{"id":126408,"n":"Flûte sésame Kambly 2x125g + 20% offert - 300g","p":2.91,"u":"9,70 €/KG","img":"https://fd9-photos.leclercdrive.fr/image.ashx?id=2518769&use=l&cat=p&typeid=i","cat":297000},{"id":126421,"n":"Biscuits Figolu LU Figue - 192g","p":1.46,"u":"7,60 €/KG","img":"https://fd9-photos.leclercdrive.fr/image.ashx?id=2967950&use=l&cat=p&typeid=i","cat":284489},{"id":126424,"n":"Biscuits Sprits sablés Delacre Chocolat au lait - 200g","p":1.77,"u":"8,85 €/KG","img":"https://fd9-photos.leclercdrive.fr/image.ashx?id=2855873&use=l&cat=p&typeid=i","cat":284488},{"id":126430,"n":"Dosettes café Senseo Milka x8","p":2.92,"u":"26,07 €/KG","img":"https://fd9-photos.leclercdrive.fr/image.ashx?id=2127012&use=l&cat=p&typeid=i","cat":293238},{"id":126436,"n":"Amandes Benenuts-Plaisir Brut Non salées - 145g","p":3.83,"u":"26,41 €/KG","img":"https://fd9-photos.leclercdrive.fr/image.ashx?id=3014470&use=l&cat=p&typeid=i","cat":284448},{"id":126476,"n":"Double concentré Mutti Tomates bio - 185g","p":1.84,"u":"9,95 €/KG","img":"https://fd9-photos.leclercdrive.fr/image.ashx?id=2871208&use=l&cat=p&typeid=i","cat":288384},{"id":126478,"n":"Morceaux Thon PETIT NAVIRE 160g Nature Démarche Responsable","p":1.93,"u":"17,23 €/KG","img":"https://fd9-photos.leclercdrive.fr/image.ashx?id=2549453&use=l&cat=p&typeid=i","cat":303867},{"id":126503,"n":"Durex Gel Lubrifiant Intime  Perfect Gliss Silicone 50ml","p":6.48,"u":"129,60 €/L","img":"https://fd9-photos.leclercdrive.fr/image.ashx?id=2996497&use=l&cat=p&typeid=i","cat":285160},{"id":126517,"n":"Boisson gourmande PAGO Pink ACE Pamplemousse carotte ctrn -75cl","p":2.27,"u":"3,03 €/L","img":"https://fd9-photos.leclercdrive.fr/image.ashx?id=2861243&use=l&cat=p&typeid=i","cat":284915},{"id":126519,"n":"Bloc WC Bref Color Activ+  Marine toilettes - 50g x1","p":1.86,"u":"372,00 €/KG","img":"https://fd9-photos.leclercdrive.fr/image.ashx?id=2890112&use=l&cat=p&typeid=i","cat":284662},{"id":126543,"n":"Mandarine Eco+ Filet 1kg","p":1.99,"u":"1,99 €/KG","img":"https://fd9-photos.leclercdrive.fr/image.ashx?id=2607993&use=l&cat=p&typeid=i","cat":284356},{"id":126570,"n":"Soda Sprite Original  Bouteille  - 1.25L","p":1.27,"u":"1,02 €/L","img":"https://fd9-photos.leclercdrive.fr/image.ashx?id=2796989&use=l&cat=p&typeid=i","cat":284531},{"id":126571,"n":"Gaufres de Liège Lotus 315g","p":2.17,"u":"6,89 €/KG","img":"https://fd9-photos.leclercdrive.fr/image.ashx?id=2694995&use=l&cat=p&typeid=i","cat":294777},{"id":126579,"n":"Pommes Bicolores Eco+ Sachet 2kg","p":2.99,"u":"1,50 €/KG","img":"https://fd9-photos.leclercdrive.fr/image.ashx?id=2537872&use=l&cat=p&typeid=i","cat":284356},{"id":126581,"n":"Pommes jaunes Eco+ Sachet 2kg","p":2.99,"u":"1,50 €/KG","img":"https://fd9-photos.leclercdrive.fr/image.ashx?id=2441890&use=l&cat=p&typeid=i","cat":284356},{"id":126589,"n":"Endives Eco+ Sachet 500g","p":1.49,"u":"2,98 €/KG","img":"https://fd9-photos.leclercdrive.fr/image.ashx?id=2922917&use=l&cat=p&typeid=i","cat":284352},{"id":126591,"n":"Echalotes Eco+ Filet 500g","p":1.19,"u":"2,38 €/KG","img":"https://fd9-photos.leclercdrive.fr/image.ashx?id=2777946&use=l&cat=p&typeid=i","cat":284352},{"id":126601,"n":"Biscuits à thé Delacre Tea Time Boîte Assortiment - 300g","p":3.83,"u":"12,77 €/KG","img":"https://fd9-photos.leclercdrive.fr/image.ashx?id=2867972&use=l&cat=p&typeid=i","cat":284490},{"id":126609,"n":"Le petit pois Bonduelle sans résidu de pesticide - 750g","p":4.01,"u":"5,35 €/KG","img":"https://fd9-photos.leclercdrive.fr/image.ashx?id=2876182&use=l&cat=p&typeid=i","cat":319805},{"id":126643,"n":"Gaufres de liège Lotus Chocolat - 363g","p":3.18,"u":"8,76 €/KG","img":"https://fd9-photos.leclercdrive.fr/image.ashx?id=2859824&use=l&cat=p&typeid=i","cat":294777},{"id":126648,"n":"Epinards Bonduelle sans résidu de pesticide - 750g","p":2.42,"u":"3,23 €/KG","img":"https://fd9-photos.leclercdrive.fr/image.ashx?id=2876179&use=l&cat=p&typeid=i","cat":319805},{"id":126652,"n":"Pavés fondants camembert Président - 200g","p":3.64,"u":"18,20 €/KG","img":"https://fd9-photos.leclercdrive.fr/image.ashx?id=2856091&use=l&cat=p&typeid=i","cat":314027},{"id":126658,"n":"Poisson pané Colin Alaska  Findus MSC herbes ail x2 - 225g","p":2.77,"u":"12,31 €/KG","img":"https://fd9-photos.leclercdrive.fr/image.ashx?id=2650699&use=l&cat=p&typeid=i","cat":319788},{"id":126659,"n":"Fromage fondu Eco+ 24 portions - 400g","p":2.45,"u":"6,13 €/KG","img":"https://fd9-photos.leclercdrive.fr/image.ashx?id=2415746&use=l&cat=p&typeid=i","cat":314030},{"id":126765,"n":"Mascara Maybelline New York Big Shot Daring Black nu - x1","p":9.65,"img":"https://fd9-photos.leclercdrive.fr/image.ashx?id=2344165&use=l&cat=p&typeid=i","cat":287029},{"id":126814,"n":"Filet de poulet Le Gaulois Non OGM Cuisson express 280g","p":4.56,"u":"16,29 €/KG","img":"https://fd9-photos.leclercdrive.fr/image.ashx?id=2304716&use=l&cat=p&typeid=i","cat":284336},{"id":126840,"n":"Farine de Blé Pigeon T55 - 2kg","p":2.29,"u":"1,15 €/KG","img":"https://fd9-photos.leclercdrive.fr/image.ashx?id=1966505&use=l&cat=p&typeid=i","cat":284503},{"id":126847,"n":"Batonnets Smicy Vanille fraise - x12 - 456g","p":3.65,"u":"8,00 €/KG","img":"https://fd9-photos.leclercdrive.fr/image.ashx?id=1936707&use=l&cat=p&typeid=i","cat":284265},{"id":126848,"n":"Batonnets Smicy Vanille - x12 - 456g","p":4.02,"u":"8,82 €/KG","img":"https://fd9-photos.leclercdrive.fr/image.ashx?id=2902552&use=l&cat=p&typeid=i","cat":284265},{"id":126849,"n":"Batonnets Smicy Vanille chocolat - x12 - 456g","p":3.53,"u":"7,74 €/KG","img":"https://fd9-photos.leclercdrive.fr/image.ashx?id=2902558&use=l&cat=p&typeid=i","cat":284265},{"id":126907,"n":"Pesto verde Garofalo 175g","p":2.25,"u":"12,86 €/KG","img":"https://fd9-photos.leclercdrive.fr/image.ashx?id=2884651&use=l&cat=p&typeid=i","cat":287599},{"id":126914,"n":"Lorina limonade artisanale 6x20cl","p":4.8,"u":"4,00 €/L","img":"https://fd9-photos.leclercdrive.fr/image.ashx?id=2735140&use=l&cat=p&typeid=i","cat":284531},{"id":126960,"n":"Cheeseburgers Côté Croc x6 - 780g","p":6.29,"u":"8,06 €/KG","img":"https://fd9-photos.leclercdrive.fr/image.ashx?id=2077373&use=l&cat=p&typeid=i","cat":319822},{"id":126961,"n":"Kiwi jaune 1p","p":0.65,"img":"https://fd9-photos.leclercdrive.fr/image.ashx?id=1633952&use=l&cat=p&typeid=i","cat":284356},{"id":126993,"n":"Céleri  1 branche","p":2.69,"img":"https://fd9-photos.leclercdrive.fr/image.ashx?id=1631818&use=l&cat=p&typeid=i","cat":284352},{"id":126994,"n":"Céleri rave 1p","p":2.49,"img":"https://fd9-photos.leclercdrive.fr/image.ashx?id=1631904&use=l&cat=p&typeid=i","cat":284352},{"id":127017,"n":"Butternut 1p","p":1.99,"img":"https://fd9-photos.leclercdrive.fr/image.ashx?id=1631577&use=l&cat=p&typeid=i","cat":284352},{"id":127019,"n":"Potimarron 1p","p":2.49,"img":"https://fd9-photos.leclercdrive.fr/image.ashx?id=1633196&use=l&cat=p&typeid=i","cat":284352},{"id":127021,"n":"Chou blanc 1p","p":2.19,"img":"https://fd9-photos.leclercdrive.fr/image.ashx?id=560849&use=l&cat=p&typeid=i","cat":284352},{"id":127027,"n":"Bouchées Feuilletées 3 Toques x12 - 318g","p":2.19,"u":"6,89 €/KG","img":"https://fd9-photos.leclercdrive.fr/image.ashx?id=1913859&use=l&cat=p&typeid=i","cat":284441},{"id":127215,"n":"Litière chats Tranquille Cristaux fins - 3.7L","p":5.97,"u":"1,61 €/L","img":"https://fd9-photos.leclercdrive.fr/image.ashx?id=1934850&use=l&cat=p&typeid=i","cat":284683},{"id":127234,"n":"Chipirons Calamars entiers nettoyés. Gimbert - 400g","p":5.67,"u":"14,18 €/KG","img":"https://fd9-photos.leclercdrive.fr/image.ashx?id=2950345&use=l&cat=p&typeid=i","cat":319787},{"id":127236,"n":"Lot de 2 Taboulé Oriental 2x525g","p":3.77,"u":"3,59 €/KG","img":"https://fd9-photos.leclercdrive.fr/image.ashx?id=2335181&use=l&cat=p&typeid=i","cat":325094},{"id":127243,"n":"Filet de Canard tranché Volandrie - 280g","p":7.59,"u":"27,11 €/KG","img":"https://fd9-photos.leclercdrive.fr/image.ashx?id=2396936&use=l&cat=p&typeid=i","cat":284339},{"id":127244,"n":"Filets de Canard Volandrie - 350g","p":6.44,"u":"18,40 €/KG","img":"https://fd9-photos.leclercdrive.fr/image.ashx?id=2903971&use=l&cat=p&typeid=i","cat":284339},{"id":127303,"n":"Ratatouille Maison Rivière 630 g","p":3.4,"u":"5,40 €/KG","img":"https://fd9-photos.leclercdrive.fr/image.ashx?id=2505061&use=l&cat=p&typeid=i","cat":312612},{"id":127306,"n":"Tajine de légumes Maison Rivière - 630 g","p":3.14,"u":"4,98 €/KG","img":"https://fd9-photos.leclercdrive.fr/image.ashx?id=2505070&use=l&cat=p&typeid=i","cat":284441},{"id":127327,"n":"Saucissons natures Galibier Mini bûchettes - 120g","p":3.98,"u":"33,17 €/KG","img":"https://fd9-photos.leclercdrive.fr/image.ashx?id=2902028&use=l&cat=p&typeid=i","cat":316006},{"id":127329,"n":"Saucisson au Comté Galibier Mini bûchettes - 120g","p":3.98,"u":"33,17 €/KG","img":"https://fd9-photos.leclercdrive.fr/image.ashx?id=2902031&use=l&cat=p&typeid=i","cat":316006},{"id":127346,"n":"Cuisses de canard Volandrie x2 - 700g","p":6.49,"u":"9,27 €/KG","img":"https://fd9-photos.leclercdrive.fr/image.ashx?id=2396942&use=l&cat=p&typeid=i","cat":284339},{"id":127351,"n":"Emincé de filet de canard façon aiguillette Volandrie - 210 g","p":4.85,"u":"23,10 €/KG","img":"https://fd9-photos.leclercdrive.fr/image.ashx?id=2396945&use=l&cat=p&typeid=i","cat":284339},{"id":127366,"n":"Pommes de terre Findus Croustine - 420g","p":1.87,"u":"4,45 €/KG","img":"https://fd9-photos.leclercdrive.fr/image.ashx?id=3008755&use=l&cat=p&typeid=i","cat":319792},{"id":127386,"n":"Gel douche Cottage lait cerise noire et pistache - 250ml","p":2.05,"u":"8,20 €/L","img":"https://fd9-photos.leclercdrive.fr/image.ashx?id=1914546&use=l&cat=p&typeid=i","cat":284594},{"id":127387,"n":"Huile à barbe anti-tiraillement Blondépil - 50ml","p":8.22,"u":"164,40 €/L","img":"https://fd9-photos.leclercdrive.fr/image.ashx?id=2518673&use=l&cat=p&typeid=i","cat":288147},{"id":127388,"n":"Soin barbe & visage Blondépil - 100ml","p":8.68,"u":"86,80 €/L","img":"https://fd9-photos.leclercdrive.fr/image.ashx?id=3008431&use=l&cat=p&typeid=i","cat":288147},{"id":127389,"n":"Cire divine rituel douceur Nair huile argan et onagre - 400g","p":7.0,"u":"17,50 €/KG","img":"https://fd9-photos.leclercdrive.fr/image.ashx?id=2904790&use=l&cat=p&typeid=i","cat":325351},{"id":127401,"n":"Préservatifs Orgasm'Intense Perlés et Nervurés Durex x10","p":9.13,"u":"0,91 €/P","img":"https://fd9-photos.leclercdrive.fr/image.ashx?id=2962023&use=l&cat=p&typeid=i","cat":284631},{"id":127420,"n":"Dentifrice Signal White Now  Detox argile minérale - 75ml","p":3.47,"u":"46,27 €/L","img":"https://fd9-photos.leclercdrive.fr/image.ashx?id=2770611&use=l&cat=p&typeid=i","cat":284612},{"id":127430,"n":"Céréales fourrées P'tit Déli Chocolat au lait - 450g","p":2.58,"u":"5,73 €/KG","img":"https://fd9-photos.leclercdrive.fr/image.ashx?id=2824713&use=l&cat=p&typeid=i","cat":309513},{"id":127475,"n":"Lait bébé en poudre Blédilait croissance 1-3 ans 900g","p":10.3,"u":"11,44 €/KG","img":"https://fd9-photos.leclercdrive.fr/image.ashx?id=2848587&use=l&cat=p&typeid=i","cat":290219},{"id":127476,"n":"Piperade basquaise NRT 600g","p":3.7,"u":"6,17 €/KG","img":"https://fd9-photos.leclercdrive.fr/image.ashx?id=2771420&use=l&cat=p&typeid=i","cat":284441},{"id":127556,"n":"Litière chats Tranquille Cristale charbon actif - 4L","p":6.16,"u":"1,54 €/L","img":"https://fd9-photos.leclercdrive.fr/image.ashx?id=2421874&use=l&cat=p&typeid=i","cat":284683},{"id":128809,"n":"Sac à dos Esquisse Snake - à roulettes","p":34.9,"img":"https://fd9-photos.leclercdrive.fr/image.ashx?id=2131281&use=l&cat=p&typeid=i","cat":334133},{"id":128826,"n":"Boisson a base de vin Don Simon Sangria blanche 1,5L","p":2.39,"u":"1,59 €/L","img":"https://fd9-photos.leclercdrive.fr/image.ashx?id=1918577&use=l&cat=p&typeid=i","cat":304569},{"id":128863,"n":"IGP Ile de Beauté rosé HVE Domaine A.Tippana - 75cl","p":5.11,"u":"6,81 €/L","img":"https://fd9-photos.leclercdrive.fr/image.ashx?id=2662403&use=l&cat=p&typeid=i","cat":289558},{"id":128887,"n":"Soda Coca-Cola Verre - 6x250ml","p":5.68,"u":"3,79 €/L","img":"https://fd9-photos.leclercdrive.fr/image.ashx?id=2444465&use=l&cat=p&typeid=i","cat":284530},{"id":128976,"n":"Sucre poudre Daddy 750g","p":1.31,"u":"1,75 €/KG","img":"https://fd9-photos.leclercdrive.fr/image.ashx?id=2944699&use=l&cat=p&typeid=i","cat":284502},{"id":129003,"n":"Lait infantile 1er âge Babybio  Optima 1 Bio - 800g","p":16.49,"u":"20,61 €/KG","img":"https://fd9-photos.leclercdrive.fr/image.ashx?id=2988433&use=l&cat=p&typeid=i","cat":284726},{"id":129009,"n":"Lait de croissance Babybio Bio En poudre caprea 3 - 800g","p":21.62,"u":"27,03 €/KG","img":"https://fd9-photos.leclercdrive.fr/image.ashx?id=2733343&use=l&cat=p&typeid=i","cat":290219},{"id":129048,"n":"Flocons 5 céréales bio  Terres et Céréales - 500g","p":1.73,"u":"3,46 €/KG","img":"https://fd9-photos.leclercdrive.fr/image.ashx?id=2432532&use=l&cat=p&typeid=i","cat":309512},{"id":129049,"n":"Haricots coco bio Jardin Bio Cuisinés - 680g","p":2.76,"u":"4,06 €/KG","img":"https://fd9-photos.leclercdrive.fr/image.ashx?id=2811200&use=l&cat=p&typeid=i","cat":312606},{"id":129059,"n":"Epinards Jardin Bio Bio - 630g","p":3.39,"u":"5,38 €/KG","img":"https://fd9-photos.leclercdrive.fr/image.ashx?id=2918928&use=l&cat=p&typeid=i","cat":312612},{"id":129106,"n":"Liqueur de Whisky Jack Daniel's Apple 70cL","p":19.95,"pp":17.95,"u":"25,64 €/L","img":"https://fd9-photos.leclercdrive.fr/image.ashx?id=2764586&use=l&cat=p&typeid=i","cat":286032},{"id":129123,"n":"Gel Lubrifiant Perfect Gliss Durex Longue Durée 100ml","p":8.74,"u":"87,40 €/L","img":"https://fd9-photos.leclercdrive.fr/image.ashx?id=2960693&use=l&cat=p&typeid=i","cat":285160},{"id":129137,"n":"Ethylotest 0.5g/L  NF x1","p":0.92,"img":"https://fd9-photos.leclercdrive.fr/image.ashx?id=1916195&use=l&cat=p&typeid=i","cat":334880},{"id":129138,"n":"Ethylotest 0.2g/L  NF x1","p":0.93,"img":"https://fd9-photos.leclercdrive.fr/image.ashx?id=1916198&use=l&cat=p&typeid=i","cat":334880},{"id":129162,"n":"Boisson énergisante Monster Mango Loco - 50cl","p":1.35,"u":"2,70 €/L","img":"https://fd9-photos.leclercdrive.fr/image.ashx?id=2433443&use=l&cat=p&typeid=i","cat":284533},{"id":129235,"n":"Soda Coca-Cola sans sucres Bouteille - 6x1.75L","p":10.2,"u":"0,97 €/L","img":"https://fd9-photos.leclercdrive.fr/image.ashx?id=2878330&use=l&cat=p&typeid=i","cat":284530},{"id":129237,"n":"Baume Barbe Gillette 100ml","p":8.5,"pp":5.1,"u":"51,00 €/L","img":"https://fd9-photos.leclercdrive.fr/image.ashx?id=2655145&use=l&cat=p&typeid=i","cat":284622},{"id":129306,"n":"Fleurs de Capre Florelli 270g","p":2.76,"u":"10,22 €/KG","img":"https://fd9-photos.leclercdrive.fr/image.ashx?id=2603450&use=l&cat=p&typeid=i","cat":289010},{"id":129325,"n":"Coupe La Basquaise  Chocolat x6 - 105g","p":3.24,"u":"30,86 €/KG","img":"https://fd9-photos.leclercdrive.fr/image.ashx?id=2644025&use=l&cat=p&typeid=i","cat":284487},{"id":129326,"n":"Mini timbales La Basquaise x16 Chocolat - 100g","p":3.66,"pp":2.93,"u":"29,30 €/KG","img":"https://fd9-photos.leclercdrive.fr/image.ashx?id=2366195&use=l&cat=p&typeid=i","cat":284504},{"id":129393,"n":"Tablette Chocolat Noir Atelier Myrtille Amandes Noisettes 170g","p":3.72,"u":"21,88 €/KG","img":"https://fd9-photos.leclercdrive.fr/image.ashx?id=2663057&use=l&cat=p&typeid=i","cat":284956},{"id":129398,"n":"Tablette Chocolat Lait Nestlé  L'Atelier Noisettes 170g","p":3.48,"u":"20,47 €/KG","img":"https://fd9-photos.leclercdrive.fr/image.ashx?id=2663060&use=l&cat=p&typeid=i","cat":284497},{"id":129543,"n":"Sardines Connetable Tomates séchées - 3x135g","p":5.83,"u":"14,40 €/KG","img":"https://fd9-photos.leclercdrive.fr/image.ashx?id=2170514&use=l&cat=p&typeid=i","cat":305146},{"id":129560,"n":"Filets cabillaud MSC 800g","p":11.98,"u":"14,98 €/KG","img":"https://fd9-photos.leclercdrive.fr/image.ashx?id=1983986&use=l&cat=p&typeid=i","cat":319786},{"id":129602,"n":"Lait demi-écrémé Grandlait Candia Bouteille - 6x25cl","p":4.41,"u":"2,94 €/L","img":"https://fd9-photos.leclercdrive.fr/image.ashx?id=2916189&use=l&cat=p&typeid=i","cat":284377},{"id":129620,"n":"Bière Ambrée 3 Monts 75cl","p":2.67,"u":"3,56 €/L","img":"https://fd9-photos.leclercdrive.fr/image.ashx?id=2548186&use=l&cat=p&typeid=i","cat":334852},{"id":129630,"n":"Bâtonnets Trium Menthe - x4 - 290g","p":2.81,"u":"9,69 €/KG","img":"https://fd9-photos.leclercdrive.fr/image.ashx?id=1921449&use=l&cat=p&typeid=i","cat":284265},{"id":129752,"n":"AOP Corse vin rosé Domaine Poli Médaillé - 75cl","p":6.9,"u":"9,20 €/L","img":"https://fd9-photos.leclercdrive.fr/image.ashx?id=1934931&use=l&cat=p&typeid=i","cat":289558},{"id":129807,"n":"Biscuits Biarritz Delacre Noix de coco et Chocolat - 175g","p":2.96,"u":"16,91 €/KG","img":"https://fd9-photos.leclercdrive.fr/image.ashx?id=2867963&use=l&cat=p&typeid=i","cat":284490},{"id":129829,"n":"Pecorino Romano AOP  Casa Azzurra râpé - 70g","p":2.12,"u":"30,29 €/KG","img":"https://fd9-photos.leclercdrive.fr/image.ashx?id=2349965&use=l&cat=p&typeid=i","cat":314035},{"id":129864,"n":"Crème glacée Ben and Jerry's  Half Baked - 406g","p":3.67,"u":"9,04 €/KG","img":"https://fd9-photos.leclercdrive.fr/image.ashx?id=3011941&use=l&cat=p&typeid=i","cat":284725},{"id":129934,"n":"Beignets Pasquier Chocolat noisette - x6 - 270g","p":2.29,"u":"8,48 €/KG","img":"https://fd9-photos.leclercdrive.fr/image.ashx?id=2986374&use=l&cat=p&typeid=i","cat":284495},{"id":129957,"n":"AOP Côtes du Rhône rouge Combes de Saint Sauveur - BIB 3L","p":13.95,"u":"4,65 €/L","img":"https://fd9-photos.leclercdrive.fr/image.ashx?id=2985033&use=l&cat=p&typeid=i","cat":289560},{"id":129958,"n":"IGP Méditerrannée rosé Saint Sagnol 13% vol - 3L","p":12.73,"u":"4,24 €/L","img":"https://fd9-photos.leclercdrive.fr/image.ashx?id=2445106&use=l&cat=p&typeid=i","cat":289558},{"id":130114,"n":"AOC Alsace Muscat Blanc sec Médaille Albert Schoech - 75cl","p":5.58,"u":"7,44 €/L","img":"https://fd9-photos.leclercdrive.fr/image.ashx?id=1933476&use=l&cat=p&typeid=i","cat":289557},{"id":130121,"n":"Frite Crousti'Bistro Crinkle  Findus 2x130g","p":3.43,"u":"13,19 €/KG","img":"https://fd9-photos.leclercdrive.fr/image.ashx?id=2653762&use=l&cat=p&typeid=i","cat":319791},{"id":130135,"n":"Gel Main désinfectant Mercurochrome - 75 ml","p":2.46,"u":"32,80 €/L","img":"https://fd9-photos.leclercdrive.fr/image.ashx?id=2537956&use=l&cat=p&typeid=i","cat":284630},{"id":130284,"n":"Grissini artigianali Florelli Romarin - 300g","p":1.93,"u":"6,43 €/KG","img":"https://fd9-photos.leclercdrive.fr/image.ashx?id=2475855&use=l&cat=p&typeid=i","cat":297000},{"id":130285,"n":"Grissini artigianali Florelli Olives noires - 300g","p":2.13,"u":"7,10 €/KG","img":"https://fd9-photos.leclercdrive.fr/image.ashx?id=2475861&use=l&cat=p&typeid=i","cat":297000},{"id":130319,"n":"Mini pots Häagen-Dazs  Fruit Collection x4 - 326g","p":5.32,"u":"16,32 €/KG","img":"https://fd9-photos.leclercdrive.fr/image.ashx?id=3000159&use=l&cat=p&typeid=i","cat":284725},{"id":130334,"n":"Lessive liquide bébé Epsil 25 lavages - 1.25L","p":3.88,"u":"3,10 €/L","img":"https://fd9-photos.leclercdrive.fr/image.ashx?id=2838939&use=l&cat=p&typeid=i","cat":284640},{"id":130338,"n":"Eau gazeuse San Pellegrino Clémentine - 6x33cl","p":4.14,"u":"2,09 €/L","img":"https://fd9-photos.leclercdrive.fr/image.ashx?id=2997286&use=l&cat=p&typeid=i","cat":284536},{"id":130339,"n":"Eau gazeuse San pellegrino Citron framboise - 6x33cl","p":3.29,"u":"1,66 €/L","img":"https://fd9-photos.leclercdrive.fr/image.ashx?id=2903800&use=l&cat=p&typeid=i","cat":284536},{"id":130347,"n":"Bâtonnets Trium Caramel Beurre Salé x4 - 288g","p":2.93,"u":"10,17 €/KG","img":"https://fd9-photos.leclercdrive.fr/image.ashx?id=2920788&use=l&cat=p&typeid=i","cat":284265},{"id":130348,"n":"Bâtonnets Trium chocolat au  Lait biscuit cacaoté x4- 290g","p":2.99,"u":"10,31 €/KG","img":"https://fd9-photos.leclercdrive.fr/image.ashx?id=2791341&use=l&cat=p&typeid=i","cat":284265},{"id":130357,"n":"Lait Sans Lactose Candia  Bouteille 1%MG - 6x1L","p":9.8,"u":"1,63 €/L","img":"https://fd9-photos.leclercdrive.fr/image.ashx?id=2481357&use=l&cat=p&typeid=i","cat":317169},{"id":130358,"n":"Filets d'anchois marinés Miceli 500g","p":6.64,"u":"13,28 €/KG","img":"https://fd9-photos.leclercdrive.fr/image.ashx?id=2095614&use=l&cat=p&typeid=i","cat":285190},{"id":130428,"n":"Délice de Basilic au Pesto Au Bec Fin - 180g","p":6.51,"u":"36,17 €/KG","img":"https://fd9-photos.leclercdrive.fr/image.ashx?id=3008617&use=l&cat=p&typeid=i","cat":287599},{"id":130432,"n":"Bouillabaisse Au Bec Fin - 850ml","p":16.8,"u":"19,76 €/L","img":"https://fd9-photos.leclercdrive.fr/image.ashx?id=3008572&use=l&cat=p&typeid=i","cat":287366},{"id":130461,"n":"Bière blonde sans alcool 1664 0,0° - 6x25cl","p":3.84,"u":"2,56 €/L","img":"https://fd9-photos.leclercdrive.fr/image.ashx?id=2120656&use=l&cat=p&typeid=i","cat":334877},{"id":130528,"n":"Croquettes Boeuf Ultima Chat stérilisé Adulte - 7.5kg","p":30.38,"u":"4,05 €/KG","img":"https://fd9-photos.leclercdrive.fr/image.ashx?id=2921906&use=l&cat=p&typeid=i","cat":284680},{"id":130629,"n":"Dés de Mimolette et Gouda Petit Marché - 120g","p":2.49,"u":"20,75 €/KG","img":"https://fd9-photos.leclercdrive.fr/image.ashx?id=2189372&use=l&cat=p&typeid=i","cat":314027},{"id":130666,"n":"Blanc de poulet Fleury Michon -25% de sel x8 - 240g","p":3.81,"u":"15,88 €/KG","img":"https://fd9-photos.leclercdrive.fr/image.ashx?id=2886849&use=l&cat=p&typeid=i","cat":316010},{"id":130667,"n":"Rôti de porc Fleury Michon Sans nitrite - x4 - 160g","p":2.53,"u":"15,81 €/KG","img":"https://fd9-photos.leclercdrive.fr/image.ashx?id=2320977&use=l&cat=p&typeid=i","cat":316009},{"id":130722,"n":"20 pinces a linge renforcees 1 pièce","p":2.49,"img":"https://fd9-photos.leclercdrive.fr/image.ashx?id=1932474&use=l&cat=p&typeid=i","cat":335909},{"id":130744,"n":"Nouilles aux oeufs Suzi Wan 250g","p":1.77,"u":"7,08 €/KG","img":"https://fd9-photos.leclercdrive.fr/image.ashx?id=2892928&use=l&cat=p&typeid=i","cat":288992},{"id":130750,"n":"Boite ménagère basilic Ducros 29g","p":1.27,"u":"43,79 €/KG","img":"https://fd9-photos.leclercdrive.fr/image.ashx?id=2486587&use=l&cat=p&typeid=i","cat":298297},{"id":130755,"n":"Maquereau Moutarde PETIT NAVIRE Moutarde sans arome ajouté 169g","p":2.21,"u":"13,08 €/KG","img":"https://fd9-photos.leclercdrive.fr/image.ashx?id=2989060&use=l&cat=p&typeid=i","cat":303868},{"id":130759,"n":"Barres Nakd Cacahuètes Raw   Barres de Fruits & Noix 4x35g","p":3.0,"u":"21,43 €/KG","img":"https://fd9-photos.leclercdrive.fr/image.ashx?id=3005251&use=l&cat=p&typeid=i","cat":285869},{"id":130788,"n":"Tablette chocolat au lait Eco+ Ménage - 5x100g","p":3.49,"u":"6,98 €/KG","img":"https://fd9-photos.leclercdrive.fr/image.ashx?id=2746778&use=l&cat=p&typeid=i","cat":284497},{"id":130789,"n":"Préparation Gâteau alsa Moelleux Nature - 435g","p":2.19,"u":"5,03 €/KG","img":"https://fd9-photos.leclercdrive.fr/image.ashx?id=2996431&use=l&cat=p&typeid=i","cat":284505},{"id":130790,"n":"Préparation Gâteau alsa Moelleux Chocolat - 435g","p":2.19,"u":"5,03 €/KG","img":"https://fd9-photos.leclercdrive.fr/image.ashx?id=2996434&use=l&cat=p&typeid=i","cat":284505},{"id":130797,"n":"Miel de Fleurs Crémeux 500g","p":4.35,"u":"8,70 €/KG","img":"https://fd9-photos.leclercdrive.fr/image.ashx?id=2984871&use=l&cat=p&typeid=i","cat":287643},{"id":130800,"n":"Plateau Raclette 3 fromages NRT 550g","p":10.95,"u":"19,91 €/KG","img":"https://fd9-photos.leclercdrive.fr/image.ashx?id=2321796&use=l&cat=p&typeid=i","cat":314037},{"id":130804,"n":"Préparation Gâteau alsa Fondant au Chocolat - 435g","p":2.74,"u":"8,56 €/KG","img":"https://fd9-photos.leclercdrive.fr/image.ashx?id=2996437&use=l&cat=p&typeid=i","cat":284505},{"id":130816,"n":"Dentifrice Zendium Protection complète - 75ml","p":2.61,"img":"https://fd9-photos.leclercdrive.fr/image.ashx?id=2927711&use=l&cat=p&typeid=i","cat":284612},{"id":130820,"n":"Spray habitat bio So Bio Etic Purifiant assainissant - 200ml","p":9.18,"u":"45,90 €/L","img":"https://fd9-photos.leclercdrive.fr/image.ashx?id=2799922&use=l&cat=p&typeid=i","cat":311626},{"id":130830,"n":"Dessert Végétal Charles & Alice Végétal Coco Chocolat 2X110G","p":1.57,"u":"7,14 €/KG","img":"https://fd9-photos.leclercdrive.fr/image.ashx?id=2919307&use=l&cat=p&typeid=i","cat":316071},{"id":130881,"n":"Bâtonnets Côte d'Or Vanille x4 - 260g","p":4.23,"u":"16,27 €/KG","img":"https://fd9-photos.leclercdrive.fr/image.ashx?id=2844573&use=l&cat=p&typeid=i","cat":284265},{"id":130917,"n":"Lait en poudre Guigoz 1er âge - 0-6 mois - 800g","p":17.88,"u":"22,35 €/KG","img":"https://fd9-photos.leclercdrive.fr/image.ashx?id=2891313&use=l&cat=p&typeid=i","cat":284726},{"id":130937,"n":"Dés Fromage Méditerranéen Petit Marché 120g","p":2.7,"u":"22,50 €/KG","img":"https://fd9-photos.leclercdrive.fr/image.ashx?id=2263733&use=l&cat=p&typeid=i","cat":314027},{"id":130951,"n":"Chips banane plantain Samai Salée - 75g","p":1.16,"u":"15,47 €/KG","img":"https://fd9-photos.leclercdrive.fr/image.ashx?id=2794982&use=l&cat=p&typeid=i","cat":284447},{"id":131015,"n":"Compotes Materne Coupelles Pomme - 4x100g","p":1.54,"u":"3,85 €/KG","img":"https://fd9-photos.leclercdrive.fr/image.ashx?id=3010855&use=l&cat=p&typeid=i","cat":284508},{"id":131137,"n":"Ensemble WC 1 pièce","p":3.45,"img":"https://fd9-photos.leclercdrive.fr/image.ashx?id=1937815&use=l&cat=p&typeid=i","cat":284669},{"id":131148,"n":"Frange absorbante spéciale 1 pièce","p":2.95,"img":"https://fd9-photos.leclercdrive.fr/image.ashx?id=1937848&use=l&cat=p&typeid=i","cat":284669},{"id":131150,"n":"Manche rétractable 1 pièce","p":2.72,"img":"https://fd9-photos.leclercdrive.fr/image.ashx?id=1937809&use=l&cat=p&typeid=i","cat":284669},{"id":131153,"n":"Serviettes 40cm 3 plis Ardence Grises - x20","p":1.38,"u":"0,07 €/P","img":"https://fd9-photos.leclercdrive.fr/image.ashx?id=1937803&use=l&cat=p&typeid=i","cat":334134},{"id":131154,"n":"Set aéroport 1 pièce","p":8.79,"img":"https://fd9-photos.leclercdrive.fr/image.ashx?id=1937842&use=l&cat=p&typeid=i","cat":284669},{"id":131192,"n":"Croquettes chien Ultima Nature  Poulet - 3kg","p":11.48,"u":"3,83 €/KG","img":"https://fd9-photos.leclercdrive.fr/image.ashx?id=2593167&use=l&cat=p&typeid=i","cat":284672},{"id":131237,"n":"Soupe de Langoustines Le Bec Fin - 800g","p":8.54,"u":"10,68 €/KG","img":"https://fd9-photos.leclercdrive.fr/image.ashx?id=2546569&use=l&cat=p&typeid=i","cat":287366},{"id":131257,"n":"Thon entier MSC Saupiquet Nature - 112g","p":2.08,"u":"18,57 €/KG","img":"https://fd9-photos.leclercdrive.fr/image.ashx?id=2860874&use=l&cat=p&typeid=i","cat":303867},{"id":131387,"n":"AOP Champagne Granzamy Brut Cuvée spéciale - 75cl","p":19.77,"u":"26,36 €/L","img":"https://fd9-photos.leclercdrive.fr/image.ashx?id=2367988&use=l&cat=p&typeid=i","cat":284542},{"id":131388,"n":"Capsules Starbucks by Nespresso  Colombia Int 7 - x10","p":3.36,"u":"58,95 €/KG","img":"https://fd9-photos.leclercdrive.fr/image.ashx?id=2868152&use=l&cat=p&typeid=i","cat":284749},{"id":131390,"n":"Capsules Starbucks by Nespresso  House Blend Int 8 - x10","p":3.36,"u":"58,95 €/KG","img":"https://fd9-photos.leclercdrive.fr/image.ashx?id=2868143&use=l&cat=p&typeid=i","cat":284749},{"id":131395,"n":"Capsules Starbucks by Nespresso  Espresso Décaf Int 11 - x10","p":3.76,"u":"0,38 €/P","img":"https://fd9-photos.leclercdrive.fr/image.ashx?id=2945778&use=l&cat=p&typeid=i","cat":284749},{"id":131397,"n":"Capsules Starbucks by Nespresso  Sumatra Int 10 - x10","p":3.64,"u":"0,36 €/P","img":"https://fd9-photos.leclercdrive.fr/image.ashx?id=2945772&use=l&cat=p&typeid=i","cat":284749},{"id":131399,"n":"Café Capsules NESPRESSO int 7 Starbucks Pike Place Roast x10","p":3.66,"u":"69,06 €/KG","img":"https://fd9-photos.leclercdrive.fr/image.ashx?id=2945775&use=l&cat=p&typeid=i","cat":284749},{"id":131424,"n":"Capsules Starbucks by Nespresso  Blonde Espresso Int 6 - x10","p":3.36,"u":"63,40 €/KG","img":"https://fd9-photos.leclercdrive.fr/image.ashx?id=2868146&use=l&cat=p&typeid=i","cat":284749},{"id":131426,"n":"Capsules Starbucks by Nespresso  Espresso Roast Int 11 - x10","p":3.36,"u":"58,95 €/KG","img":"https://fd9-photos.leclercdrive.fr/image.ashx?id=2868149&use=l&cat=p&typeid=i","cat":284749},{"id":131428,"n":"Capsules Starbucks by Nespresso  Verona Int 10 - x10","p":3.77,"u":"66,14 €/KG","img":"https://fd9-photos.leclercdrive.fr/image.ashx?id=2945769&use=l&cat=p&typeid=i","cat":284749},{"id":131431,"n":"Café Capsules by DOLCE GUSTO Starbucks Caramel Macchiato 2x6","p":4.39,"u":"34,57 €/KG","img":"https://fd9-photos.leclercdrive.fr/image.ashx?id=2966785&use=l&cat=p&typeid=i","cat":293239},{"id":131625,"n":"Thé glacé Fuze Tea  Menthe Citron vert - 1,25L","p":1.62,"u":"1,30 €/L","img":"https://fd9-photos.leclercdrive.fr/image.ashx?id=2940402&use=l&cat=p&typeid=i","cat":295019},{"id":131767,"n":"Bonbons sans sucres Ricola Orange Menthe - 50g","p":1.78,"u":"35,60 €/KG","img":"https://fd9-photos.leclercdrive.fr/image.ashx?id=2382219&use=l&cat=p&typeid=i","cat":304256},{"id":131782,"n":"Abricots demi-fruits Eco+ Sirop léger - 475 g","p":1.79,"u":"3,77 €/KG","img":"https://fd9-photos.leclercdrive.fr/image.ashx?id=1942512&use=l&cat=p&typeid=i","cat":284507},{"id":131784,"n":"Barres céréales Eco+ Choco/banane - 125g","p":0.71,"u":"5,68 €/KG","img":"https://fd9-photos.leclercdrive.fr/image.ashx?id=2791203&use=l&cat=p&typeid=i","cat":285869},{"id":131788,"n":"Barres céréales Eco+ Pomme/abricot - 125g","p":0.69,"u":"5,52 €/KG","img":"https://fd9-photos.leclercdrive.fr/image.ashx?id=2967652&use=l&cat=p&typeid=i","cat":285869},{"id":131790,"n":"Barres céréales Eco+ Chocolat & cacahuètes x6 - 126g","p":0.71,"u":"5,63 €/KG","img":"https://fd9-photos.leclercdrive.fr/image.ashx?id=2791209&use=l&cat=p&typeid=i","cat":285869},{"id":131794,"n":"Betteraves rouges 3x130g","p":1.79,"u":"4,59 €/KG","img":"https://fd9-photos.leclercdrive.fr/image.ashx?id=2537848&use=l&cat=p&typeid=i","cat":312611},{"id":131799,"n":"Boules de céréales Eco+ Au chocolat - 750g","p":2.97,"u":"3,96 €/KG","img":"https://fd9-photos.leclercdrive.fr/image.ashx?id=2946151&use=l&cat=p&typeid=i","cat":309513},{"id":131802,"n":"Boules céréales miel P'tit Déli 400g","p":2.33,"u":"5,83 €/KG","img":"https://fd9-photos.leclercdrive.fr/image.ashx?id=2907090&use=l&cat=p&typeid=i","cat":309513},{"id":131806,"n":"Céréales fourrées P'tit Déli Chocolat au lait - 450g","p":2.45,"u":"5,44 €/KG","img":"https://fd9-photos.leclercdrive.fr/image.ashx?id=2835211&use=l&cat=p&typeid=i","cat":309513},{"id":131807,"n":"Choucroute garnie 800g","p":2.17,"u":"2,71 €/KG","img":"https://fd9-photos.leclercdrive.fr/image.ashx?id=2826894&use=l&cat=p&typeid=i","cat":284441},{"id":131809,"n":"Chocolat noir dégustation 100g","p":1.0,"u":"10,00 €/KG","img":"https://fd9-photos.leclercdrive.fr/image.ashx?id=2858375&use=l&cat=p&typeid=i","cat":284956},{"id":131811,"n":"Chicorée café Eco+ Soluble - 200g","p":2.06,"u":"10,30 €/KG","img":"https://fd9-photos.leclercdrive.fr/image.ashx?id=2791200&use=l&cat=p&typeid=i","cat":284843},{"id":131814,"n":"Confiture Eco+ Fraise - 1kg","p":2.3,"u":"2,30 €/KG","img":"https://fd9-photos.leclercdrive.fr/image.ashx?id=2953197&use=l&cat=p&typeid=i","cat":284480},{"id":131818,"n":"Céréales Corn Flakes Eco+ Nature - 750g","p":1.9,"u":"2,53 €/KG","img":"https://fd9-photos.leclercdrive.fr/image.ashx?id=2711589&use=l&cat=p&typeid=i","cat":309513},{"id":131820,"n":"Corn Flackes sucrés 400g","p":1.74,"u":"4,35 €/KG","img":"https://fd9-photos.leclercdrive.fr/image.ashx?id=2688764&use=l&cat=p&typeid=i","cat":309513},{"id":131821,"n":"Croissants Eco+ x10 - 400g","p":1.45,"u":"3,63 €/KG","img":"https://fd9-photos.leclercdrive.fr/image.ashx?id=2922914&use=l&cat=p&typeid=i","cat":296366},{"id":131822,"n":"Delicioso format familial x10 - 350g","p":2.52,"u":"7,20 €/KG","img":"https://fd9-photos.leclercdrive.fr/image.ashx?id=2416547&use=l&cat=p&typeid=i","cat":284495},{"id":131823,"n":"Gratin dauphinois 850g","p":1.35,"u":"1,59 €/KG","img":"https://fd9-photos.leclercdrive.fr/image.ashx?id=2841747&use=l&cat=p&typeid=i","cat":284441},{"id":131824,"n":"Marshmallows 200g","p":0.79,"u":"3,95 €/KG","img":"https://fd9-photos.leclercdrive.fr/image.ashx?id=2761289&use=l&cat=p&typeid=i","cat":304250},{"id":131826,"n":"Miettes thon à la tomate Eco + 160g","p":0.78,"u":"4,88 €/KG","img":"https://fd9-photos.leclercdrive.fr/image.ashx?id=2751856&use=l&cat=p&typeid=i","cat":303867},{"id":131831,"n":"Pâté de campagne Eco+ 3x78g","p":1.31,"u":"5,60 €/KG","img":"https://fd9-photos.leclercdrive.fr/image.ashx?id=2852943&use=l&cat=p&typeid=i","cat":305149},{"id":131832,"n":"Olives vertes dénoyautées 490g","p":2.52,"u":"5,14 €/KG","img":"https://fd9-photos.leclercdrive.fr/image.ashx?id=1942575&use=l&cat=p&typeid=i","cat":284458},{"id":131833,"n":"Olives vertes réduite en sel Dénoyautées - 160g","p":1.69,"u":"10,56 €/KG","img":"https://fd9-photos.leclercdrive.fr/image.ashx?id=1942587&use=l&cat=p&typeid=i","cat":284458},{"id":131836,"n":"Pêches demi-fruits Eco+ Sirop léger - 465 g","p":1.4,"u":"3,01 €/KG","img":"https://fd9-photos.leclercdrive.fr/image.ashx?id=2896009&use=l&cat=p&typeid=i","cat":284507},{"id":131853,"n":"Potage tomate vermicelle Eco + 66g","p":0.79,"u":"11,97 €/KG","img":"https://fd9-photos.leclercdrive.fr/image.ashx?id=2674017&use=l&cat=p&typeid=i","cat":284463},{"id":131855,"n":"Saucisses fumées lentilles 840g","p":1.75,"u":"2,08 €/KG","img":"https://fd9-photos.leclercdrive.fr/image.ashx?id=2664569&use=l&cat=p&typeid=i","cat":312609},{"id":131864,"n":"Potage déshydratée Eco + poireaux pommes de terre 74g","p":0.59,"u":"7,97 €/KG","img":"https://fd9-photos.leclercdrive.fr/image.ashx?id=2656378&use=l&cat=p&typeid=i","cat":284463},{"id":131940,"n":"Bouillon liquide de volaille Maggi - 400ml","p":1.96,"u":"4,90 €/L","img":"https://fd9-photos.leclercdrive.fr/image.ashx?id=2496752&use=l&cat=p&typeid=i","cat":288379},{"id":132001,"n":"Verrines Hénaff Campagne/Canard - 3x180g","p":5.4,"u":"10,00 €/KG","img":"https://fd9-photos.leclercdrive.fr/image.ashx?id=2277887&use=l&cat=p&typeid=i","cat":305149},{"id":132003,"n":"Verrines Hénaff Camp./Forest./Rillettes- 3x180g","p":5.4,"u":"10,00 €/KG","img":"https://fd9-photos.leclercdrive.fr/image.ashx?id=2277884&use=l&cat=p&typeid=i","cat":305149},{"id":132005,"n":"Verrines Hénaff Camp./Lapin/P.Hénaff - 3x180g","p":5.72,"u":"10,59 €/KG","img":"https://fd9-photos.leclercdrive.fr/image.ashx?id=2407628&use=l&cat=p&typeid=i","cat":305149},{"id":132036,"n":"AOC Pacherenc du Vic-Bilh Grains de Roy Blanc Sec - 75 cl","p":4.75,"u":"6,33 €/L","img":"https://fd9-photos.leclercdrive.fr/image.ashx?id=2347783&use=l&cat=p&typeid=i","cat":289557},{"id":132067,"n":"Mayonnaise Rustica 830g","p":3.59,"u":"4,33 €/KG","img":"https://fd9-photos.leclercdrive.fr/image.ashx?id=2994827&use=l&cat=p&typeid=i","cat":298295},{"id":132073,"n":"Huile de Friture Rustica 5L","p":11.99,"u":"2,40 €/L","img":"https://fd9-photos.leclercdrive.fr/image.ashx?id=2916716&use=l&cat=p&typeid=i","cat":284453},{"id":132088,"n":"Sauce Barilla Tomates Cuisinées - 400g","p":1.85,"u":"4,63 €/KG","img":"https://fd9-photos.leclercdrive.fr/image.ashx?id=2832527&use=l&cat=p&typeid=i","cat":287599},{"id":132109,"n":"Batonnets de glace Nuii Mangue d'Inde et Noix de Coco  x4","p":4.27,"u":"14,93 €/KG","img":"https://fd9-photos.leclercdrive.fr/image.ashx?id=2506825&use=l&cat=p&typeid=i","cat":284265},{"id":132145,"n":"Langues de chat Karelea x36 - 100g","p":2.25,"u":"22,50 €/KG","img":"https://fd9-photos.leclercdrive.fr/image.ashx?id=2887902&use=l&cat=p&typeid=i","cat":318651},{"id":132154,"n":"Bâtonnets Trium Trois chocolats x4 - 282g","p":3.29,"u":"11,54 €/KG","img":"https://fd9-photos.leclercdrive.fr/image.ashx?id=2920800&use=l&cat=p&typeid=i","cat":284265},{"id":132165,"n":"Sorbet Eskiss Citron jaune - 650g","p":2.41,"u":"3,71 €/KG","img":"https://fd9-photos.leclercdrive.fr/image.ashx?id=2982664&use=l&cat=p&typeid=i","cat":284263},{"id":132180,"n":"Petits pots bébé P'TITE RECETTE Tajine de poulet 12M+ - 2x200g","p":2.1,"u":"5,25 €/KG","img":"https://fd9-photos.leclercdrive.fr/image.ashx?id=2525720&use=l&cat=p&typeid=i","cat":312237},{"id":132192,"n":"Donut fourré choco St Michel x6 - 180g","p":1.88,"u":"10,44 €/KG","img":"https://fd9-photos.leclercdrive.fr/image.ashx?id=2949961&use=l&cat=p&typeid=i","cat":284495},{"id":132234,"n":"Flocons d'avoine Grainea 500g","p":0.84,"u":"1,68 €/KG","img":"https://fd9-photos.leclercdrive.fr/image.ashx?id=2919655&use=l&cat=p&typeid=i","cat":309512},{"id":132239,"n":"Barre de céréales Nature Valley Crunchy avoine miel x10 -420g","p":4.76,"u":"11,33 €/KG","img":"https://fd9-photos.leclercdrive.fr/image.ashx?id=2612814&use=l&cat=p&typeid=i","cat":285869},{"id":132243,"n":"Lessive liquide couleur Epsil 25 lavages - 1.25L","p":2.54,"u":"2,03 €/L","img":"https://fd9-photos.leclercdrive.fr/image.ashx?id=2933449&use=l&cat=p&typeid=i","cat":284640},{"id":132285,"n":"Feta grecque AOP Les Croisés - Tranche - 150g","p":1.84,"u":"12,27 €/KG","img":"https://fd9-photos.leclercdrive.fr/image.ashx?id=2210750&use=l&cat=p&typeid=i","cat":314026},{"id":132290,"n":"Huile d'Olive Carapelli Extra Vierge Classico - 75cl","p":10.98,"u":"14,64 €/L","img":"https://fd9-photos.leclercdrive.fr/image.ashx?id=2737480&use=l&cat=p&typeid=i","cat":284453},{"id":132330,"n":"Ail semoule Eco + 54g","p":0.79,"u":"14,63 €/KG","img":"https://fd9-photos.leclercdrive.fr/image.ashx?id=2717249&use=l&cat=p&typeid=i","cat":298297},{"id":132341,"n":"Couscous Fin Ferrero - 500G","p":1.53,"u":"3,06 €/KG","img":"https://fd9-photos.leclercdrive.fr/image.ashx?id=3008239&use=l&cat=p&typeid=i","cat":284429},{"id":132342,"n":"Tablette de chocolat Eco+ Blanc - 4x100g","p":3.67,"u":"9,18 €/KG","img":"https://fd9-photos.leclercdrive.fr/image.ashx?id=2661927&use=l&cat=p&typeid=i","cat":284957},{"id":132348,"n":"Delir' Pik Haribo Sachet bonbons acidulés - 275g","p":1.77,"u":"6,44 €/KG","img":"https://fd9-photos.leclercdrive.fr/image.ashx?id=2984904&use=l&cat=p&typeid=i","cat":304250},{"id":132368,"n":"Repas bébé Blédichef 15 mois Pâtes sauce tomate jambon -250g","p":1.95,"u":"7,80 €/KG","img":"https://fd9-photos.leclercdrive.fr/image.ashx?id=2643743&use=l&cat=p&typeid=i","cat":312238},{"id":132382,"n":"Sardines à la tomate Eco+ 3x125g","p":1.93,"u":"5,15 €/KG","img":"https://fd9-photos.leclercdrive.fr/image.ashx?id=2694073&use=l&cat=p&typeid=i","cat":305146},{"id":132392,"n":"Gratte éponge Spontex Longue durée - x3","p":2.3,"u":"0,77 €/P","img":"https://fd9-photos.leclercdrive.fr/image.ashx?id=2973072&use=l&cat=p&typeid=i","cat":284667},{"id":132393,"n":"Lait croissance Guigoz Optipro En poudre - dès 18 mois - 900g","p":10.24,"u":"11,38 €/KG","img":"https://fd9-photos.leclercdrive.fr/image.ashx?id=2517589&use=l&cat=p&typeid=i","cat":290219},{"id":132397,"n":"Lait éveil croissance Lactel Nature - 1L","p":1.92,"u":"1,92 €/L","img":"https://fd9-photos.leclercdrive.fr/image.ashx?id=2927441&use=l&cat=p&typeid=i","cat":284728},{"id":132487,"n":"Gel déboucheur Syphon Javel soude - 1L","p":1.36,"u":"1,36 €/L","img":"https://fd9-photos.leclercdrive.fr/image.ashx?id=2202476&use=l&cat=p&typeid=i","cat":284908},{"id":132553,"n":"IGP Pays d'Oc - J-C Mas Les Garrigues Syrah - 75cl","p":4.06,"u":"5,41 €/L","img":"https://fd9-photos.leclercdrive.fr/image.ashx?id=1957513&use=l&cat=p&typeid=i","cat":289556},{"id":132572,"n":"AOP Saumur Mousseux Brut Lacheteau Origine - 75cl","p":5.2,"u":"6,93 €/L","img":"https://fd9-photos.leclercdrive.fr/image.ashx?id=2960768&use=l&cat=p&typeid=i","cat":284545},{"id":132581,"n":"Céréales soufflé P'tit Déli Au chocolat - 400g","p":2.37,"u":"5,93 €/KG","img":"https://fd9-photos.leclercdrive.fr/image.ashx?id=2811875&use=l&cat=p&typeid=i","cat":309513},{"id":132585,"n":"Skyr Yoplait  Nature 0%Mg - 4x100g","p":2.13,"u":"5,33 €/KG","img":"https://fd9-photos.leclercdrive.fr/image.ashx?id=2884435&use=l&cat=p&typeid=i","cat":315000},{"id":132600,"n":"Compotes Pom'Potes Gourdes Recette Bangkok - 4x90g","p":2.3,"u":"6,39 €/KG","img":"https://fd9-photos.leclercdrive.fr/image.ashx?id=2990427&use=l&cat=p&typeid=i","cat":284508},{"id":132601,"n":"Fan of Pik Haribo  Sachet bonbons acidulés - 200g","p":1.71,"u":"8,55 €/KG","img":"https://fd9-photos.leclercdrive.fr/image.ashx?id=2789766&use=l&cat=p&typeid=i","cat":304250},{"id":132603,"n":"Fromage Abondance NRT AOP 250g","p":4.29,"u":"17,16 €/KG","img":"https://fd9-photos.leclercdrive.fr/image.ashx?id=2472686&use=l&cat=p&typeid=i","cat":314034},{"id":132625,"n":"Batônnets Trium Vanille Fruits rouge x4 - 286g","p":2.64,"u":"9,23 €/KG","img":"https://fd9-photos.leclercdrive.fr/image.ashx?id=2920782&use=l&cat=p&typeid=i","cat":284265},{"id":132629,"n":"Pétales de blé P'tit Déli Au chocolat - 400g","p":2.17,"u":"5,43 €/KG","img":"https://fd9-photos.leclercdrive.fr/image.ashx?id=2765846&use=l&cat=p&typeid=i","cat":309513},{"id":132630,"n":"Sorbet Eskiss Pomme - 650g","p":2.49,"u":"3,83 €/KG","img":"https://fd9-photos.leclercdrive.fr/image.ashx?id=2982670&use=l&cat=p&typeid=i","cat":284263},{"id":132640,"n":"Batonnets Trium Citron meringue - x4 - 280g","p":2.85,"u":"10,18 €/KG","img":"https://fd9-photos.leclercdrive.fr/image.ashx?id=2911702&use=l&cat=p&typeid=i","cat":284265},{"id":132795,"n":"Désinfectant Sanytol 150ml","p":3.69,"u":"24,60 €/L","img":"https://fd9-photos.leclercdrive.fr/image.ashx?id=2785412&use=l&cat=p&typeid=i","cat":285201},{"id":132807,"n":"AOP Riesling Vin blanc sec Wolfberger - 75cl","p":7.11,"u":"9,48 €/L","img":"https://fd9-photos.leclercdrive.fr/image.ashx?id=2957032&use=l&cat=p&typeid=i","cat":289557},{"id":132808,"n":"Skyr Yoplait  Lit Fruits Rouges 0%Mg - 4x100g","p":2.34,"u":"5,85 €/KG","img":"https://fd9-photos.leclercdrive.fr/image.ashx?id=2884438&use=l&cat=p&typeid=i","cat":315000},{"id":132811,"n":"Skyr Yoplait  Sur Lit Myrtilles 0%MG - 4x100G","p":2.32,"u":"5,80 €/KG","img":"https://fd9-photos.leclercdrive.fr/image.ashx?id=2884441&use=l&cat=p&typeid=i","cat":315000},{"id":132815,"n":"Skyr Yoplait  Sur Lit Citron 0%MG - 4x100g","p":2.29,"u":"5,73 €/KG","img":"https://fd9-photos.leclercdrive.fr/image.ashx?id=2317780&use=l&cat=p&typeid=i","cat":315000},{"id":132902,"n":"AOP Sud-Ouest Jurançon  Tradition royale - 75 cl","p":4.75,"u":"6,33 €/L","img":"https://fd9-photos.leclercdrive.fr/image.ashx?id=2996875&use=l&cat=p&typeid=i","cat":289557},{"id":132924,"n":"Crème mains Le Petit Olivier Karité - 75ml","p":3.53,"u":"47,07 €/L","img":"https://fd9-photos.leclercdrive.fr/image.ashx?id=1951721&use=l&cat=p&typeid=i","cat":325354},{"id":132994,"n":"Baume nourrissant bio N.A.E. Nuit - 50ml","p":9.05,"u":"181,00 €/L","img":"https://fd9-photos.leclercdrive.fr/image.ashx?id=1954457&use=l&cat=p&typeid=i","cat":325345},{"id":133005,"n":"Sérum anti-âge bio N.A.E. 30ml","p":11.42,"u":"380,67 €/L","img":"https://fd9-photos.leclercdrive.fr/image.ashx?id=2450721&use=l&cat=p&typeid=i","cat":325345},{"id":133039,"n":"Lessive liquide noir Epsil 25 Lavages - 1.25L","p":2.54,"u":"2,03 €/L","img":"https://fd9-photos.leclercdrive.fr/image.ashx?id=2958759&use=l&cat=p&typeid=i","cat":284640},{"id":133044,"n":"Lessive laine & soie Epsil 25 lavages - 1.25L","p":2.54,"u":"2,03 €/L","img":"https://fd9-photos.leclercdrive.fr/image.ashx?id=2842319&use=l&cat=p&typeid=i","cat":284640},{"id":133061,"n":"Huile de massage So Bio Etic Ostéo+ Bien-être Bio - 100ml","p":6.6,"u":"66,00 €/L","img":"https://fd9-photos.leclercdrive.fr/image.ashx?id=2144782&use=l&cat=p&typeid=i","cat":325349},{"id":133067,"n":"Baume bio Osteo+  So Bio Etic Bien être articulaire - 75ml","p":7.44,"u":"99,20 €/L","img":"https://fd9-photos.leclercdrive.fr/image.ashx?id=2644788&use=l&cat=p&typeid=i","cat":284630},{"id":133071,"n":"Contour yeux bio So Bio Etic Précieux Argan -15ml","p":12.46,"u":"830,67 €/L","img":"https://fd9-photos.leclercdrive.fr/image.ashx?id=2644244&use=l&cat=p&typeid=i","cat":325345},{"id":133121,"n":"Poisson Pané Colin Alaska Findus Céréales graines - 250g","p":2.75,"u":"11,00 €/KG","img":"https://fd9-photos.leclercdrive.fr/image.ashx?id=3008764&use=l&cat=p&typeid=i","cat":319788},{"id":133169,"n":"Eau gazeuse minérale Quézac Intense - 6 x 1.15L","p":2.87,"u":"0,42 €/L","img":"https://fd9-photos.leclercdrive.fr/image.ashx?id=2975344&use=l&cat=p&typeid=i","cat":284536},{"id":133173,"n":"IGP Pays d'Oc blanc Ormes De Cambras Sauvignon 12% 75cl","p":3.22,"u":"4,29 €/L","img":"https://fd9-photos.leclercdrive.fr/image.ashx?id=2105155&use=l&cat=p&typeid=i","cat":289557},{"id":133179,"n":"Yaourt protéiné Hipro Vanille 0%mg - 2x160g","p":2.28,"u":"7,13 €/KG","img":"https://fd9-photos.leclercdrive.fr/image.ashx?id=2807414&use=l&cat=p&typeid=i","cat":315000},{"id":133180,"n":"Yaourt bifidus Activia céréales Muesli quinoa noisette - 8x120g","p":4.25,"u":"4,43 €/KG","img":"https://fd9-photos.leclercdrive.fr/image.ashx?id=2861981&use=l&cat=p&typeid=i","cat":315000},{"id":133188,"n":"Douche crème bio So Bio Etic Surgras à l'huile de coco-650ml","p":5.52,"u":"8,49 €/L","img":"https://fd9-photos.leclercdrive.fr/image.ashx?id=2891580&use=l&cat=p&typeid=i","cat":284594},{"id":133218,"n":"Déodorant spray Monsavon Grenade & Hibiscus - 2x200ml","p":3.96,"u":"9,90 €/L","img":"https://fd9-photos.leclercdrive.fr/image.ashx?id=2489959&use=l&cat=p&typeid=i","cat":284595},{"id":133256,"n":"Mini beignet caramel Délices des 7 vallées - 8x25g","p":3.05,"u":"15,25 €/KG","img":"https://fd9-photos.leclercdrive.fr/image.ashx?id=2023458&use=l&cat=p&typeid=i","cat":284984},{"id":133258,"n":"Margarine St Hubert Doux - 500g","p":3.41,"u":"6,82 €/KG","img":"https://fd9-photos.leclercdrive.fr/image.ashx?id=2393686&use=l&cat=p&typeid=i","cat":315229},{"id":133365,"n":"Bière 3 Monts Saison Deux houblons - 75 cl","p":3.48,"u":"4,64 €/L","img":"https://fd9-photos.leclercdrive.fr/image.ashx?id=2548183&use=l&cat=p&typeid=i","cat":334852},{"id":133454,"n":"Soin visage fluide Pur Eden Nourrissant bio - 50ml","p":8.72,"u":"174,40 €/L","img":"https://fd9-photos.leclercdrive.fr/image.ashx?id=1955309&use=l&cat=p&typeid=i","cat":325345},{"id":133472,"n":"Lait corps hydrate So Bio Etic Aloe vera bio extra-doux -200ml","p":5.36,"u":"26,80 €/L","img":"https://fd9-photos.leclercdrive.fr/image.ashx?id=2505558&use=l&cat=p&typeid=i","cat":325349},{"id":133475,"n":"Lait corps nourrit So Bio Etic Surgras Karité bio - 200ml","p":5.55,"u":"27,75 €/L","img":"https://fd9-photos.leclercdrive.fr/image.ashx?id=2997010&use=l&cat=p&typeid=i","cat":325349},{"id":133518,"n":"Crème nuit bio La Source Action complète - 40ml","p":13.8,"u":"345,00 €/L","img":"https://fd9-photos.leclercdrive.fr/image.ashx?id=2357955&use=l&cat=p&typeid=i","cat":325345},{"id":133639,"n":"Papier Toilette Kleenex® Coussiné 3 plis x6 rouleaux","p":3.57,"u":"0,60 €/P","img":"https://fd9-photos.leclercdrive.fr/image.ashx?id=2840313&use=l&cat=p&typeid=i","cat":284634},{"id":133748,"n":"Soda Coca-Cola - SANS SUCRES Bouteille - 6x25cl","p":4.73,"u":"3,15 €/L","img":"https://fd9-photos.leclercdrive.fr/image.ashx?id=2312308&use=l&cat=p&typeid=i","cat":284530},{"id":133768,"n":"Poêle Easy Cook'n Clean Tefal Ø32cm - 1 pièce","p":23.85,"img":"https://fd9-photos.leclercdrive.fr/image.ashx?id=2531862&use=l&cat=p&typeid=i","cat":298490},{"id":133987,"n":"Oeufs La nouvelle agriculture Plein Air - x12","p":3.69,"u":"0,31 €/P","img":"https://fd9-photos.leclercdrive.fr/image.ashx?id=2465562&use=l&cat=p&typeid=i","cat":284378},{"id":134001,"n":"Mini Baguettes à la Tomate Bio Good Goût - Dès 10 mois - 70g","p":3.85,"u":"55,00 €/KG","img":"https://fd9-photos.leclercdrive.fr/image.ashx?id=2640680&use=l&cat=p&typeid=i","cat":312394},{"id":134047,"n":"Barres de céréales Lion Chocolat caramel - 12x25g","p":3.63,"u":"12,10 €/KG","img":"https://fd9-photos.leclercdrive.fr/image.ashx?id=2846787&use=l&cat=p&typeid=i","cat":285869},{"id":134056,"n":"Rougail saucisses et son riz 300g","p":3.0,"u":"10,00 €/KG","img":"https://fd9-photos.leclercdrive.fr/image.ashx?id=3008461&use=l&cat=p&typeid=i","cat":284953},{"id":134088,"n":"Applicateur express Baranne Noir - 75ml","p":2.69,"u":"3,59 €/L","img":"https://fd9-photos.leclercdrive.fr/image.ashx?id=2367883&use=l&cat=p&typeid=i","cat":285201},{"id":134121,"n":"Poivre noir moulu Eco+ 44g","p":0.55,"u":"12,50 €/KG","img":"https://fd9-photos.leclercdrive.fr/image.ashx?id=2717246&use=l&cat=p&typeid=i","cat":284457},{"id":134122,"n":"Poivre noir moulu Eco+ 90g","p":1.15,"u":"12,78 €/KG","img":"https://fd9-photos.leclercdrive.fr/image.ashx?id=2836307&use=l&cat=p&typeid=i","cat":284457},{"id":134130,"n":"Mélange paella Ducros 20g","p":1.56,"u":"78,00 €/KG","img":"https://fd9-photos.leclercdrive.fr/image.ashx?id=2490500&use=l&cat=p&typeid=i","cat":298297},{"id":134131,"n":"Soupe liquide brique Liebig  Velouté de Tomates - 1L","p":2.13,"u":"2,13 €/L","img":"https://fd9-photos.leclercdrive.fr/image.ashx?id=2759439&use=l&cat=p&typeid=i","cat":284462},{"id":134144,"n":"Don Papa Masskara Base de rhum 40% vol 70cl","p":29.99,"u":"42,84 €/L","img":"https://fd9-photos.leclercdrive.fr/image.ashx?id=2858255&use=l&cat=p&typeid=i","cat":284551},{"id":134146,"n":"Biscuits Nustikao Fourrés pâte à tartiner - 200g","p":1.67,"u":"8,35 €/KG","img":"https://fd9-photos.leclercdrive.fr/image.ashx?id=2473999&use=l&cat=p&typeid=i","cat":284488},{"id":134150,"n":"Lait céréales Blédidej 6 mois Céréales - 4x250ml","p":3.73,"u":"3,73 €/L","img":"https://fd9-photos.leclercdrive.fr/image.ashx?id=2921067&use=l&cat=p&typeid=i","cat":312226},{"id":134152,"n":"Biscuits Kinder Happy Hippo Au lait et au cacao - 103,5g","p":1.85,"u":"17,79 €/KG","img":"https://fd9-photos.leclercdrive.fr/image.ashx?id=2454499&use=l&cat=p&typeid=i","cat":284488},{"id":134162,"n":"Fromage frais nature Eco+ 9%mg - 6x60g","p":0.93,"u":"2,58 €/KG","img":"https://fd9-photos.leclercdrive.fr/image.ashx?id=2722372&use=l&cat=p&typeid=i","cat":284409},{"id":134165,"n":"Yaourt à la Grecque Délisse Stracciatella - 4x150g","p":2.39,"u":"3,98 €/KG","img":"https://fd9-photos.leclercdrive.fr/image.ashx?id=2753487&use=l&cat=p&typeid=i","cat":314999},{"id":134167,"n":"Yaourt à la grecque Délisse Noix de Coco - 4x150g","p":2.38,"u":"3,97 €/KG","img":"https://fd9-photos.leclercdrive.fr/image.ashx?id=2699759&use=l&cat=p&typeid=i","cat":314999},{"id":134172,"n":"Nissin soba sachet teriyaki 110g","p":1.46,"u":"13,27 €/KG","img":"https://fd9-photos.leclercdrive.fr/image.ashx?id=2433521&use=l&cat=p&typeid=i","cat":288992},{"id":134218,"n":"Lardons fumés Tradilège Sans nitrite - 2x75g","p":1.57,"u":"10,47 €/KG","img":"https://fd9-photos.leclercdrive.fr/image.ashx?id=1977434&use=l&cat=p&typeid=i","cat":316011},{"id":134220,"n":"Allumettes nature Tradilège Sans nitrite - 2x75g","p":1.64,"u":"10,93 €/KG","img":"https://fd9-photos.leclercdrive.fr/image.ashx?id=2970486&use=l&cat=p&typeid=i","cat":316011},{"id":134223,"n":"Allumettes fumées Tradilège Sans nitrite - 2x75g","p":1.63,"u":"10,87 €/KG","img":"https://fd9-photos.leclercdrive.fr/image.ashx?id=2965825&use=l&cat=p&typeid=i","cat":316011},{"id":134249,"n":"Blé express cuisiné Ebly  Tomate et basilic - 220g","p":1.83,"u":"8,32 €/KG","img":"https://fd9-photos.leclercdrive.fr/image.ashx?id=1963877&use=l&cat=p&typeid=i","cat":287600},{"id":134257,"n":"Corn Flakes Grainéa Nature - 500g","p":2.08,"u":"4,16 €/KG","img":"https://fd9-photos.leclercdrive.fr/image.ashx?id=2939088&use=l&cat=p&typeid=i","cat":309513},{"id":134316,"n":"Goûters P'tit Déli Croc' Goût Vanille - 300g","p":1.08,"u":"3,27 €/KG","img":"https://fd9-photos.leclercdrive.fr/image.ashx?id=2391895&use=l&cat=p&typeid=i","cat":284489},{"id":134317,"n":"Biscuit Croc Break P'tit Déli Goût Chocolat - 300g","p":1.15,"u":"3,83 €/KG","img":"https://fd9-photos.leclercdrive.fr/image.ashx?id=2390431&use=l&cat=p&typeid=i","cat":284488},{"id":134318,"n":"Biscuits P'tit déli Pirates Chocolat - 2x300g","p":2.17,"u":"3,62 €/KG","img":"https://fd9-photos.leclercdrive.fr/image.ashx?id=2718614&use=l&cat=p&typeid=i","cat":284488},{"id":134319,"n":"Biscuit Croc Break P'tit Déli Goût Tout Chocolat - 300g","p":1.17,"u":"3,90 €/KG","img":"https://fd9-photos.leclercdrive.fr/image.ashx?id=2708898&use=l&cat=p&typeid=i","cat":284488},{"id":134331,"n":"Muesli croustillant Grainéa Chocolat noir - 500g","p":2.29,"u":"4,58 €/KG","img":"https://fd9-photos.leclercdrive.fr/image.ashx?id=2925991&use=l&cat=p&typeid=i","cat":309512},{"id":134333,"n":"Muesli croustillant Grainéa Noix - 500g","p":2.02,"u":"4,04 €/KG","img":"https://fd9-photos.leclercdrive.fr/image.ashx?id=2917662&use=l&cat=p&typeid=i","cat":309512},{"id":134336,"n":"Muesli croustillant Grainéa  Aux fruits - 500g","p":1.87,"u":"3,74 €/KG","img":"https://fd9-photos.leclercdrive.fr/image.ashx?id=2931796&use=l&cat=p&typeid=i","cat":309512},{"id":134352,"n":"Muesli croustillant Grainéa  Fraise - 500g","p":2.27,"u":"4,54 €/KG","img":"https://fd9-photos.leclercdrive.fr/image.ashx?id=2873670&use=l&cat=p&typeid=i","cat":309512},{"id":134353,"n":"Muesli croustillant Grainéa Chocolat lait - 500g","p":2.27,"u":"4,54 €/KG","img":"https://fd9-photos.leclercdrive.fr/image.ashx?id=2925994&use=l&cat=p&typeid=i","cat":309512},{"id":134358,"n":"Pomme Canada 1 pièce","p":0.6,"img":"https://fd9-photos.leclercdrive.fr/image.ashx?id=1631128&use=l&cat=p&typeid=i","cat":284356},{"id":134398,"n":"Saucisson Fuet d'Olot 150g","p":2.03,"u":"13,53 €/KG","img":"https://fd9-photos.leclercdrive.fr/image.ashx?id=1971722&use=l&cat=p&typeid=i","cat":316006},{"id":134412,"n":"Cassoulet Maison rivière  Au confit de canard - 420g","p":3.16,"u":"7,52 €/KG","img":"https://fd9-photos.leclercdrive.fr/image.ashx?id=2734222&use=l&cat=p&typeid=i","cat":284440},{"id":134427,"n":"Salade de betteraves Menu Fraîcheur - 500g","p":1.89,"u":"3,78 €/KG","img":"https://fd9-photos.leclercdrive.fr/image.ashx?id=2645987&use=l&cat=p&typeid=i","cat":333657},{"id":134585,"n":"Noix de coco râpée Vahiné 200g","p":2.28,"u":"11,40 €/KG","img":"https://fd9-photos.leclercdrive.fr/image.ashx?id=2805276&use=l&cat=p&typeid=i","cat":284504},{"id":134619,"n":"Bonbon méga fête Haribo Pik Halloween - 720g","p":5.21,"u":"7,24 €/KG","img":"https://fd9-photos.leclercdrive.fr/image.ashx?id=2766740&use=l&cat=p&typeid=i","cat":304250},{"id":134627,"n":"Bonbons Dragibouuuh Haribo 288g","p":2.31,"u":"8,02 €/KG","img":"https://fd9-photos.leclercdrive.fr/image.ashx?id=2941523&use=l&cat=p&typeid=i","cat":304250},{"id":134675,"n":"Poire Louise Bonne 1p","p":0.5,"img":"https://fd9-photos.leclercdrive.fr/image.ashx?id=1977612&use=l&cat=p&typeid=i","cat":284356},{"id":134676,"n":"Friandises chien Pedigree  Schmackos multi mix x20 - 144g","p":2.31,"u":"16,04 €/KG","img":"https://fd9-photos.leclercdrive.fr/image.ashx?id=2338579&use=l&cat=p&typeid=i","cat":294527},{"id":134677,"n":"Friandise petit chien Pedigree  Os à mâcher x4 - 160g","p":2.43,"u":"15,19 €/KG","img":"https://fd9-photos.leclercdrive.fr/image.ashx?id=2997253&use=l&cat=p&typeid=i","cat":294527},{"id":134678,"n":"Friandise moyen chien Pedigree Os à mâcher x2 - 180g","p":2.44,"u":"13,56 €/KG","img":"https://fd9-photos.leclercdrive.fr/image.ashx?id=2981710&use=l&cat=p&typeid=i","cat":294527},{"id":134680,"n":"Biscuits chien Pedigree Markies fourrés - 1,5kg","p":5.12,"u":"3,41 €/KG","img":"https://fd9-photos.leclercdrive.fr/image.ashx?id=2109671&use=l&cat=p&typeid=i","cat":294527},{"id":134734,"n":"Boule crème chocolat Jacquot orange framboise vanille - 1kg","p":9.9,"u":"9,90 €/KG","img":"https://fd9-photos.leclercdrive.fr/image.ashx?id=2666584&use=l&cat=p&typeid=i","cat":327595},{"id":134742,"n":"Chili con carne Paul et Louise 400g","p":2.2,"u":"5,50 €/KG","img":"https://fd9-photos.leclercdrive.fr/image.ashx?id=3008485&use=l&cat=p&typeid=i","cat":325094},{"id":134745,"n":"Yaourt nature ECO+ 12x125g","p":1.69,"u":"1,13 €/KG","img":"https://fd9-photos.leclercdrive.fr/image.ashx?id=2791194&use=l&cat=p&typeid=i","cat":284409},{"id":134748,"n":"Asperges blanches Eco+ Miniatures - 125g","p":0.99,"u":"7,92 €/KG","img":"https://fd9-photos.leclercdrive.fr/image.ashx?id=2661076&use=l&cat=p&typeid=i","cat":312611},{"id":134758,"n":"Compote Allégée en sucres Eco+ Coupelle pomme banane - 4x100g","p":0.58,"u":"1,45 €/KG","img":"https://fd9-photos.leclercdrive.fr/image.ashx?id=1965671&use=l&cat=p&typeid=i","cat":284508},{"id":134770,"n":"Compote bio Bio Village Gourdes multivariétés - 12x90g","p":6.35,"u":"5,88 €/KG","img":"https://fd9-photos.leclercdrive.fr/image.ashx?id=1965920&use=l&cat=p&typeid=i","cat":284508},{"id":134772,"n":"Huile de noisette Rustica 25cl","p":2.89,"u":"11,56 €/L","img":"https://fd9-photos.leclercdrive.fr/image.ashx?id=2610336&use=l&cat=p&typeid=i","cat":284453},{"id":134773,"n":"Pur jus de citron vert - 25 cl vert - 25 cl","p":1.77,"u":"7,08 €/L","img":"https://fd9-photos.leclercdrive.fr/image.ashx?id=3010452&use=l&cat=p&typeid=i","cat":288383},{"id":134774,"n":"Pur jus de citron jaune - 50 cl jaune - 50 cl","p":2.39,"u":"4,78 €/L","img":"https://fd9-photos.leclercdrive.fr/image.ashx?id=3010449&use=l&cat=p&typeid=i","cat":288383},{"id":134775,"n":"Lait de coco Bio Village Bio - 200ml","p":1.29,"u":"6,45 €/L","img":"https://fd9-photos.leclercdrive.fr/image.ashx?id=2552451&use=l&cat=p&typeid=i","cat":288992},{"id":134787,"n":"Ravioli bœuf Bio village Bio 700g","p":3.7,"u":"5,29 €/KG","img":"https://fd9-photos.leclercdrive.fr/image.ashx?id=2717255&use=l&cat=p&typeid=i","cat":284442},{"id":134788,"n":"Spaghetti complets Bio Village Bio - 500g","p":0.89,"u":"1,78 €/KG","img":"https://fd9-photos.leclercdrive.fr/image.ashx?id=2503308&use=l&cat=p&typeid=i","cat":284429},{"id":134791,"n":"Thon à la catalane Eco + 135g","p":0.82,"u":"6,07 €/KG","img":"https://fd9-photos.leclercdrive.fr/image.ashx?id=2756834&use=l&cat=p&typeid=i","cat":303867},{"id":134792,"n":"Thon blanc Pêche océan MSC Entier nature - France - 112g","p":2.75,"u":"24,55 €/KG","img":"https://fd9-photos.leclercdrive.fr/image.ashx?id=2942235&use=l&cat=p&typeid=i","cat":303867},{"id":134793,"n":"Toasts fins nature Epi d'Or 100g","p":1.65,"u":"16,50 €/KG","img":"https://fd9-photos.leclercdrive.fr/image.ashx?id=2696283&use=l&cat=p&typeid=i","cat":285454},{"id":134794,"n":"Toasts fins sésame Epi d'Or 100g","p":1.65,"u":"16,50 €/KG","img":"https://fd9-photos.leclercdrive.fr/image.ashx?id=2705092&use=l&cat=p&typeid=i","cat":285454},{"id":134796,"n":"Tomates entières pelées Eco+ 240g","p":0.55,"u":"2,29 €/KG","img":"https://fd9-photos.leclercdrive.fr/image.ashx?id=2762501&use=l&cat=p&typeid=i","cat":312608},{"id":134811,"n":"Pur jus d'orange Eco + Brique - 2l","p":3.14,"u":"1,57 €/L","img":"https://fd9-photos.leclercdrive.fr/image.ashx?id=2751859&use=l&cat=p&typeid=i","cat":284521},{"id":134815,"n":"Pur jus 4 agrumes Eco +  1L","p":1.43,"u":"1,43 €/L","img":"https://fd9-photos.leclercdrive.fr/image.ashx?id=2762943&use=l&cat=p&typeid=i","cat":284917},{"id":134816,"n":"Jus d'orange ABC Eco + Brique - 1L","p":1.3,"u":"1,30 €/L","img":"https://fd9-photos.leclercdrive.fr/image.ashx?id=2595049&use=l&cat=p&typeid=i","cat":284521},{"id":134829,"n":"Bière forte 7.9% Millbrau 50CL","p":0.85,"u":"1,70 €/L","img":"https://fd9-photos.leclercdrive.fr/image.ashx?id=2955578&use=l&cat=p&typeid=i","cat":334853},{"id":134844,"n":"Crème de cassis Gildo 15% - 70cl","p":4.67,"u":"6,67 €/L","img":"https://fd9-photos.leclercdrive.fr/image.ashx?id=2563181&use=l&cat=p&typeid=i","cat":286032},{"id":134856,"n":"Eau de javel Eco + 2L","p":0.66,"u":"0,33 €/L","img":"https://fd9-photos.leclercdrive.fr/image.ashx?id=3007609&use=l&cat=p&typeid=i","cat":284661},{"id":134858,"n":"Brosse à dent enfant Dentamyl Clignotante licorne - 1 pièce","p":1.99,"img":"https://fd9-photos.leclercdrive.fr/image.ashx?id=1965773&use=l&cat=p&typeid=i","cat":288897},{"id":134860,"n":"Maxi carré bébé Mots d'Enfants Coton bio - x80","p":2.6,"u":"0,03 €/P","img":"https://fd9-photos.leclercdrive.fr/image.ashx?id=3014296&use=l&cat=p&typeid=i","cat":284739},{"id":134862,"n":"Gel hydroalcoolique Primoplast 550ml","p":2.1,"u":"3,82 €/L","img":"https://fd9-photos.leclercdrive.fr/image.ashx?id=2856591&use=l&cat=p&typeid=i","cat":284630},{"id":134900,"n":"Boule crème chocolat Jacquot Orange, framboise vanille - 1kg","p":9.98,"u":"9,98 €/KG","img":"https://fd9-photos.leclercdrive.fr/image.ashx?id=2665889&use=l&cat=p&typeid=i","cat":327595},{"id":134989,"n":"Amora Cornichons Extra-Fins Bocal Croq'Vert 370g","p":2.84,"u":"7,68 €/KG","img":"https://fd9-photos.leclercdrive.fr/image.ashx?id=2670911&use=l&cat=p&typeid=i","cat":284458},{"id":134992,"n":"Lingettes désinfectantes multi- usages Sanytol x48","p":2.43,"u":"0,05 €/P","img":"https://fd9-photos.leclercdrive.fr/image.ashx?id=2905270&use=l&cat=p&typeid=i","cat":325358},{"id":134995,"n":"Nettoyant Désinfectant Protect 4 actions Sanytol - 1L","p":3.57,"u":"3,57 €/L","img":"https://fd9-photos.leclercdrive.fr/image.ashx?id=2965960&use=l&cat=p&typeid=i","cat":325357},{"id":135179,"n":"Sauce béchamel Bridélice 50cl","p":2.69,"u":"5,38 €/L","img":"https://fd9-photos.leclercdrive.fr/image.ashx?id=2904718&use=l&cat=p&typeid=i","cat":284382},{"id":135191,"n":"Yaourt aromatisé sucré Eco+ Pack 12x125g","p":1.86,"u":"1,24 €/KG","img":"https://fd9-photos.leclercdrive.fr/image.ashx?id=2759774&use=l&cat=p&typeid=i","cat":286006},{"id":135201,"n":"Matière grasse bio St Hubert Doux 55%MG - 230g","p":2.24,"u":"9,74 €/KG","img":"https://fd9-photos.leclercdrive.fr/image.ashx?id=2886097&use=l&cat=p&typeid=i","cat":315229},{"id":135203,"n":"Yaourt nature Eco+ 4x125g","p":0.58,"u":"1,16 €/KG","img":"https://fd9-photos.leclercdrive.fr/image.ashx?id=2671789&use=l&cat=p&typeid=i","cat":284409},{"id":135229,"n":"Emmental rapé Eco+ 29%mg - 1kg","p":7.39,"u":"7,39 €/KG","img":"https://fd9-photos.leclercdrive.fr/image.ashx?id=2587097&use=l&cat=p&typeid=i","cat":314035},{"id":135245,"n":"Salade mélangée Eco+ 250g","p":0.75,"u":"3,00 €/KG","img":"https://fd9-photos.leclercdrive.fr/image.ashx?id=2675020&use=l&cat=p&typeid=i","cat":284353},{"id":135246,"n":"Crème fraiche Eco+ Légère - 15% MG - 50cl","p":1.35,"u":"2,70 €/L","img":"https://fd9-photos.leclercdrive.fr/image.ashx?id=2891869&use=l&cat=p&typeid=i","cat":284381},{"id":135247,"n":"Fromage fondu Eco+ 17%mg - x10 - 200g","p":1.08,"u":"5,40 €/KG","img":"https://fd9-photos.leclercdrive.fr/image.ashx?id=2652290&use=l&cat=p&typeid=i","cat":314028},{"id":135251,"n":"Yaourt nature sucré Yoplait - 8x125g","p":2.07,"u":"2,07 €/KG","img":"https://fd9-photos.leclercdrive.fr/image.ashx?id=2796830&use=l&cat=p&typeid=i","cat":284409},{"id":135266,"n":"Pruneau Eco+ 1kg","p":5.97,"u":"5,97 €/KG","img":"https://fd9-photos.leclercdrive.fr/image.ashx?id=2690868&use=l&cat=p&typeid=i","cat":284357},{"id":135270,"n":"Pomme de terre rouge Vapeur  Sautées Panier du Primeur - 2kg","p":2.29,"u":"1,15 €/KG","img":"https://fd9-photos.leclercdrive.fr/image.ashx?id=2959638&use=l&cat=p&typeid=i","cat":284352},{"id":135276,"n":"Pomme de terre Panier Primeur Micro-ondes - 750g","p":1.79,"u":"2,39 €/KG","img":"https://fd9-photos.leclercdrive.fr/image.ashx?id=2649903&use=l&cat=p&typeid=i","cat":284352},{"id":135278,"n":"Fromage blanc aromatisé Eco+ 2.8%MG - 12x60g","p":1.79,"u":"2,49 €/KG","img":"https://fd9-photos.leclercdrive.fr/image.ashx?id=2794817&use=l&cat=p&typeid=i","cat":284409},{"id":135279,"n":"Ail violet Panier du Primeur x3","p":2.99,"u":"1,00 €/P","img":"https://fd9-photos.leclercdrive.fr/image.ashx?id=2960520&use=l&cat=p&typeid=i","cat":284352},{"id":135281,"n":"Papier cadeau kraft Esquisse Beige - 2m x 0,7m","p":1.59,"img":"https://fd9-photos.leclercdrive.fr/image.ashx?id=1974972&use=l&cat=p&typeid=i","cat":335914},{"id":135282,"n":"Oignons sauciers Filière Panier du Primeur Filet 500g","p":1.49,"u":"2,98 €/KG","img":"https://fd9-photos.leclercdrive.fr/image.ashx?id=2966370&use=l&cat=p&typeid=i","cat":284352},{"id":135292,"n":"Crème dessert Eco+ Panachées - 12x125g","p":2.43,"u":"1,62 €/KG","img":"https://fd9-photos.leclercdrive.fr/image.ashx?id=2804326&use=l&cat=p&typeid=i","cat":285041},{"id":135295,"n":"Tranchette de gouda Eco+ 28%mg - 300g","p":2.53,"u":"8,43 €/KG","img":"https://fd9-photos.leclercdrive.fr/image.ashx?id=1974470&use=l&cat=p&typeid=i","cat":314028},{"id":135296,"n":"Fromage mi-chèvre Eco+ 23%mg - 180g","p":1.65,"u":"9,17 €/KG","img":"https://fd9-photos.leclercdrive.fr/image.ashx?id=2978504&use=l&cat=p&typeid=i","cat":314031},{"id":135343,"n":"Râpé 3 fromages Les Croisés  Format familial - 350g","p":3.12,"u":"8,91 €/KG","img":"https://fd9-photos.leclercdrive.fr/image.ashx?id=2959734&use=l&cat=p&typeid=i","cat":314035},{"id":135366,"n":"AOP Beaujolais Villages Nouveau Moillard - 75cl","p":6.94,"u":"9,25 €/L","img":"https://fd9-photos.leclercdrive.fr/image.ashx?id=2019351&use=l&cat=p&typeid=i","cat":289556},{"id":135416,"n":"Sac Nougat de Montélimar Tendre Chabert et Guillot - 200g","p":5.53,"u":"27,65 €/KG","img":"https://fd9-photos.leclercdrive.fr/image.ashx?id=1997442&use=l&cat=p&typeid=i","cat":304249},{"id":135420,"n":"Sac Nougat de Montélimar Tendre Chabert et Guillot - 200g","p":4.79,"u":"23,95 €/KG","img":"https://fd9-photos.leclercdrive.fr/image.ashx?id=1997457&use=l&cat=p&typeid=i","cat":304249},{"id":135426,"n":"Sauce Salsa Old El Paso à napper doux - 226g","p":2.68,"u":"11,86 €/KG","img":"https://fd9-photos.leclercdrive.fr/image.ashx?id=2738797&use=l&cat=p&typeid=i","cat":288993},{"id":135429,"n":"Pommes Dauphine Findus 540g","p":3.19,"u":"5,91 €/KG","img":"https://fd9-photos.leclercdrive.fr/image.ashx?id=2009954&use=l&cat=p&typeid=i","cat":319792},{"id":135444,"n":"Croco Baby -30% de sucre Haribo Sachet bonbons - 165g","p":1.98,"u":"12,00 €/KG","img":"https://fd9-photos.leclercdrive.fr/image.ashx?id=2806111&use=l&cat=p&typeid=i","cat":304250},{"id":135454,"n":"Brioche tranchée Harrys Nature sans additif Maxi - 680g","p":3.4,"u":"5,00 €/KG","img":"https://fd9-photos.leclercdrive.fr/image.ashx?id=2503022&use=l&cat=p&typeid=i","cat":284478},{"id":135456,"n":"Brioche tranchée Harrys Nature / Sans additifs - 485 g","p":2.4,"u":"4,95 €/KG","img":"https://fd9-photos.leclercdrive.fr/image.ashx?id=2503019&use=l&cat=p&typeid=i","cat":284478},{"id":135458,"n":"Brioche tranchée nature Harrys Allégée en sucre - 485g","p":3.01,"u":"6,21 €/KG","img":"https://fd9-photos.leclercdrive.fr/image.ashx?id=2503031&use=l&cat=p&typeid=i","cat":284478},{"id":135459,"n":"Brioche Tranchée Harrys Pépites de chocolat - 485g","p":2.86,"u":"5,90 €/KG","img":"https://fd9-photos.leclercdrive.fr/image.ashx?id=2503028&use=l&cat=p&typeid=i","cat":284478},{"id":135481,"n":"Barres céréales Nesquik Chocolat - 12x25g","p":3.98,"u":"13,27 €/KG","img":"https://fd9-photos.leclercdrive.fr/image.ashx?id=2843225&use=l&cat=p&typeid=i","cat":285869},{"id":135535,"n":"Chocolat noir Les orangettes Les Chevaliers d'Argouges  190g","p":8.48,"u":"44,63 €/KG","img":"https://fd9-photos.leclercdrive.fr/image.ashx?id=2842729&use=l&cat=p&typeid=i","cat":327601},{"id":135679,"n":"Tartiflette au Reblochon Marie 300g","p":3.56,"u":"11,87 €/KG","img":"https://fd9-photos.leclercdrive.fr/image.ashx?id=2827200&use=l&cat=p&typeid=i","cat":333665},{"id":135758,"n":"Jambon Supérieur VPF Tradilège A l'étouffée Découennéx10 -400g","p":5.09,"u":"12,73 €/KG","img":"https://fd9-photos.leclercdrive.fr/image.ashx?id=2970477&use=l&cat=p&typeid=i","cat":316009},{"id":135780,"n":"Petits pots bébé P'TITE RECETTE Cabillaud 8M+ - 2x200g","p":2.04,"u":"5,10 €/KG","img":"https://fd9-photos.leclercdrive.fr/image.ashx?id=2525717&use=l&cat=p&typeid=i","cat":312236},{"id":136362,"n":"AOC Côtes du Rhône rouge Réserve de Bonpas - 75cl","p":4.9,"u":"6,53 €/L","img":"https://fd9-photos.leclercdrive.fr/image.ashx?id=2991202&use=l&cat=p&typeid=i","cat":289556},{"id":136367,"n":"Apéritiv'O Truffé Corte Del Gusto - 150g","p":5.6,"u":"37,33 €/KG","img":"https://fd9-photos.leclercdrive.fr/image.ashx?id=2808814&use=l&cat=p&typeid=i","cat":316007},{"id":136368,"n":"Apéritiv'O Ibérique Corte Del Gusto - 130g","p":5.6,"u":"43,08 €/KG","img":"https://fd9-photos.leclercdrive.fr/image.ashx?id=2808817&use=l&cat=p&typeid=i","cat":316007},{"id":136373,"n":"Boîte chocolats Ferrero Rocher x27 pralines - 337g","p":12.53,"u":"37,07 €/KG","img":"https://fd9-photos.leclercdrive.fr/image.ashx?id=2940522&use=l&cat=p&typeid=i","cat":327600},{"id":136445,"n":"Gateau marbré Savane Chocolat - 310g","p":2.53,"u":"8,16 €/KG","img":"https://fd9-photos.leclercdrive.fr/image.ashx?id=2870719&use=l&cat=p&typeid=i","cat":294776},{"id":136457,"n":"Pain grillé original Pasquier 415g","p":1.96,"u":"4,72 €/KG","img":"https://fd9-photos.leclercdrive.fr/image.ashx?id=2943957&use=l&cat=p&typeid=i","cat":284479},{"id":136507,"n":"Gros sel marin Bjorg Gris - 1 kg","p":1.81,"u":"1,81 €/KG","img":"https://fd9-photos.leclercdrive.fr/image.ashx?id=2105320&use=l&cat=p&typeid=i","cat":284457},{"id":136509,"n":"Sel et herbes Essentiel Bio 250g","p":2.66,"u":"10,64 €/KG","img":"https://fd9-photos.leclercdrive.fr/image.ashx?id=2560888&use=l&cat=p&typeid=i","cat":284457},{"id":136579,"n":"Soupe liquide brique Liebig  Velouté de 12 légumes - 1L","p":1.97,"u":"1,97 €/L","img":"https://fd9-photos.leclercdrive.fr/image.ashx?id=2172645&use=l&cat=p&typeid=i","cat":284462},{"id":136580,"n":"Soupe liquide brique Liebig  Mouliné de 12 légumes - 1L","p":2.63,"u":"2,63 €/L","img":"https://fd9-photos.leclercdrive.fr/image.ashx?id=2172642&use=l&cat=p&typeid=i","cat":284462},{"id":136598,"n":"Compote Bio Village Gourdes Pomme bio - 12x90g","p":5.25,"u":"4,86 €/KG","img":"https://fd9-photos.leclercdrive.fr/image.ashx?id=2330517&use=l&cat=p&typeid=i","cat":284508},{"id":136599,"n":"Eau gazeuse aromatisée Salvetat citron - 6x50cl","p":3.27,"u":"1,09 €/L","img":"https://fd9-photos.leclercdrive.fr/image.ashx?id=2259472&use=l&cat=p&typeid=i","cat":284536},{"id":136627,"n":"Pad Thai Céréal Bio  Bio repas express - 220g","p":2.35,"u":"10,68 €/KG","img":"https://fd9-photos.leclercdrive.fr/image.ashx?id=2574089&use=l&cat=p&typeid=i","cat":288992},{"id":136635,"n":"Cassoulet Maison Rivière Confit de canard - 840g","p":4.99,"u":"5,94 €/KG","img":"https://fd9-photos.leclercdrive.fr/image.ashx?id=2734225&use=l&cat=p&typeid=i","cat":284440},{"id":136646,"n":"Bonbons Tic Tac 100 pastilles Festival de goûts - 49g","p":1.57,"u":"32,04 €/KG","img":"https://fd9-photos.leclercdrive.fr/image.ashx?id=2758607&use=l&cat=p&typeid=i","cat":304256},{"id":136659,"n":"Pâtes fraîches Spaetzle Stoeffler - 300g","p":2.79,"u":"9,30 €/KG","img":"https://fd9-photos.leclercdrive.fr/image.ashx?id=2767522&use=l&cat=p&typeid=i","cat":333682},{"id":136668,"n":"Champignons de Paris bruns Panier du Primeur - 250g","p":1.79,"u":"7,16 €/KG","img":"https://fd9-photos.leclercdrive.fr/image.ashx?id=2600255&use=l&cat=p&typeid=i","cat":284352},{"id":136670,"n":"Oignons jaunes Eco+ 1.5 Kg","p":1.69,"u":"1,13 €/KG","img":"https://fd9-photos.leclercdrive.fr/image.ashx?id=2772572&use=l&cat=p&typeid=i","cat":284352},{"id":136692,"n":"Orangettes Révillon Chocolat - 185g","p":8.97,"u":"48,49 €/KG","img":"https://fd9-photos.leclercdrive.fr/image.ashx?id=2966971&use=l&cat=p&typeid=i","cat":327601},{"id":136775,"n":"Fleur de maïs Maïzena 700g","p":2.45,"pp":1.71,"u":"2,44 €/KG","img":"https://fd9-photos.leclercdrive.fr/image.ashx?id=2328361&use=l&cat=p&typeid=i","cat":288382},{"id":136813,"n":"Biscuits Bruges Delacre Boîte Assortiment - 200g","p":2.86,"u":"14,30 €/KG","img":"https://fd9-photos.leclercdrive.fr/image.ashx?id=2867966&use=l&cat=p&typeid=i","cat":284490},{"id":136814,"n":"Barre céréales Chocapic  Chocolat - 12x25g","p":3.72,"u":"12,40 €/KG","img":"https://fd9-photos.leclercdrive.fr/image.ashx?id=2846784&use=l&cat=p&typeid=i","cat":285869},{"id":136930,"n":"Bonbons de Noël Milka Lait pétillant - 86g","p":3.28,"u":"38,14 €/KG","img":"https://fd9-photos.leclercdrive.fr/image.ashx?id=2834008&use=l&cat=p&typeid=i","cat":327592},{"id":137060,"n":"Compote Bio Village Gourdes Pomme bio - 4x90g","p":1.91,"u":"5,31 €/KG","img":"https://fd9-photos.leclercdrive.fr/image.ashx?id=2619755&use=l&cat=p&typeid=i","cat":284508},{"id":137070,"n":"Petits pois Bio Village Bio - 420g","p":2.35,"u":"5,60 €/KG","img":"https://fd9-photos.leclercdrive.fr/image.ashx?id=3002707&use=l&cat=p&typeid=i","cat":312607},{"id":137228,"n":"Sucre en poudre Saint Louis 650g","p":1.64,"u":"2,52 €/KG","img":"https://fd9-photos.leclercdrive.fr/image.ashx?id=2659936&use=l&cat=p&typeid=i","cat":284502},{"id":137283,"n":"Yaourt à boire Ptit Yop Aromatisé Fraise - 6x180g","p":2.84,"u":"2,63 €/KG","img":"https://fd9-photos.leclercdrive.fr/image.ashx?id=2902735&use=l&cat=p&typeid=i","cat":284415},{"id":137289,"n":"Yaourt à boire Ptit Yop Aromatisé Framboise - 6x180g","p":2.85,"u":"2,64 €/KG","img":"https://fd9-photos.leclercdrive.fr/image.ashx?id=2951797&use=l&cat=p&typeid=i","cat":284415},{"id":137298,"n":"Yaourt à boire Ptit Yop Aromatisé Panaché - 6x180g","p":2.92,"u":"2,70 €/KG","img":"https://fd9-photos.leclercdrive.fr/image.ashx?id=2985168&use=l&cat=p&typeid=i","cat":284415},{"id":137325,"n":"Lait bébé Candia Baby  croissance 3ème âge - 6x25cl","p":3.39,"u":"2,26 €/L","img":"https://fd9-photos.leclercdrive.fr/image.ashx?id=2963346&use=l&cat=p&typeid=i","cat":284728},{"id":137382,"n":"Spray retouche L'Oréal Paris Magic Retouch Châtain Clair","p":9.98,"u":"13,31 €/L","img":"https://fd9-photos.leclercdrive.fr/image.ashx?id=2597196&use=l&cat=p&typeid=i","cat":288899},{"id":137413,"n":"Pommes Duchesse Findus 720g","p":3.19,"u":"4,43 €/KG","img":"https://fd9-photos.leclercdrive.fr/image.ashx?id=2888512&use=l&cat=p&typeid=i","cat":319792},{"id":137414,"n":"Pommes Étoile 720g","p":3.19,"u":"4,43 €/KG","img":"https://fd9-photos.leclercdrive.fr/image.ashx?id=2023134&use=l&cat=p&typeid=i","cat":319792},{"id":137437,"n":"gateau Savane Brossard Chocolat - 310g","p":2.56,"u":"8,26 €/KG","img":"https://fd9-photos.leclercdrive.fr/image.ashx?id=2976836&use=l&cat=p&typeid=i","cat":294776},{"id":137578,"n":"Jambon foué Paul Predault A l'os - 4 tranches - 240g","p":4.6,"u":"19,17 €/KG","img":"https://fd9-photos.leclercdrive.fr/image.ashx?id=1987839&use=l&cat=p&typeid=i","cat":316009},{"id":137669,"n":"Croquette chiens Mix  Fido Volaille/légumes - 2.5kg","p":6.14,"u":"2,46 €/KG","img":"https://fd9-photos.leclercdrive.fr/image.ashx?id=2973309&use=l&cat=p&typeid=i","cat":284672},{"id":137680,"n":"Croquette pour chien  Fido Croq' Mix boeuf et légumes 3kg","p":6.22,"u":"2,07 €/KG","img":"https://fd9-photos.leclercdrive.fr/image.ashx?id=2973306&use=l&cat=p&typeid=i","cat":284672},{"id":137682,"n":"Croquette pour chiens Fido Mix Poulet Légumes - 12 kg","p":22.57,"u":"1,88 €/KG","img":"https://fd9-photos.leclercdrive.fr/image.ashx?id=2973300&use=l&cat=p&typeid=i","cat":284672},{"id":137685,"n":"Brandade Apéro Gourmet Coudène - 120g","p":3.72,"u":"31,00 €/KG","img":"https://fd9-photos.leclercdrive.fr/image.ashx?id=2427314&use=l&cat=p&typeid=i","cat":285094},{"id":137686,"n":"Croquette pour chiens Fido Boeuf & légumes - 7kg","p":14.26,"u":"2,04 €/KG","img":"https://fd9-photos.leclercdrive.fr/image.ashx?id=2973297&use=l&cat=p&typeid=i","cat":284672},{"id":137700,"n":"Compote Douceur du Verger Coupelle fruits rouges -16x100g","p":4.21,"u":"2,63 €/KG","img":"https://fd9-photos.leclercdrive.fr/image.ashx?id=2663560&use=l&cat=p&typeid=i","cat":284508},{"id":137702,"n":"Compote Douceur du Verger Coupelle fruits jaunes -16x100g","p":3.97,"u":"2,48 €/KG","img":"https://fd9-photos.leclercdrive.fr/image.ashx?id=2834890&use=l&cat=p&typeid=i","cat":284508},{"id":137703,"n":"Compote Douceur du Verger Coupelle pomme - 16x100g","p":3.55,"u":"2,22 €/KG","img":"https://fd9-photos.leclercdrive.fr/image.ashx?id=2991452&use=l&cat=p&typeid=i","cat":284508},{"id":137713,"n":"Préparation Flan Entremets alsa Chocolat - 192g","p":2.02,"u":"8,71 €/KG","img":"https://fd9-photos.leclercdrive.fr/image.ashx?id=2842546&use=l&cat=p&typeid=i","cat":284505},{"id":137733,"n":"Gnocchi à Poeler Turini 700g","p":1.99,"u":"2,84 €/KG","img":"https://fd9-photos.leclercdrive.fr/image.ashx?id=3014377&use=l&cat=p&typeid=i","cat":333682},{"id":137746,"n":"Gourmet Purina Poulet / Dinde - 8x85g","p":6.3,"u":"9,26 €/KG","img":"https://fd9-photos.leclercdrive.fr/image.ashx?id=2896795&use=l&cat=p&typeid=i","cat":285286},{"id":137754,"n":"Barquettes chat Gourmet  Coffret de la mer - 8x85g","p":6.26,"u":"9,21 €/KG","img":"https://fd9-photos.leclercdrive.fr/image.ashx?id=2861770&use=l&cat=p&typeid=i","cat":285286},{"id":137757,"n":"Tarte aux poireaux Marie Gratinée à l'Emmental - 400g","p":3.46,"u":"8,65 €/KG","img":"https://fd9-photos.leclercdrive.fr/image.ashx?id=2996680&use=l&cat=p&typeid=i","cat":284257},{"id":137769,"n":"Soupe liquide brique Liebig  Poireaux Pomme de Terre 2x30cl","p":1.88,"u":"3,13 €/L","img":"https://fd9-photos.leclercdrive.fr/image.ashx?id=2864327&use=l&cat=p&typeid=i","cat":284462},{"id":137772,"n":"Pancakes La fournée Dorée 350g","p":2.56,"u":"7,31 €/KG","img":"https://fd9-photos.leclercdrive.fr/image.ashx?id=2581502&use=l&cat=p&typeid=i","cat":284495},{"id":137775,"n":"Terrine Saveurs Forestières Faisan pistaches - 250g","p":5.85,"u":"23,40 €/KG","img":"https://fd9-photos.leclercdrive.fr/image.ashx?id=2799497&use=l&cat=p&typeid=i","cat":316008},{"id":137777,"n":"Haricots verts Bonduelle Extra Fins 440g","p":1.98,"u":"4,50 €/KG","img":"https://fd9-photos.leclercdrive.fr/image.ashx?id=2943927&use=l&cat=p&typeid=i","cat":312606},{"id":137814,"n":"Arrangé HSE Ananas Thé Vert 32%vol - 70cl","p":18.05,"u":"25,79 €/L","img":"https://fd9-photos.leclercdrive.fr/image.ashx?id=1987077&use=l&cat=p&typeid=i","cat":284551},{"id":137857,"n":"Petits Pois Bonduelle Sans Arôme Ajouté 280g","p":1.24,"u":"4,43 €/KG","img":"https://fd9-photos.leclercdrive.fr/image.ashx?id=2913157&use=l&cat=p&typeid=i","cat":312607},{"id":137860,"n":"Riz long blanchi Eco+ 1kg","p":1.22,"u":"1,22 €/KG","img":"https://fd9-photos.leclercdrive.fr/image.ashx?id=2076622&use=l&cat=p&typeid=i","cat":284428},{"id":137861,"n":"Thé noir bio Bio Village English Breakfast x20 - 36g","p":1.25,"u":"34,72 €/KG","img":"https://fd9-photos.leclercdrive.fr/image.ashx?id=1987003&use=l&cat=p&typeid=i","cat":293233},{"id":137862,"n":"Riz long étuvé Eco+ 1kg","p":1.35,"u":"1,35 €/KG","img":"https://fd9-photos.leclercdrive.fr/image.ashx?id=2076625&use=l&cat=p&typeid=i","cat":284428},{"id":137864,"n":"Riz long étuvé Eco+ 4x125g","p":0.87,"u":"1,74 €/KG","img":"https://fd9-photos.leclercdrive.fr/image.ashx?id=1991126&use=l&cat=p&typeid=i","cat":284428},{"id":137892,"n":"Biscottes bio Bio Village sans sel ni sucres ajoutés 100g","p":2.09,"u":"6,97 €/KG","img":"https://fd9-photos.leclercdrive.fr/image.ashx?id=1987015&use=l&cat=p&typeid=i","cat":284479},{"id":137900,"n":"Barres de céréales Grainéa Chocolat noir x6 - 126g","p":1.39,"u":"11,03 €/KG","img":"https://fd9-photos.leclercdrive.fr/image.ashx?id=2721370&use=l&cat=p&typeid=i","cat":285869},{"id":137904,"n":"Barre de céréales Grainea 126g","p":1.39,"u":"11,03 €/KG","img":"https://fd9-photos.leclercdrive.fr/image.ashx?id=2912863&use=l&cat=p&typeid=i","cat":285869},{"id":137906,"n":"AOP Côtes du Rhône Nouveau Georges Duboeuf rouge - 75cl","p":7.29,"u":"9,72 €/L","img":"https://fd9-photos.leclercdrive.fr/image.ashx?id=2750021&use=l&cat=p&typeid=i","cat":289556},{"id":137910,"n":"Compote Douceur du Verger Gourdes multivariétés - 20x90g","p":6.09,"u":"3,38 €/KG","img":"https://fd9-photos.leclercdrive.fr/image.ashx?id=2805045&use=l&cat=p&typeid=i","cat":284508},{"id":137920,"n":"Terrine Saveurs forestières Trompettes cèpes - 250g","p":5.85,"u":"23,40 €/KG","img":"https://fd9-photos.leclercdrive.fr/image.ashx?id=2009618&use=l&cat=p&typeid=i","cat":316008},{"id":137921,"n":"Fondant Cerf Saveurs Forestière Sauce pinot noir - 760g","p":13.9,"u":"18,29 €/KG","img":"https://fd9-photos.leclercdrive.fr/image.ashx?id=2798108&use=l&cat=p&typeid=i","cat":327289},{"id":137957,"n":"Maïs ultra croquant D'Aucy 285g","p":0.97,"u":"3,40 €/KG","img":"https://fd9-photos.leclercdrive.fr/image.ashx?id=2380454&use=l&cat=p&typeid=i","cat":312611},{"id":137969,"n":"Pavé fondant emmental Président 2 pièces - 200g","p":3.65,"u":"18,25 €/KG","img":"https://fd9-photos.leclercdrive.fr/image.ashx?id=2856088&use=l&cat=p&typeid=i","cat":314027},{"id":137970,"n":"Carottes râpées à la ciboulette Pierre Martinet - 300g","p":1.6,"u":"5,33 €/KG","img":"https://fd9-photos.leclercdrive.fr/image.ashx?id=2990535&use=l&cat=p&typeid=i","cat":333657},{"id":137971,"n":"Carottes rapées à la Ciboulette Pierre Martinet - 510g","p":2.11,"u":"4,14 €/KG","img":"https://fd9-photos.leclercdrive.fr/image.ashx?id=2990532&use=l&cat=p&typeid=i","cat":333657},{"id":137984,"n":"Gratte éponge Spontex Performance - x6","p":3.68,"u":"0,61 €/P","img":"https://fd9-photos.leclercdrive.fr/image.ashx?id=2673205&use=l&cat=p&typeid=i","cat":284667},{"id":138003,"n":"Mini BN fraise 2+1 offert - 525g","p":3.59,"u":"6,84 €/KG","img":"https://fd9-photos.leclercdrive.fr/image.ashx?id=2604500&use=l&cat=p&typeid=i","cat":284489},{"id":138076,"n":"Foie gras de canard Delpeyrat Entier du Sud-ouest - 180 g","p":23.5,"pp":15.51,"u":"86,17 €/KG","img":"https://fd9-photos.leclercdrive.fr/image.ashx?id=2905279&use=l&cat=p&typeid=i","cat":316008},{"id":138193,"n":"Fromage blanc bébé Blédina 6m Vanille - 4x100g","p":3.06,"u":"7,65 €/KG","img":"https://fd9-photos.leclercdrive.fr/image.ashx?id=2636817&use=l&cat=p&typeid=i","cat":312392},{"id":138199,"n":"Repas bébé Blédichef 15 mois  Colombo de riz poisson - 250g","p":1.89,"u":"7,56 €/KG","img":"https://fd9-photos.leclercdrive.fr/image.ashx?id=2951599&use=l&cat=p&typeid=i","cat":312238},{"id":138200,"n":"Repas bébé Blédichef 15 mois  Tajine légumes poulet - 250g","p":1.98,"u":"7,92 €/KG","img":"https://fd9-photos.leclercdrive.fr/image.ashx?id=2951602&use=l&cat=p&typeid=i","cat":312238},{"id":138298,"n":"Gratte éponge + Microfibre Spontex x6","p":3.47,"u":"0,58 €/P","img":"https://fd9-photos.leclercdrive.fr/image.ashx?id=2673208&use=l&cat=p&typeid=i","cat":284667},{"id":138318,"n":"Savane Bipack Chocolat Brossard - 620g","p":4.97,"u":"8,02 €/KG","img":"https://fd9-photos.leclercdrive.fr/image.ashx?id=2966086&use=l&cat=p&typeid=i","cat":294776},{"id":138597,"n":"Décoration fenêtre blanche 1 pièce","p":2.1,"img":"https://fd9-photos.leclercdrive.fr/image.ashx?id=2002231&use=l&cat=p&typeid=i","cat":335913},{"id":138669,"n":"Masque reconstructeur Elsève Dream Long Cheveu Abîmé - 310ml","p":4.59,"u":"14,81 €/L","img":"https://fd9-photos.leclercdrive.fr/image.ashx?id=2278139&use=l&cat=p&typeid=i","cat":284608},{"id":139255,"n":"Ballotin chocolat  Abtey Royal des lys x17 220g","p":6.72,"u":"30,55 €/KG","img":"https://fd9-photos.leclercdrive.fr/image.ashx?id=2662718&use=l&cat=p&typeid=i","cat":327601},{"id":139322,"n":"Marrons glacés L'Artisan Provençal 250g","p":10.52,"u":"42,08 €/KG","img":"https://fd9-photos.leclercdrive.fr/image.ashx?id=1995723&use=l&cat=p&typeid=i","cat":327603},{"id":139401,"n":"Sachet marrons glacés Motta x9 - 117g","p":5.62,"u":"48,03 €/KG","img":"https://fd9-photos.leclercdrive.fr/image.ashx?id=2854768&use=l&cat=p&typeid=i","cat":327603},{"id":139407,"n":"Coffrets Carrés de fruits Motta x25 - 390g","p":8.55,"u":"21,92 €/KG","img":"https://fd9-photos.leclercdrive.fr/image.ashx?id=2298730&use=l&cat=p&typeid=i","cat":327606},{"id":139902,"n":"Sucette Ourson Rohan 35g","p":1.74,"u":"49,71 €/KG","img":"https://fd9-photos.leclercdrive.fr/image.ashx?id=2013212&use=l&cat=p&typeid=i","cat":327592},{"id":139905,"n":"Oeufs au sol Eco+ x10","p":1.78,"u":"0,18 €/P","img":"https://fd9-photos.leclercdrive.fr/image.ashx?id=2724547&use=l&cat=p&typeid=i","cat":284378},{"id":140024,"n":"Papier cadeau Disney Motifs divers - 5x0,7m","p":1.75,"img":"https://fd9-photos.leclercdrive.fr/image.ashx?id=1997625&use=l&cat=p&typeid=i","cat":335914},{"id":141162,"n":"Fond de veau Maggi 110g","p":2.39,"u":"21,73 €/KG","img":"https://fd9-photos.leclercdrive.fr/image.ashx?id=2917546&use=l&cat=p&typeid=i","cat":288379},{"id":142084,"n":"Pommes de terre Grenailles  Panier du Primeur - 1kg","p":1.99,"u":"1,99 €/KG","img":"https://fd9-photos.leclercdrive.fr/image.ashx?id=2233214&use=l&cat=p&typeid=i","cat":284352},{"id":142196,"n":"Fouet Homeside 1 pièce","p":3.69,"img":"https://fd9-photos.leclercdrive.fr/image.ashx?id=2017533&use=l&cat=p&typeid=i","cat":334135},{"id":142199,"n":"Spatule pâtisserie Homeside 1 pièce","p":1.9,"img":"https://fd9-photos.leclercdrive.fr/image.ashx?id=2017542&use=l&cat=p&typeid=i","cat":334135},{"id":142204,"n":"Allume gaz Homeside 1 pièce","p":3.99,"img":"https://fd9-photos.leclercdrive.fr/image.ashx?id=2017554&use=l&cat=p&typeid=i","cat":334135},{"id":142205,"n":"Mini piques brochettes Homeside 1 pièce","p":0.64,"img":"https://fd9-photos.leclercdrive.fr/image.ashx?id=2017503&use=l&cat=p&typeid=i","cat":334135},{"id":142207,"n":"Casse noix/crustacés Homeside 1 pièce","p":4.49,"img":"https://fd9-photos.leclercdrive.fr/image.ashx?id=2017569&use=l&cat=p&typeid=i","cat":334135},{"id":142210,"n":"Couteau à huîtres Homeside 1 pièce","p":2.1,"img":"https://fd9-photos.leclercdrive.fr/image.ashx?id=2017581&use=l&cat=p&typeid=i","cat":334135},{"id":142228,"n":"Pailles en papier Homeside x24","p":1.05,"u":"0,04 €/P","img":"https://fd9-photos.leclercdrive.fr/image.ashx?id=2017620&use=l&cat=p&typeid=i","cat":334135},{"id":142450,"n":"Saumur 1811 vin pétillant blanc Ackerman Demi sec - 75cl","p":6.14,"u":"8,19 €/L","img":"https://fd9-photos.leclercdrive.fr/image.ashx?id=2652565&use=l&cat=p&typeid=i","cat":284544},{"id":142498,"n":"Demi-éclairs aux fruits x6 - 230g","p":4.49,"u":"19,52 €/KG","img":"https://fd9-photos.leclercdrive.fr/image.ashx?id=2439347&use=l&cat=p&typeid=i","cat":284360},{"id":142522,"n":"Ananas Del Monte en morceaux - 350g","p":2.39,"u":"6,83 €/KG","img":"https://fd9-photos.leclercdrive.fr/image.ashx?id=2029403&use=l&cat=p&typeid=i","cat":284507},{"id":142675,"n":"Single malt scotch whisky Glen Moray Sherry avec étui 70cl","p":22.99,"u":"32,84 €/L","img":"https://fd9-photos.leclercdrive.fr/image.ashx?id=2999321&use=l&cat=p&typeid=i","cat":284547},{"id":142974,"n":"Filet de maquereaux Pêche Océan Fumé poivre - 150g","p":2.52,"u":"16,80 €/KG","img":"https://fd9-photos.leclercdrive.fr/image.ashx?id=2863051&use=l&cat=p&typeid=i","cat":284342},{"id":142977,"n":"Yaourts Délisse Aux fruits exotiques - 8x125g","p":2.35,"u":"2,35 €/KG","img":"https://fd9-photos.leclercdrive.fr/image.ashx?id=2595540&use=l&cat=p&typeid=i","cat":284410},{"id":142999,"n":"Cassolette saint jacques Tipiak Royale - 2x110g","p":5.89,"u":"26,77 €/KG","img":"https://fd9-photos.leclercdrive.fr/image.ashx?id=2798096&use=l&cat=p&typeid=i","cat":319775},{"id":143001,"n":"Dosettes café Plantation CLassique - x60 - 416g","p":6.09,"u":"14,64 €/KG","img":"https://fd9-photos.leclercdrive.fr/image.ashx?id=2824289&use=l&cat=p&typeid=i","cat":293238},{"id":143023,"n":"Beef-Stick Vitakraft x4 - 48g","p":2.23,"u":"46,46 €/KG","img":"https://fd9-photos.leclercdrive.fr/image.ashx?id=2857686&use=l&cat=p&typeid=i","cat":294527},{"id":143037,"n":"Toast apéro Pasquier Campagne - 100g","p":1.55,"u":"15,50 €/KG","img":"https://fd9-photos.leclercdrive.fr/image.ashx?id=2600674&use=l&cat=p&typeid=i","cat":285454},{"id":143157,"n":"Biscottes Aixoises Très pauvres en sel - Roger - 280g","p":2.29,"u":"8,18 €/KG","img":"https://fd9-photos.leclercdrive.fr/image.ashx?id=2680131&use=l&cat=p&typeid=i","cat":284479},{"id":143211,"n":"Confit de figues Montfort Figues de Provence - 110g","p":3.2,"u":"29,09 €/KG","img":"https://fd9-photos.leclercdrive.fr/image.ashx?id=2326448&use=l&cat=p&typeid=i","cat":316008},{"id":143237,"n":"Piles Eco+ AAA/LR3 - x8","p":1.27,"img":"https://fd9-photos.leclercdrive.fr/image.ashx?id=2036221&use=l&cat=p&typeid=i","cat":300572},{"id":143238,"n":"Piles Eco+ AA/LR06 - x8","p":1.27,"img":"https://fd9-photos.leclercdrive.fr/image.ashx?id=2036224&use=l&cat=p&typeid=i","cat":300572},{"id":143344,"n":"Biscottes Eco+ 90 tranches - 750g","p":2.08,"u":"2,77 €/KG","img":"https://fd9-photos.leclercdrive.fr/image.ashx?id=2662580&use=l&cat=p&typeid=i","cat":284479},{"id":143345,"n":"Biscottes Epi d'Or x108 - 900g","p":2.52,"u":"2,80 €/KG","img":"https://fd9-photos.leclercdrive.fr/image.ashx?id=2532847&use=l&cat=p&typeid=i","cat":284479},{"id":143347,"n":"Boisson instantanée cacao Tablette d'Or - 400g","p":1.95,"u":"4,88 €/KG","img":"https://fd9-photos.leclercdrive.fr/image.ashx?id=2038717&use=l&cat=p&typeid=i","cat":293235},{"id":143460,"n":"Cassolettes St Jacques Tipiak Crème Sauternes - x2 - 220g","p":5.89,"u":"26,77 €/KG","img":"https://fd9-photos.leclercdrive.fr/image.ashx?id=2030018&use=l&cat=p&typeid=i","cat":319775},{"id":143478,"n":"Dessert liégeois Viennois  Chocolat - 4x100g","p":1.65,"u":"4,13 €/KG","img":"https://fd9-photos.leclercdrive.fr/image.ashx?id=2849689&use=l&cat=p&typeid=i","cat":285042},{"id":143528,"n":"Dessert liégeois Viennois  Panaché Chocolat Café - 8x100g","p":2.96,"u":"3,70 €/KG","img":"https://fd9-photos.leclercdrive.fr/image.ashx?id=2675298&use=l&cat=p&typeid=i","cat":285042},{"id":143602,"n":"Barres de céréales Grainéa Chocolat lait, noisette x6-126g","p":1.63,"u":"12,94 €/KG","img":"https://fd9-photos.leclercdrive.fr/image.ashx?id=2912875&use=l&cat=p&typeid=i","cat":285869},{"id":143605,"n":"Barre de céréales Chocolat au lait & coco - 126g","p":1.7,"u":"13,49 €/KG","img":"https://fd9-photos.leclercdrive.fr/image.ashx?id=2912872&use=l&cat=p&typeid=i","cat":285869},{"id":143744,"n":"Chutney d'abricot Labeyrie 50g","p":1.51,"u":"30,20 €/KG","img":"https://fd9-photos.leclercdrive.fr/image.ashx?id=2185208&use=l&cat=p&typeid=i","cat":316008},{"id":143807,"n":"Foie gras canard Larnaudie Origine france entier - 220g","p":29.97,"u":"136,23 €/KG","img":"https://fd9-photos.leclercdrive.fr/image.ashx?id=2916779&use=l&cat=p&typeid=i","cat":316008},{"id":144222,"n":"Viande bovine Médaillon Charal Sauce aux Truffes - 240g","p":8.5,"u":"35,42 €/KG","img":"https://fd9-photos.leclercdrive.fr/image.ashx?id=2034316&use=l&cat=p&typeid=i","cat":327289},{"id":144223,"n":"Médaillons de Boeuf Charal Sauce au Foie Gras - 240g","p":8.5,"u":"35,42 €/KG","img":"https://fd9-photos.leclercdrive.fr/image.ashx?id=2034313&use=l&cat=p&typeid=i","cat":327289},{"id":144367,"n":"Copeaux savon Marseille  UNI VERT - 750g","p":3.9,"u":"5,20 €/KG","img":"https://fd9-photos.leclercdrive.fr/image.ashx?id=2574470&use=l&cat=p&typeid=i","cat":325365},{"id":144714,"n":"Chorizo de dinde Fleury Michon Halal - 100g","p":3.39,"u":"33,90 €/KG","img":"https://fd9-photos.leclercdrive.fr/image.ashx?id=2938707&use=l&cat=p&typeid=i","cat":316013},{"id":144764,"n":"Coffret Bière Bouffonne 2x33cl + 1 verre","p":8.9,"u":"13,48 €/L","img":"https://fd9-photos.leclercdrive.fr/image.ashx?id=2037517&use=l&cat=p&typeid=i","cat":334872},{"id":144773,"n":"Yaourt ferments lactiques Alsa 4 sachets - 8g","p":2.87,"u":"358,75 €/KG","img":"https://fd9-photos.leclercdrive.fr/image.ashx?id=2813875&use=l&cat=p&typeid=i","cat":284505},{"id":144781,"n":"Pizza XXL Turini Boeuf Cheddar - 530g","p":4.19,"u":"7,91 €/KG","img":"https://fd9-photos.leclercdrive.fr/image.ashx?id=2905934&use=l&cat=p&typeid=i","cat":333679},{"id":144834,"n":"Dosettes café Plantation  Corsé - x60 - 417g","p":5.79,"u":"13,88 €/KG","img":"https://fd9-photos.leclercdrive.fr/image.ashx?id=2824292&use=l&cat=p&typeid=i","cat":293238},{"id":144851,"n":"Mouse de foie de volaille Fleury Michon Halal - 180g","p":2.24,"u":"12,44 €/KG","img":"https://fd9-photos.leclercdrive.fr/image.ashx?id=3008086&use=l&cat=p&typeid=i","cat":316013},{"id":144865,"n":"Bière La Goudale IPA 7.2% - 75cl","p":3.81,"u":"5,08 €/L","img":"https://fd9-photos.leclercdrive.fr/image.ashx?id=2892589&use=l&cat=p&typeid=i","cat":334872},{"id":144922,"n":"AOC Bordeaux rosé Roumaguet - 75cl","p":4.45,"u":"5,93 €/L","img":"https://fd9-photos.leclercdrive.fr/image.ashx?id=2370110&use=l&cat=p&typeid=i","cat":289558},{"id":144928,"n":"Salami de dinde Fleury Michon Halal - 100g","p":3.33,"u":"33,30 €/KG","img":"https://fd9-photos.leclercdrive.fr/image.ashx?id=2959961&use=l&cat=p&typeid=i","cat":316013},{"id":144929,"n":"Yaourt brassé Perle de Lait Citron - 8x125g","p":3.64,"u":"3,64 €/KG","img":"https://fd9-photos.leclercdrive.fr/image.ashx?id=2990550&use=l&cat=p&typeid=i","cat":286006},{"id":145041,"n":"Dattes Couleurs Vives Moelleuses - 250g","p":1.99,"u":"7,96 €/KG","img":"https://fd9-photos.leclercdrive.fr/image.ashx?id=2543938&use=l&cat=p&typeid=i","cat":284357},{"id":145056,"n":"Duo raclette Le Montagnon Lait cru et morbier - 2x200g","p":9.99,"u":"24,98 €/KG","img":"https://fd9-photos.leclercdrive.fr/image.ashx?id=2595251&use=l&cat=p&typeid=i","cat":314036},{"id":145117,"n":"Coupe-ongles Mercurochrome 1 pièce","p":3.78,"img":"https://fd9-photos.leclercdrive.fr/image.ashx?id=2665616&use=l&cat=p&typeid=i","cat":325354},{"id":145120,"n":"Préservatifs Classic Lubrifiés - x14","p":4.42,"img":"https://fd9-photos.leclercdrive.fr/image.ashx?id=2848704&use=l&cat=p&typeid=i","cat":284631},{"id":145121,"n":"Préservatifs Classic Intimy Lubrifiés - x28","p":9.44,"u":"0,34 €/P","img":"https://fd9-photos.leclercdrive.fr/image.ashx?id=2927324&use=l&cat=p&typeid=i","cat":284631},{"id":145130,"n":"Rasoir Gillette Skinguard Sensitive aloé vera - 1 pièce","p":13.15,"img":"https://fd9-photos.leclercdrive.fr/image.ashx?id=2569914&use=l&cat=p&typeid=i","cat":284616},{"id":145185,"n":"Pommes de terre Raclette micro-ondable - 500g","p":2.29,"u":"4,58 €/KG","img":"https://fd9-photos.leclercdrive.fr/image.ashx?id=2040149&use=l&cat=p&typeid=i","cat":284352},{"id":145205,"n":"Eau de roses Christian Lenart 200ml","p":3.89,"u":"19,45 €/L","img":"https://fd9-photos.leclercdrive.fr/image.ashx?id=2036140&use=l&cat=p&typeid=i","cat":284603},{"id":145209,"n":"Pomme de terre grenailles bio Bio Village - 750g","p":1.99,"u":"2,65 €/KG","img":"https://fd9-photos.leclercdrive.fr/image.ashx?id=2960574&use=l&cat=p&typeid=i","cat":284352},{"id":145217,"n":"Préservatifs Durex Confort XXL Extra Large Forme Droite x10","p":6.52,"u":"0,65 €/P","img":"https://fd9-photos.leclercdrive.fr/image.ashx?id=2862119&use=l&cat=p&typeid=i","cat":284631},{"id":145245,"n":"Pansements Mercurochrome Cors-portection - x12","p":4.56,"u":"0,38 €/P","img":"https://fd9-photos.leclercdrive.fr/image.ashx?id=2785829&use=l&cat=p&typeid=i","cat":284630},{"id":145246,"n":"Pansement liquide Mercurochrome Petites coupures - 1 pièce","p":7.53,"img":"https://fd9-photos.leclercdrive.fr/image.ashx?id=2663971&use=l&cat=p&typeid=i","cat":284630},{"id":145255,"n":"Ciseaux à ongles Mercurochrome 1 pièce","p":4.49,"img":"https://fd9-photos.leclercdrive.fr/image.ashx?id=2788493&use=l&cat=p&typeid=i","cat":325354},{"id":145269,"n":"Feuilletés Tomate Mozzarella Côté Table - 2x130g","p":2.89,"u":"11,12 €/KG","img":"https://fd9-photos.leclercdrive.fr/image.ashx?id=2958665&use=l&cat=p&typeid=i","cat":333671},{"id":145410,"n":"Amandes grillées Couleurs Vives Décortiquées - non salé - 250g","p":3.47,"u":"13,88 €/KG","img":"https://fd9-photos.leclercdrive.fr/image.ashx?id=2542929&use=l&cat=p&typeid=i","cat":284357},{"id":145513,"n":"Fond de veau Kubor Maggi Dégraissé - 100g","p":2.39,"u":"23,90 €/KG","img":"https://fd9-photos.leclercdrive.fr/image.ashx?id=2917540&use=l&cat=p&typeid=i","cat":288379},{"id":145516,"n":"Gourde bébé bio Bio Village Pomme poire vanille - 4x90g","p":2.79,"u":"7,75 €/KG","img":"https://fd9-photos.leclercdrive.fr/image.ashx?id=2704867&use=l&cat=p&typeid=i","cat":312393},{"id":145556,"n":"Crêpes Whaou Chocolat cracky - x15 - 480g","p":3.98,"u":"8,29 €/KG","img":"https://fd9-photos.leclercdrive.fr/image.ashx?id=2971032&use=l&cat=p&typeid=i","cat":284494},{"id":145559,"n":"Fond de volaille Maggi 110g","p":2.39,"u":"21,73 €/KG","img":"https://fd9-photos.leclercdrive.fr/image.ashx?id=2917549&use=l&cat=p&typeid=i","cat":288379},{"id":145563,"n":"Sirop d'érable bio Bio Village 250g","p":4.15,"u":"16,60 €/KG","img":"https://fd9-photos.leclercdrive.fr/image.ashx?id=2480054&use=l&cat=p&typeid=i","cat":287643},{"id":145700,"n":"Tartiflette Côté Table 900g","p":4.55,"u":"5,06 €/KG","img":"https://fd9-photos.leclercdrive.fr/image.ashx?id=2991142&use=l&cat=p&typeid=i","cat":284254},{"id":145876,"n":"Pain de Seigle Tranché 350g","p":1.65,"u":"4,71 €/KG","img":"https://fd9-photos.leclercdrive.fr/image.ashx?id=2062846&use=l&cat=p&typeid=i","cat":284359},{"id":145877,"n":"Pain au seigle  350GR","p":1.65,"u":"4,71 €/KG","img":"https://fd9-photos.leclercdrive.fr/image.ashx?id=2062849&use=l&cat=p&typeid=i","cat":284359},{"id":145881,"n":"Coulis de tomate NRT De Provence - 400g","p":1.31,"u":"3,28 €/KG","img":"https://fd9-photos.leclercdrive.fr/image.ashx?id=2840001&use=l&cat=p&typeid=i","cat":288384},{"id":145883,"n":"Sauce Provencale NRT Aux tomates - 400g","p":1.92,"u":"4,80 €/KG","img":"https://fd9-photos.leclercdrive.fr/image.ashx?id=2840004&use=l&cat=p&typeid=i","cat":288384},{"id":145901,"n":"Film fraîcheur Albal Découpe Facile - 20m","p":2.11,"img":"https://fd9-photos.leclercdrive.fr/image.ashx?id=2551456&use=l&cat=p&typeid=i","cat":334134},{"id":146060,"n":"Gazpacho L'Original Alvalle 1L","p":3.45,"u":"3,45 €/L","img":"https://fd9-photos.leclercdrive.fr/image.ashx?id=2672047&use=l&cat=p&typeid=i","cat":284355},{"id":146134,"n":"Eau gazeuse San pellegrino  Minérale naturelle - 75cl","p":2.74,"u":"3,65 €/L","img":"https://fd9-photos.leclercdrive.fr/image.ashx?id=2503181&use=l&cat=p&typeid=i","cat":284536},{"id":146366,"n":"Quiche Lorraine Marie Pur beurre - 400g","p":3.46,"u":"8,65 €/KG","img":"https://fd9-photos.leclercdrive.fr/image.ashx?id=2996674&use=l&cat=p&typeid=i","cat":284257},{"id":146412,"n":"Infusion bio Jardin Bio Digestion légère x20 - 30g","p":2.69,"u":"89,67 €/KG","img":"https://fd9-photos.leclercdrive.fr/image.ashx?id=2792603&use=l&cat=p&typeid=i","cat":293234},{"id":146413,"n":"Infusion bio Jardin Bio Détente sommeil x20 - 30g","p":2.62,"u":"87,33 €/KG","img":"https://fd9-photos.leclercdrive.fr/image.ashx?id=3011449&use=l&cat=p&typeid=i","cat":293234},{"id":146415,"n":"Infusion Jardin Bio Bio digestion - x20 - 30g","p":2.63,"u":"87,67 €/KG","img":"https://fd9-photos.leclercdrive.fr/image.ashx?id=2792615&use=l&cat=p&typeid=i","cat":293234},{"id":146417,"n":"Infusion Jardin Bio Bio Thym citron - 30g - x20","p":2.67,"u":"89,00 €/KG","img":"https://fd9-photos.leclercdrive.fr/image.ashx?id=2792621&use=l&cat=p&typeid=i","cat":293234},{"id":146418,"n":"Infusion Jardin Bio Bio ventre plat - x20 - 30g","p":2.64,"u":"88,00 €/KG","img":"https://fd9-photos.leclercdrive.fr/image.ashx?id=2986564&use=l&cat=p&typeid=i","cat":293234},{"id":146419,"n":"Infusion Jardin Bio Bio bruleur de graisse x20 -30g","p":2.39,"u":"79,67 €/KG","img":"https://fd9-photos.leclercdrive.fr/image.ashx?id=2968322&use=l&cat=p&typeid=i","cat":293234},{"id":146421,"n":"Infusion Jardin Bio Bio detox - x20 - 30g","p":2.2,"u":"73,33 €/KG","img":"https://fd9-photos.leclercdrive.fr/image.ashx?id=2792630&use=l&cat=p&typeid=i","cat":293234},{"id":146422,"n":"Thé vert Jardin Bio Bio minceur - x20 - 30g","p":2.16,"u":"72,00 €/KG","img":"https://fd9-photos.leclercdrive.fr/image.ashx?id=2948066&use=l&cat=p&typeid=i","cat":293233},{"id":146425,"n":"Thé Jardin Bio Bio détox - x20 - 30g","p":2.11,"u":"70,33 €/KG","img":"https://fd9-photos.leclercdrive.fr/image.ashx?id=2578205&use=l&cat=p&typeid=i","cat":293233},{"id":146426,"n":"Thé vert bio Jardin Bio Gingembre citron vert x20 - 30g","p":2.52,"u":"84,00 €/KG","img":"https://fd9-photos.leclercdrive.fr/image.ashx?id=3011452&use=l&cat=p&typeid=i","cat":293233},{"id":146541,"n":"Shampooing éclaircissant  John Frida Go Blonder - 250ml","p":5.91,"u":"23,64 €/L","img":"https://fd9-photos.leclercdrive.fr/image.ashx?id=2585229&use=l&cat=p&typeid=i","cat":284606},{"id":146708,"n":"Boulettes au porc & boeuf Bigard Gourmandes x15 - 375g","p":6.5,"u":"17,33 €/KG","img":"https://fd9-photos.leclercdrive.fr/image.ashx?id=2208339&use=l&cat=p&typeid=i","cat":284332},{"id":146735,"n":"Haricots verts Bonduelle Extra fins - 220g","p":1.23,"u":"5,59 €/KG","img":"https://fd9-photos.leclercdrive.fr/image.ashx?id=3008074&use=l&cat=p&typeid=i","cat":312606},{"id":146739,"n":"Maïs Bonduelle Sans Résidu Pesticides - 3x140g","p":2.31,"u":"5,50 €/KG","img":"https://fd9-photos.leclercdrive.fr/image.ashx?id=2913133&use=l&cat=p&typeid=i","cat":312611},{"id":146740,"n":"Petits Pois Bonduelle Sans Arôme Ajouté 560g","p":2.05,"u":"3,66 €/KG","img":"https://fd9-photos.leclercdrive.fr/image.ashx?id=2939256&use=l&cat=p&typeid=i","cat":312607},{"id":146916,"n":"Préparation alsa Crème Pâtissière - 390g","p":2.84,"u":"7,28 €/KG","img":"https://fd9-photos.leclercdrive.fr/image.ashx?id=3007990&use=l&cat=p&typeid=i","cat":284505},{"id":146929,"n":"Piles rechargeables Duracell 750mAH AAA/LR03 - x4","p":14.35,"u":"3,59 €/P","img":"https://fd9-photos.leclercdrive.fr/image.ashx?id=2429488&use=l&cat=p&typeid=i","cat":300572},{"id":146930,"n":"Piles rechargeabls Duracell 130mAH AA/LR06 - x4","p":15.55,"u":"3,89 €/P","img":"https://fd9-photos.leclercdrive.fr/image.ashx?id=2862830&use=l&cat=p&typeid=i","cat":300572},{"id":146955,"n":"Fuet nature Del Pais 160g","p":2.87,"u":"17,94 €/KG","img":"https://fd9-photos.leclercdrive.fr/image.ashx?id=2047789&use=l&cat=p&typeid=i","cat":316006},{"id":147002,"n":"Feuilleté de Mousse La Laitière Chocolat - 4x57g","p":1.77,"u":"7,76 €/KG","img":"https://fd9-photos.leclercdrive.fr/image.ashx?id=2858594&use=l&cat=p&typeid=i","cat":284417},{"id":147003,"n":"Feuilleté de Mousse La Laitière Vanille - 4x57g","p":1.77,"u":"7,76 €/KG","img":"https://fd9-photos.leclercdrive.fr/image.ashx?id=2764511&use=l&cat=p&typeid=i","cat":284417},{"id":147009,"n":"Chewing-gum Mentos Pure Fresh  Fraise sans sucres - 100g","p":4.3,"u":"43,00 €/KG","img":"https://fd9-photos.leclercdrive.fr/image.ashx?id=2659804&use=l&cat=p&typeid=i","cat":304251},{"id":147024,"n":"Raviolis farcis Ajinomoto Gyoza poulet légumes - 400g","p":6.11,"u":"15,28 €/KG","img":"https://fd9-photos.leclercdrive.fr/image.ashx?id=2590294&use=l&cat=p&typeid=i","cat":284254},{"id":147026,"n":"Raviolis farcis Ajinomoto Gyoza crevettes - 400g","p":6.05,"u":"15,13 €/KG","img":"https://fd9-photos.leclercdrive.fr/image.ashx?id=2590297&use=l&cat=p&typeid=i","cat":284254},{"id":147067,"n":"Gyoza Boeuf et Légumes Ajinomoto - 212g","p":4.21,"u":"19,86 €/KG","img":"https://fd9-photos.leclercdrive.fr/image.ashx?id=2590628&use=l&cat=p&typeid=i","cat":319774},{"id":147076,"n":"Bouillon Cube Maggi Volaille - 80g","p":1.07,"u":"13,38 €/KG","img":"https://fd9-photos.leclercdrive.fr/image.ashx?id=2737036&use=l&cat=p&typeid=i","cat":288379},{"id":147119,"n":"Lave glace Tech 9 -20°C - 5L","p":5.99,"u":"1,20 €/L","img":"https://fd9-photos.leclercdrive.fr/image.ashx?id=2054896&use=l&cat=p&typeid=i","cat":298252},{"id":147127,"n":"Spray dégraissant Clair Savon noir - 750ml","p":2.05,"u":"2,73 €/L","img":"https://fd9-photos.leclercdrive.fr/image.ashx?id=2840389&use=l&cat=p&typeid=i","cat":325357},{"id":147141,"n":"Xtrem Box Sodebo Radiatori Lardons Raclette 400g","p":4.23,"u":"10,58 €/KG","img":"https://fd9-photos.leclercdrive.fr/image.ashx?id=2631594&use=l&cat=p&typeid=i","cat":334983},{"id":147189,"n":"Filet de poulet Maitre Coq Jaune - Nourri au maïs - 720g","p":10.99,"u":"15,26 €/KG","img":"https://fd9-photos.leclercdrive.fr/image.ashx?id=2855142&use=l&cat=p&typeid=i","cat":284336},{"id":147200,"n":"Escargot de Bourgogne surgelé L'origine du goût x24 - 220g","p":11.99,"u":"54,50 €/KG","img":"https://fd9-photos.leclercdrive.fr/image.ashx?id=2672966&use=l&cat=p&typeid=i","cat":319775},{"id":147224,"n":"Capsules Nescafé Dolce Gusto  Espresso - x30","p":7.59,"u":"46,00 €/KG","img":"https://fd9-photos.leclercdrive.fr/image.ashx?id=2737105&use=l&cat=p&typeid=i","cat":293239},{"id":147225,"n":"Pâtes Risetti Panzani 500g","p":1.45,"u":"2,90 €/KG","img":"https://fd9-photos.leclercdrive.fr/image.ashx?id=2878774&use=l&cat=p&typeid=i","cat":284427},{"id":147246,"n":"Bonbons au miel NRT De Vendée - 200g","p":2.6,"u":"13,00 €/KG","img":"https://fd9-photos.leclercdrive.fr/image.ashx?id=2771423&use=l&cat=p&typeid=i","cat":304252},{"id":147248,"n":"Muesli  Grainea chocolat Noisette 350g","p":2.84,"u":"8,11 €/KG","img":"https://fd9-photos.leclercdrive.fr/image.ashx?id=2077358&use=l&cat=p&typeid=i","cat":309512},{"id":147250,"n":"Préparation Flan Entremets alsa Vanille - 192g","p":1.47,"u":"7,66 €/KG","img":"https://fd9-photos.leclercdrive.fr/image.ashx?id=2805117&use=l&cat=p&typeid=i","cat":284504},{"id":147254,"n":"Confiture Eco+ Fraise - 450g","p":1.14,"u":"2,53 €/KG","img":"https://fd9-photos.leclercdrive.fr/image.ashx?id=2953200&use=l&cat=p&typeid=i","cat":284480},{"id":147262,"n":"Edulcorant Purevia Spécial Pâtisserie - 380g","p":5.09,"u":"13,39 €/KG","img":"https://fd9-photos.leclercdrive.fr/image.ashx?id=2417306&use=l&cat=p&typeid=i","cat":324846},{"id":147263,"n":"Filets maquereaux Petit Navire Moutarde - 3x169g","p":5.48,"u":"10,81 €/KG","img":"https://fd9-photos.leclercdrive.fr/image.ashx?id=2522638&use=l&cat=p&typeid=i","cat":303868},{"id":147286,"n":"Croquette pour chat Plénima Poulet - 600g","p":2.45,"u":"4,08 €/KG","img":"https://fd9-photos.leclercdrive.fr/image.ashx?id=2047114&use=l&cat=p&typeid=i","cat":284680},{"id":147296,"n":"Gourde Bio Village - 6 mois Bio - 6x90g","p":4.39,"u":"8,13 €/KG","img":"https://fd9-photos.leclercdrive.fr/image.ashx?id=2704879&use=l&cat=p&typeid=i","cat":312393},{"id":147306,"n":"Dos de Cabillaud de Atlantique MSC Marès x4 - 400g","p":8.68,"u":"21,70 €/KG","img":"https://fd9-photos.leclercdrive.fr/image.ashx?id=3002138&use=l&cat=p&typeid=i","cat":319786},{"id":147420,"n":"Knacks d'Alsace  L'Atelier Charcuterie - 300g","p":3.8,"u":"12,67 €/KG","img":"https://fd9-photos.leclercdrive.fr/image.ashx?id=2989772&use=l&cat=p&typeid=i","cat":316012},{"id":147421,"n":"Saucisse de Morteau à cuire L'Atelier Charcuterie - 350g","p":5.89,"u":"16,83 €/KG","img":"https://fd9-photos.leclercdrive.fr/image.ashx?id=2068076&use=l&cat=p&typeid=i","cat":316012},{"id":147422,"n":"Bière Brewdog Punk IPA 33cl","p":2.47,"u":"7,48 €/L","img":"https://fd9-photos.leclercdrive.fr/image.ashx?id=2941859&use=l&cat=p&typeid=i","cat":334872},{"id":147438,"n":"Tablette chocolat Milka Chocolat au lait - 5x100g","p":7.31,"u":"14,62 €/KG","img":"https://fd9-photos.leclercdrive.fr/image.ashx?id=2955203&use=l&cat=p&typeid=i","cat":284497},{"id":147441,"n":"Pochons Tous mes amis 4x100g","p":1.49,"u":"3,73 €/KG","img":"https://fd9-photos.leclercdrive.fr/image.ashx?id=2055346&use=l&cat=p&typeid=i","cat":284673},{"id":147442,"n":"Pochons Tous mes amis Sauce viande - 12x100g","p":3.65,"u":"3,04 €/KG","img":"https://fd9-photos.leclercdrive.fr/image.ashx?id=2054993&use=l&cat=p&typeid=i","cat":288578},{"id":147443,"n":"Stick torsades Tous mes amis x4 - 70g","p":0.72,"u":"10,29 €/KG","img":"https://fd9-photos.leclercdrive.fr/image.ashx?id=2361733&use=l&cat=p&typeid=i","cat":294527},{"id":147449,"n":"Granola Grainea Chocolat noir amandes - 350g","p":2.75,"u":"7,86 €/KG","img":"https://fd9-photos.leclercdrive.fr/image.ashx?id=2611949&use=l&cat=p&typeid=i","cat":309512},{"id":147454,"n":"Granola Grainea 350g","p":2.64,"u":"7,54 €/KG","img":"https://fd9-photos.leclercdrive.fr/image.ashx?id=2568340&use=l&cat=p&typeid=i","cat":309512},{"id":147455,"n":"Capsules café Plantation Décaféiné n°5 - x30 - 156g","p":5.19,"u":"33,27 €/KG","img":"https://fd9-photos.leclercdrive.fr/image.ashx?id=2874741&use=l&cat=p&typeid=i","cat":284749},{"id":147456,"n":"Capsules café Plantation Ristretto n°12 - x30 - 156g","p":5.19,"u":"33,27 €/KG","img":"https://fd9-photos.leclercdrive.fr/image.ashx?id=2867263&use=l&cat=p&typeid=i","cat":284749},{"id":147464,"n":"Infusion bien-être Jardin Bio Bio x20 - 28g","p":2.52,"u":"90,00 €/KG","img":"https://fd9-photos.leclercdrive.fr/image.ashx?id=2792606&use=l&cat=p&typeid=i","cat":293234},{"id":147465,"n":"Infusion Jardin Bio Bio calme & Sérénité x20 - 30g","p":2.46,"u":"82,00 €/KG","img":"https://fd9-photos.leclercdrive.fr/image.ashx?id=2792618&use=l&cat=p&typeid=i","cat":293234},{"id":147472,"n":"Eponge maxi 1 pièce","p":2.29,"img":"https://fd9-photos.leclercdrive.fr/image.ashx?id=2068381&use=l&cat=p&typeid=i","cat":298252},{"id":147474,"n":"Coupe ongles Primoplast 1 pièce","p":2.0,"img":"https://fd9-photos.leclercdrive.fr/image.ashx?id=2833008&use=l&cat=p&typeid=i","cat":325354},{"id":147487,"n":"Noix de Pécan grillée sans sel Daco Bello 125g","p":4.57,"u":"36,56 €/KG","img":"https://fd9-photos.leclercdrive.fr/image.ashx?id=2298553&use=l&cat=p&typeid=i","cat":284448},{"id":147519,"n":"Moulin poivre Ducros 35g","p":3.27,"u":"93,43 €/KG","img":"https://fd9-photos.leclercdrive.fr/image.ashx?id=2498678&use=l&cat=p&typeid=i","cat":284457},{"id":147529,"n":"Blocs WC Eco + Parfum pin - 3x40g","p":1.17,"u":"9,75 €/KG","img":"https://fd9-photos.leclercdrive.fr/image.ashx?id=2849560&use=l&cat=p&typeid=i","cat":284662},{"id":147531,"n":"Bain moussant Eco + Pêche - 750ml","p":0.56,"u":"0,75 €/L","img":"https://fd9-photos.leclercdrive.fr/image.ashx?id=2779175&use=l&cat=p&typeid=i","cat":284594},{"id":147533,"n":"Dentifrice arôme menthe Eco + 125ml","p":0.73,"u":"5,84 €/L","img":"https://fd9-photos.leclercdrive.fr/image.ashx?id=2776277&use=l&cat=p&typeid=i","cat":284612},{"id":147536,"n":"Liquide vaisselle Eco + Concentré citron - 500ml","p":0.46,"u":"0,92 €/L","img":"https://fd9-photos.leclercdrive.fr/image.ashx?id=2861407&use=l&cat=p&typeid=i","cat":284655},{"id":147537,"n":"Nettoyant ménager Eco + Citron - 2L","p":1.11,"u":"0,56 €/L","img":"https://fd9-photos.leclercdrive.fr/image.ashx?id=2946148&use=l&cat=p&typeid=i","cat":284907},{"id":147539,"n":"Capsules café Plantation Café au lait - x16 - 152g","p":3.29,"u":"21,64 €/KG","img":"https://fd9-photos.leclercdrive.fr/image.ashx?id=2649750&use=l&cat=p&typeid=i","cat":293239},{"id":147543,"n":"Gel WC détartrant Eco + Citron - 750ml","p":0.64,"u":"0,85 €/L","img":"https://fd9-photos.leclercdrive.fr/image.ashx?id=2836304&use=l&cat=p&typeid=i","cat":284662},{"id":147545,"n":"Pastilles anti-calcaire Eco + x20","p":1.25,"u":"0,06 €/P","img":"https://fd9-photos.leclercdrive.fr/image.ashx?id=2603853&use=l&cat=p&typeid=i","cat":284653},{"id":147550,"n":"Nettoyant vitres Eco + 1L","p":0.76,"u":"0,76 €/L","img":"https://fd9-photos.leclercdrive.fr/image.ashx?id=2834993&use=l&cat=p&typeid=i","cat":325363},{"id":147626,"n":"Couches Lotus Baby Douceur Naturelle Taille 4 - x37","p":12.7,"u":"0,34 €/P","img":"https://fd9-photos.leclercdrive.fr/image.ashx?id=2914768&use=l&cat=p&typeid=i","cat":284737},{"id":147627,"n":"Couches Lotus Baby Douceur Naturelle Taille 4+ - x35","p":12.7,"u":"0,36 €/P","img":"https://fd9-photos.leclercdrive.fr/image.ashx?id=2912617&use=l&cat=p&typeid=i","cat":284737},{"id":147644,"n":"Sake ginjo ichidai misen 70cl","p":18.79,"u":"26,84 €/L","img":"https://fd9-photos.leclercdrive.fr/image.ashx?id=2571680&use=l&cat=p&typeid=i","cat":286032},{"id":147676,"n":"Tarte aux pommes 6/8 parts 600g","p":4.2,"u":"7,00 €/KG","img":"https://fd9-photos.leclercdrive.fr/image.ashx?id=2055377&use=l&cat=p&typeid=i","cat":284360},{"id":147678,"n":"Rillettes de saumon Ronde des Mers - 125g","p":1.58,"u":"12,64 €/KG","img":"https://fd9-photos.leclercdrive.fr/image.ashx?id=2436708&use=l&cat=p&typeid=i","cat":305147},{"id":147692,"n":"Fond pour rôtis Maggi 110g","p":2.39,"u":"21,73 €/KG","img":"https://fd9-photos.leclercdrive.fr/image.ashx?id=2917543&use=l&cat=p&typeid=i","cat":288379},{"id":148013,"n":"Bocal d'artichauts Notre jardin Grillés - 115g","p":1.99,"u":"17,30 €/KG","img":"https://fd9-photos.leclercdrive.fr/image.ashx?id=2578641&use=l&cat=p&typeid=i","cat":312611},{"id":148037,"n":"Purée de tomates italiennes 700g","p":1.78,"u":"2,54 €/KG","img":"https://fd9-photos.leclercdrive.fr/image.ashx?id=3011680&use=l&cat=p&typeid=i","cat":289010},{"id":148050,"n":"Ravioles au Fromage de chèvre et ciboulette Saint Jean 310g","p":3.44,"u":"11,10 €/KG","img":"https://fd9-photos.leclercdrive.fr/image.ashx?id=2487698&use=l&cat=p&typeid=i","cat":333682},{"id":148077,"n":"Jambon de Savoie L'Atelier Charcuterie - 100g","p":2.99,"u":"29,90 €/KG","img":"https://fd9-photos.leclercdrive.fr/image.ashx?id=2395826&use=l&cat=p&typeid=i","cat":316007},{"id":148078,"n":"Jambon de Vendée IGP LR  L'Atelier Charcuterie - 100g","p":2.99,"u":"29,90 €/KG","img":"https://fd9-photos.leclercdrive.fr/image.ashx?id=2068073&use=l&cat=p&typeid=i","cat":316007},{"id":148079,"n":"Saucisson d'Auvergne IGP NRT L'Atelier Charcuterie LR - 100g","p":2.3,"u":"23,00 €/KG","img":"https://fd9-photos.leclercdrive.fr/image.ashx?id=2071230&use=l&cat=p&typeid=i","cat":316007},{"id":148084,"n":"Mortadella bologna IGP L'Atelier Charcuterie - 100g","p":1.99,"u":"19,90 €/KG","img":"https://fd9-photos.leclercdrive.fr/image.ashx?id=2999652&use=l&cat=p&typeid=i","cat":316007},{"id":148095,"n":"Coppa di parma IGP L'Atelier Charcuterie - 100g","p":3.45,"u":"34,50 €/KG","img":"https://fd9-photos.leclercdrive.fr/image.ashx?id=2068735&use=l&cat=p&typeid=i","cat":316007},{"id":148096,"n":"Jambon de Bayonne IGP  L'Atelier charcuterie - 100g","p":3.33,"u":"33,30 €/KG","img":"https://fd9-photos.leclercdrive.fr/image.ashx?id=2913787&use=l&cat=p&typeid=i","cat":316007},{"id":148098,"n":"Gel crème bio So Bio Aloe Vera - 50ml","p":10.93,"u":"218,60 €/L","img":"https://fd9-photos.leclercdrive.fr/image.ashx?id=2052670&use=l&cat=p&typeid=i","cat":325345},{"id":148105,"n":"Viande des grisons IGP L'Atelier Charcuterie - 80g","p":5.49,"u":"68,63 €/KG","img":"https://fd9-photos.leclercdrive.fr/image.ashx?id=2856648&use=l&cat=p&typeid=i","cat":316007},{"id":148107,"n":"Pavé au poivre Label Rouge L'Atelier Charcuterie - 100g","p":1.99,"u":"22,11 €/KG","img":"https://fd9-photos.leclercdrive.fr/image.ashx?id=2856651&use=l&cat=p&typeid=i","cat":316007},{"id":148112,"n":"Démaquillant yeux waterproof Le petit olivier - 125ml","p":3.99,"u":"31,92 €/L","img":"https://fd9-photos.leclercdrive.fr/image.ashx?id=2865848&use=l&cat=p&typeid=i","cat":284603},{"id":148117,"n":"Rosette tranchée Label Rouge L'Atelier Charcuterie - 100g","p":1.79,"u":"17,90 €/KG","img":"https://fd9-photos.leclercdrive.fr/image.ashx?id=2856654&use=l&cat=p&typeid=i","cat":316007},{"id":148120,"n":"Jambon serrano IGP L'Atelier Charcuterie - 120g","p":4.0,"u":"33,33 €/KG","img":"https://fd9-photos.leclercdrive.fr/image.ashx?id=2867931&use=l&cat=p&typeid=i","cat":316007},{"id":148121,"n":"Assiette charcuterie Italienne L'Atelier Charcuterie - 180G","p":5.29,"img":"https://fd9-photos.leclercdrive.fr/image.ashx?id=2856663&use=l&cat=p&typeid=i","cat":316007},{"id":148124,"n":"Datte ravier Favorite Deglet nour - 500g","p":2.05,"u":"4,10 €/KG","img":"https://fd9-photos.leclercdrive.fr/image.ashx?id=2730610&use=l&cat=p&typeid=i","cat":284357},{"id":148273,"n":"Vin UE La villageoise rouge A cuisiner 6x25cl -1.5l","p":5.04,"u":"3,36 €/L","img":"https://fd9-photos.leclercdrive.fr/image.ashx?id=2617858&use=l&cat=p&typeid=i","cat":289556},{"id":148291,"n":"Bière Aromatisée Grimbergen Rouge 5,5° - 6x25cl","p":5.27,"u":"3,51 €/L","img":"https://fd9-photos.leclercdrive.fr/image.ashx?id=2873327&use=l&cat=p&typeid=i","cat":334878},{"id":148341,"n":"Spray hygiène du nez Prorhinel à l'aloe vera - enfant - 100ml","p":5.79,"u":"57,90 €/L","img":"https://fd9-photos.leclercdrive.fr/image.ashx?id=2917858&use=l&cat=p&typeid=i","cat":284630},{"id":148384,"n":"Donut nappé chocolat 180g","p":1.39,"u":"7,72 €/KG","img":"https://fd9-photos.leclercdrive.fr/image.ashx?id=2590707&use=l&cat=p&typeid=i","cat":284495},{"id":148406,"n":"Gel intime Intimy Classic - 150ml","p":7.12,"u":"47,47 €/L","img":"https://fd9-photos.leclercdrive.fr/image.ashx?id=2537980&use=l&cat=p&typeid=i","cat":285160},{"id":148413,"n":"Lames Gillette Skinguard -  10 pièces","p":30.77,"u":"3,08 €/P","img":"https://fd9-photos.leclercdrive.fr/image.ashx?id=2171884&use=l&cat=p&typeid=i","cat":284616},{"id":148509,"n":"Café Liégeois Vanille Saporit x2 - 180g","p":4.12,"u":"22,89 €/KG","img":"https://fd9-photos.leclercdrive.fr/image.ashx?id=2296670&use=l&cat=p&typeid=i","cat":284266},{"id":148510,"n":"Glace coppa Saporit Caramel Beurre Salé x2 - 180g","p":4.19,"u":"23,28 €/KG","img":"https://fd9-photos.leclercdrive.fr/image.ashx?id=2296667&use=l&cat=p&typeid=i","cat":284263},{"id":148511,"n":"Glace coppa Saporit Amarena vanille x2 - 180g","p":4.21,"u":"23,39 €/KG","img":"https://fd9-photos.leclercdrive.fr/image.ashx?id=2296664&use=l&cat=p&typeid=i","cat":284263},{"id":148534,"n":"Crème colorante Eugène Color et Eclat n°4 châtain acajou - x1","p":3.97,"img":"https://fd9-photos.leclercdrive.fr/image.ashx?id=2476452&use=l&cat=p&typeid=i","cat":288899},{"id":148604,"n":"Amande en poudre Holyfruits 500g","p":6.96,"pp":5.57,"u":"11,14 €/KG","img":"https://fd9-photos.leclercdrive.fr/image.ashx?id=2620344&use=l&cat=p&typeid=i","cat":284504},{"id":148743,"n":"Galette moelleuse Saint Michel Chocolat au lait - 180g","p":2.0,"u":"11,11 €/KG","img":"https://fd9-photos.leclercdrive.fr/image.ashx?id=2936248&use=l&cat=p&typeid=i","cat":284495},{"id":148744,"n":"Galette moelleuse Saint Michel Chocolat blanc - 180g","p":2.12,"u":"11,78 €/KG","img":"https://fd9-photos.leclercdrive.fr/image.ashx?id=2949976&use=l&cat=p&typeid=i","cat":284487},{"id":148749,"n":"Coloration Eugène Color & Eclat n°78 Marron Praliné - 1 pièce","p":4.18,"img":"https://fd9-photos.leclercdrive.fr/image.ashx?id=2476449&use=l&cat=p&typeid=i","cat":288899},{"id":148773,"n":"Préservatifs Intimy Intense lubrifiés - x28","p":10.67,"u":"0,38 €/P","img":"https://fd9-photos.leclercdrive.fr/image.ashx?id=2927327&use=l&cat=p&typeid=i","cat":284631},{"id":148774,"n":"Préservatifs Intimy Taille XL lubrifiés - x14","p":6.07,"u":"0,43 €/P","img":"https://fd9-photos.leclercdrive.fr/image.ashx?id=2926329&use=l&cat=p&typeid=i","cat":284631},{"id":148779,"n":"Pince à ongles Mercurochrome 1 pièce","p":6.48,"img":"https://fd9-photos.leclercdrive.fr/image.ashx?id=2788496&use=l&cat=p&typeid=i","cat":325354},{"id":148957,"n":"Pavé saumon Eco+ MSC - x2 - 250g","p":3.07,"u":"12,28 €/KG","img":"https://fd9-photos.leclercdrive.fr/image.ashx?id=2819920&use=l&cat=p&typeid=i","cat":319786},{"id":148966,"n":"Boisson coco Bio Bjorg Sans sucre ajouté - 1L","p":2.33,"u":"2,33 €/L","img":"https://fd9-photos.leclercdrive.fr/image.ashx?id=2972991&use=l&cat=p&typeid=i","cat":316067},{"id":149067,"n":"boisson végétale lait de coco sans sucre alpro - 1l","p":2.18,"u":"2,18 €/L","img":"https://fd9-photos.leclercdrive.fr/image.ashx?id=2849244&use=l&cat=p&typeid=i","cat":316067},{"id":149084,"n":"Purée au fromage Florette Emmental - 2x200g","p":2.84,"u":"7,10 €/KG","img":"https://fd9-photos.leclercdrive.fr/image.ashx?id=2767702&use=l&cat=p&typeid=i","cat":333665},{"id":149087,"n":"Mini bouchées feuilletées  3 Toques x12 - 66g","p":1.64,"u":"24,85 €/KG","img":"https://fd9-photos.leclercdrive.fr/image.ashx?id=2066431&use=l&cat=p&typeid=i","cat":284505},{"id":149327,"n":"Microfibres pour vitre x1","p":3.45,"img":"https://fd9-photos.leclercdrive.fr/image.ashx?id=2068351&use=l&cat=p&typeid=i","cat":298252},{"id":149329,"n":"Chiffon anti buée x1","p":1.85,"img":"https://fd9-photos.leclercdrive.fr/image.ashx?id=2068357&use=l&cat=p&typeid=i","cat":298252},{"id":149340,"n":"Microfibre de lustrage x1","p":3.95,"img":"https://fd9-photos.leclercdrive.fr/image.ashx?id=2068387&use=l&cat=p&typeid=i","cat":298252},{"id":149342,"n":"Brosse anti poils d'animaux x1","p":5.5,"img":"https://fd9-photos.leclercdrive.fr/image.ashx?id=2068354&use=l&cat=p&typeid=i","cat":298252},{"id":149344,"n":"Microfibre de séchage x1","p":4.59,"img":"https://fd9-photos.leclercdrive.fr/image.ashx?id=2068384&use=l&cat=p&typeid=i","cat":298252},{"id":149349,"n":"Liqueur Amer Fernet Branca 39° - 70cl","p":22.42,"u":"32,03 €/L","img":"https://fd9-photos.leclercdrive.fr/image.ashx?id=2433783&use=l&cat=p&typeid=i","cat":286032},{"id":149365,"n":"Raclette lave vitre 2en1 Avec cote demoustiquant","p":3.95,"img":"https://fd9-photos.leclercdrive.fr/image.ashx?id=2068408&use=l&cat=p&typeid=i","cat":298252},{"id":149380,"n":"Sauce tomates et olives Mutti - 400g","p":2.73,"u":"6,83 €/KG","img":"https://fd9-photos.leclercdrive.fr/image.ashx?id=2855436&use=l&cat=p&typeid=i","cat":288384},{"id":149396,"n":"Lave glace TECH9 Démoustiquant - 5L","p":3.89,"u":"0,78 €/L","img":"https://fd9-photos.leclercdrive.fr/image.ashx?id=2162699&use=l&cat=p&typeid=i","cat":298252},{"id":149423,"n":"Boisson à base de vin blanc pêche Fruits & Wine - 75cl","p":2.39,"u":"3,19 €/L","img":"https://fd9-photos.leclercdrive.fr/image.ashx?id=2093454&use=l&cat=p&typeid=i","cat":304569},{"id":149428,"n":"Boisson à base de vin rosé  Pamplemousse - 7.5% vol - 75cl","p":2.92,"u":"3,89 €/L","img":"https://fd9-photos.leclercdrive.fr/image.ashx?id=2958525&use=l&cat=p&typeid=i","cat":304569},{"id":149465,"n":"Brosse à Dents Signal Soin Gencives Souple x4","p":3.0,"u":"0,75 €/P","img":"https://fd9-photos.leclercdrive.fr/image.ashx?id=2964234&use=l&cat=p&typeid=i","cat":284614},{"id":149782,"n":"Soin léger nuit So Bio Etic Anti-âge bio - 50ml","p":8.47,"u":"169,40 €/L","img":"https://fd9-photos.leclercdrive.fr/image.ashx?id=2792699&use=l&cat=p&typeid=i","cat":325345},{"id":149800,"n":"Crème de jour bio N.A.E. Mature - Pot 50ml","p":12.03,"u":"240,60 €/L","img":"https://fd9-photos.leclercdrive.fr/image.ashx?id=2450730&use=l&cat=p&typeid=i","cat":325345},{"id":149805,"n":"Crème Pieds Anti-Crevasses Talons 24h - Lot de 2 x 60 ml","p":6.85,"u":"57,08 €/L","img":"https://fd9-photos.leclercdrive.fr/image.ashx?id=2061807&use=l&cat=p&typeid=i","cat":325354},{"id":149817,"n":"Rouleau Râpe Velvet Smooth Ultra Exfoliant Pieds - x2","p":13.99,"u":"7,00 €/P","img":"https://fd9-photos.leclercdrive.fr/image.ashx?id=2628404&use=l&cat=p&typeid=i","cat":325354},{"id":149819,"n":"Sérum Visage Correcteur Nivea Anti-taches Luminous - 30ml","p":16.73,"u":"557,67 €/L","img":"https://fd9-photos.leclercdrive.fr/image.ashx?id=2639720&use=l&cat=p&typeid=i","cat":325345},{"id":149853,"n":"Miettes généreuses de thon huile d'olive Le Savoureux 160g","p":3.03,"u":"18,94 €/KG","img":"https://fd9-photos.leclercdrive.fr/image.ashx?id=2167985&use=l&cat=p&typeid=i","cat":303867},{"id":149854,"n":"Dentifrice Elmex enfant 0-6ans Anti-caries - 75ml","p":3.82,"u":"50,93 €/L","img":"https://fd9-photos.leclercdrive.fr/image.ashx?id=2745289&use=l&cat=p&typeid=i","cat":288898},{"id":149875,"n":"Raclette lave-vitres x1","p":1.45,"img":"https://fd9-photos.leclercdrive.fr/image.ashx?id=2068838&use=l&cat=p&typeid=i","cat":298252},{"id":149922,"n":"Foie gras d'Oie du Périgord L'Origine du Goût Entier - 125g","p":17.95,"u":"143,60 €/KG","img":"https://fd9-photos.leclercdrive.fr/image.ashx?id=2791434&use=l&cat=p&typeid=i","cat":316008},{"id":149959,"n":"Eponge végétale Spontex Gros travaux - 1 pièce","p":2.72,"img":"https://fd9-photos.leclercdrive.fr/image.ashx?id=2648088&use=l&cat=p&typeid=i","cat":284667},{"id":150165,"n":"Muffins au chocolat Délices des 7 vallées - 4x75g","p":3.53,"u":"11,77 €/KG","img":"https://fd9-photos.leclercdrive.fr/image.ashx?id=2072310&use=l&cat=p&typeid=i","cat":285531},{"id":150167,"n":"Mini beignet au chocolat blanc Délices des 7 vallées - 8x25g","p":2.99,"u":"14,95 €/KG","img":"https://fd9-photos.leclercdrive.fr/image.ashx?id=2072319&use=l&cat=p&typeid=i","cat":284984},{"id":150229,"n":"Céleri Pierre Martinet rémoulade moutarde - 300g","p":1.8,"u":"6,00 €/KG","img":"https://fd9-photos.leclercdrive.fr/image.ashx?id=2733082&use=l&cat=p&typeid=i","cat":333657},{"id":150253,"n":"Poulet tandoori Fleury Michon Semoule petit legume - 280g","p":4.13,"u":"14,75 €/KG","img":"https://fd9-photos.leclercdrive.fr/image.ashx?id=2680692&use=l&cat=p&typeid=i","cat":333665},{"id":150255,"n":"Torti au surimi Pierre Martinet - 300g","p":1.83,"u":"6,10 €/KG","img":"https://fd9-photos.leclercdrive.fr/image.ashx?id=2613441&use=l&cat=p&typeid=i","cat":333657},{"id":150290,"n":"AOC Gaillac Saint Michel Blanc Perlé - 75 cl","p":4.75,"u":"6,33 €/L","img":"https://fd9-photos.leclercdrive.fr/image.ashx?id=2066581&use=l&cat=p&typeid=i","cat":289557},{"id":150485,"n":"Chocolat Pâtissier Lindt Noir - 70% cacao - 200g","p":2.96,"u":"14,80 €/KG","img":"https://fd9-photos.leclercdrive.fr/image.ashx?id=2730223&use=l&cat=p&typeid=i","cat":285562},{"id":150486,"n":"Chocolat Pâtissier Lindt Noir - 51% cacao - 200g","p":3.06,"u":"15,30 €/KG","img":"https://fd9-photos.leclercdrive.fr/image.ashx?id=2088726&use=l&cat=p&typeid=i","cat":285562},{"id":150488,"n":"Tartine pain campagne Pasquier - 180g","p":1.67,"u":"9,28 €/KG","img":"https://fd9-photos.leclercdrive.fr/image.ashx?id=2967028&use=l&cat=p&typeid=i","cat":285543},{"id":150552,"n":"Crème légère So Bio Nutri Coco bio - 50ml","p":9.59,"u":"191,80 €/L","img":"https://fd9-photos.leclercdrive.fr/image.ashx?id=2545421&use=l&cat=p&typeid=i","cat":325345},{"id":150576,"n":"Barre protéine noisette ISOSTAR  énergétique -3x35 - 105g","p":3.91,"u":"37,24 €/KG","img":"https://fd9-photos.leclercdrive.fr/image.ashx?id=2663425&use=l&cat=p&typeid=i","cat":318652},{"id":150589,"n":"Grissini Schar Sans gluten - 3x50g","p":3.49,"u":"23,27 €/KG","img":"https://fd9-photos.leclercdrive.fr/image.ashx?id=2337055&use=l&cat=p&typeid=i","cat":297000},{"id":150763,"n":"Imperméabilisant protecteur Cuir Daim Nubuck 250ml","p":2.68,"u":"10,72 €/L","img":"https://fd9-photos.leclercdrive.fr/image.ashx?id=2835208&use=l&cat=p&typeid=i","cat":285201},{"id":150788,"n":"HERTA Tendre Croc Jambon Fromage sans nitrite 200g x2","p":1.89,"u":"9,45 €/KG","img":"https://fd9-photos.leclercdrive.fr/image.ashx?id=2752885&use=l&cat=p&typeid=i","cat":333671},{"id":150789,"n":"Détartrant multi-usages Melitta 375ml","p":3.93,"u":"10,48 €/L","img":"https://fd9-photos.leclercdrive.fr/image.ashx?id=2871070&use=l&cat=p&typeid=i","cat":325362},{"id":150793,"n":"HERTA Tendre Croc Jambon Fromage sans nitrite 400g x4","p":3.58,"u":"8,95 €/KG","img":"https://fd9-photos.leclercdrive.fr/image.ashx?id=2070144&use=l&cat=p&typeid=i","cat":333671},{"id":150798,"n":"HERTA Tendre Croc Comté Jambon sans nitrite 200g x2","p":2.27,"u":"11,35 €/KG","img":"https://fd9-photos.leclercdrive.fr/image.ashx?id=2070147&use=l&cat=p&typeid=i","cat":333671},{"id":150799,"n":"HERTA Tendre Croc Jambon Fromg ss croûte ss nitrite 200g","p":2.21,"u":"11,05 €/KG","img":"https://fd9-photos.leclercdrive.fr/image.ashx?id=2070153&use=l&cat=p&typeid=i","cat":333671},{"id":151074,"n":"Papier toilette Renova  Magic 4D - x12","p":3.17,"u":"0,26 €/P","img":"https://fd9-photos.leclercdrive.fr/image.ashx?id=2736814&use=l&cat=p&typeid=i","cat":284634},{"id":151075,"n":"Essuie-tout Renova  Design - x4","p":2.35,"u":"0,59 €/P","img":"https://fd9-photos.leclercdrive.fr/image.ashx?id=2072790&use=l&cat=p&typeid=i","cat":284635},{"id":151132,"n":"Pistaches vertes émondées Daco Bello 100g","p":6.47,"u":"64,70 €/KG","img":"https://fd9-photos.leclercdrive.fr/image.ashx?id=2298535&use=l&cat=p&typeid=i","cat":316002},{"id":151169,"n":"Liégeois lait d'amande chocolat Andros - 4x90g","p":3.21,"u":"8,92 €/KG","img":"https://fd9-photos.leclercdrive.fr/image.ashx?id=2871985&use=l&cat=p&typeid=i","cat":316071},{"id":151170,"n":"Riz au lait Andros Coco vanille - 4x100g","p":3.22,"u":"8,05 €/KG","img":"https://fd9-photos.leclercdrive.fr/image.ashx?id=2872024&use=l&cat=p&typeid=i","cat":316071},{"id":151235,"n":"HERTA Blanc de poulet nature sans nitrite - 140g 4T","p":2.0,"u":"14,29 €/KG","img":"https://fd9-photos.leclercdrive.fr/image.ashx?id=2731348&use=l&cat=p&typeid=i","cat":316010},{"id":151290,"n":"Herta Blanc de poulet -25% de sel sans nitrite 140g 4T","p":2.33,"u":"16,64 €/KG","img":"https://fd9-photos.leclercdrive.fr/image.ashx?id=2307733&use=l&cat=p&typeid=i","cat":316010},{"id":151472,"n":"Fromage blanc Calin Extra Nature - 850g","p":2.4,"u":"2,82 €/KG","img":"https://fd9-photos.leclercdrive.fr/image.ashx?id=2973739&use=l&cat=p&typeid=i","cat":284409},{"id":151508,"n":"Colin MSC haché Yooji 6 mois - 120g","p":3.85,"u":"32,08 €/KG","img":"https://fd9-photos.leclercdrive.fr/image.ashx?id=2529072&use=l&cat=p&typeid=i","cat":290631},{"id":151523,"n":"Beurre de baratte Isigny  Demi-sel - 80% MG - 250g","p":3.25,"u":"13,00 €/KG","img":"https://fd9-photos.leclercdrive.fr/image.ashx?id=2580946&use=l&cat=p&typeid=i","cat":284379},{"id":151540,"n":"Crème nuit anti-rides N.A.E. Bio - 50ml","p":12.77,"u":"255,40 €/L","img":"https://fd9-photos.leclercdrive.fr/image.ashx?id=2450736&use=l&cat=p&typeid=i","cat":325345},{"id":151795,"n":"AOP Corbières rouge Hérésie - 75cl","p":7.5,"u":"10,00 €/L","img":"https://fd9-photos.leclercdrive.fr/image.ashx?id=2742138&use=l&cat=p&typeid=i","cat":289556},{"id":151799,"n":"IGP Pays d'OC Vin Rosé Un petit air de rosé - 75cl","p":4.07,"u":"5,43 €/L","img":"https://fd9-photos.leclercdrive.fr/image.ashx?id=2089325&use=l&cat=p&typeid=i","cat":289558},{"id":151813,"n":"AOP Côtes de Provence Blanc Grande récolte - 75cl","p":8.9,"u":"11,87 €/L","img":"https://fd9-photos.leclercdrive.fr/image.ashx?id=2089346&use=l&cat=p&typeid=i","cat":289557},{"id":151844,"n":"AOP Côtes de Provence rosé Clapière Terroir de Hyères 75cl","p":11.9,"u":"15,87 €/L","img":"https://fd9-photos.leclercdrive.fr/image.ashx?id=2462951&use=l&cat=p&typeid=i","cat":289558},{"id":151936,"n":"Yaourt brassé Bio Les 2 Vaches Vanille - 4x115g","p":2.04,"u":"4,43 €/KG","img":"https://fd9-photos.leclercdrive.fr/image.ashx?id=2571542&use=l&cat=p&typeid=i","cat":284410},{"id":151957,"n":"Poudre fondante L'Oréal Paris Accord Parfait 5D Sable doré","p":13.9,"img":"https://fd9-photos.leclercdrive.fr/image.ashx?id=2278055&use=l&cat=p&typeid=i","cat":287029},{"id":151959,"n":"Mascara Allongeant L'OréalParis Telescopic Carbone Noir","p":11.69,"img":"https://fd9-photos.leclercdrive.fr/image.ashx?id=2886178&use=l&cat=p&typeid=i","cat":287029},{"id":151961,"n":"Fond de Teint L'Oréal Paris Accord Parfait 3.5.N Pêche","p":13.9,"img":"https://fd9-photos.leclercdrive.fr/image.ashx?id=2108273&use=l&cat=p&typeid=i","cat":287029},{"id":151964,"n":"BB Crème Teintée L'Oréal Paris Nuance 04 médium - 30ml","p":12.5,"u":"416,67 €/L","img":"https://fd9-photos.leclercdrive.fr/image.ashx?id=3014551&use=l&cat=p&typeid=i","cat":287029},{"id":151966,"n":"Eyeliner Feutre L'Oréal Paris  Waterproof 01 Noir intense","p":9.85,"pp":6.5,"img":"https://fd9-photos.leclercdrive.fr/image.ashx?id=2370380&use=l&cat=p&typeid=i","cat":287029},{"id":151970,"n":"Vernis à ongles gel Maybelline Superstay 06 Rouge Profond","p":6.5,"img":"https://fd9-photos.leclercdrive.fr/image.ashx?id=2344978&use=l&cat=p&typeid=i","cat":325347},{"id":151971,"n":"Encre à lèvres mat Maybelline Superstay Matte Ink 20 Pioneer","p":12.56,"img":"https://fd9-photos.leclercdrive.fr/image.ashx?id=2423181&use=l&cat=p&typeid=i","cat":287029},{"id":151986,"n":"Gel Salle de bain & WC Glade Bois de Santal & Jasmin 180g","p":2.33,"img":"https://fd9-photos.leclercdrive.fr/image.ashx?id=2453613&use=l&cat=p&typeid=i","cat":311628},{"id":151996,"n":"Fromage enfant Kiri crème 24 portions à tartiner - 432g","p":4.92,"u":"0,21 €/P","img":"https://fd9-photos.leclercdrive.fr/image.ashx?id=2973568&use=l&cat=p&typeid=i","cat":314030},{"id":152001,"n":"Gnocchi à poêler Roll Lustucru  300g","p":1.76,"u":"5,87 €/KG","img":"https://fd9-photos.leclercdrive.fr/image.ashx?id=2792408&use=l&cat=p&typeid=i","cat":333682},{"id":152024,"n":"Cirage liquide noir La Vachette avec applicateur - 75ml","p":2.09,"u":"27,87 €/L","img":"https://fd9-photos.leclercdrive.fr/image.ashx?id=2075275&use=l&cat=p&typeid=i","cat":285201},{"id":152028,"n":"Quiches Lorraines L'Atelier Traiteur x2 - 280g","p":3.99,"u":"7,13 €/KG","img":"https://fd9-photos.leclercdrive.fr/image.ashx?id=2636272&use=l&cat=p&typeid=i","cat":333680},{"id":152041,"n":"Déodorant bille bio BionaÏa Eau coco/Aloe Vera - 50ml","p":1.35,"u":"27,00 €/L","img":"https://fd9-photos.leclercdrive.fr/image.ashx?id=2496964&use=l&cat=p&typeid=i","cat":284595},{"id":152045,"n":"Savon solide Manava Citron et basilic x2 - 200g","p":1.39,"u":"6,95 €/KG","img":"https://fd9-photos.leclercdrive.fr/image.ashx?id=2358345&use=l&cat=p&typeid=i","cat":284597},{"id":152051,"n":"Détachant avant lavage Texil 400ml","p":1.85,"u":"4,63 €/L","img":"https://fd9-photos.leclercdrive.fr/image.ashx?id=2988126&use=l&cat=p&typeid=i","cat":284651},{"id":152300,"n":"Liniment Love & Green Bio - 500ml","p":7.02,"u":"14,04 €/L","img":"https://fd9-photos.leclercdrive.fr/image.ashx?id=2735716&use=l&cat=p&typeid=i","cat":284741},{"id":152345,"n":"Crème nuit L'Oréal Paris Age perfect Golden Age - 50ml","p":11.97,"pp":7.9,"u":"158,00 €/L","img":"https://fd9-photos.leclercdrive.fr/image.ashx?id=2860358&use=l&cat=p&typeid=i","cat":325345},{"id":152348,"n":"Cure Age Perfect L'Oréal Paris Ampoules raffermissantes 7j-7ml","p":16.17,"img":"https://fd9-photos.leclercdrive.fr/image.ashx?id=2300566&use=l&cat=p&typeid=i","cat":325345},{"id":152349,"n":"Sérum nuit anti-âge L'Oréal Revitalift Rétinol Pur - 30ml","p":15.26,"u":"508,67 €/L","img":"https://fd9-photos.leclercdrive.fr/image.ashx?id=2867530&use=l&cat=p&typeid=i","cat":325345},{"id":152351,"n":"Crème jour Dermo Revitalift Anti-âge - 50ml","p":11.01,"u":"220,20 €/L","img":"https://fd9-photos.leclercdrive.fr/image.ashx?id=2867533&use=l&cat=p&typeid=i","cat":325345},{"id":152365,"n":"Crème éclat La Provençale Bio Jouvence Anti-Âge - 50ml","p":11.18,"u":"223,60 €/L","img":"https://fd9-photos.leclercdrive.fr/image.ashx?id=2948147&use=l&cat=p&typeid=i","cat":325345},{"id":152408,"n":"Compresses Mercurochrome Stériles Ultra-douces - x20","p":4.48,"u":"0,22 €/P","img":"https://fd9-photos.leclercdrive.fr/image.ashx?id=2663986&use=l&cat=p&typeid=i","cat":284630},{"id":152414,"n":"Crème hydratante Scholl Adoucissante - 75ml","p":4.75,"u":"63,33 €/L","img":"https://fd9-photos.leclercdrive.fr/image.ashx?id=2980884&use=l&cat=p&typeid=i","cat":325354},{"id":152420,"n":"Cryothérapie Mercurochrome Verrues pieds mains - 35ml","p":11.9,"u":"340,00 €/L","img":"https://fd9-photos.leclercdrive.fr/image.ashx?id=2693545&use=l&cat=p&typeid=i","cat":284630},{"id":152422,"n":"Coupe-ongles Scholl 1 pièce","p":5.84,"img":"https://fd9-photos.leclercdrive.fr/image.ashx?id=2981295&use=l&cat=p&typeid=i","cat":284630},{"id":152440,"n":"Gel Lubrifiant Massage 2 en 1 Durex Douceur Aloe Vera 200ml","p":7.73,"u":"38,65 €/L","img":"https://fd9-photos.leclercdrive.fr/image.ashx?id=2736556&use=l&cat=p&typeid=i","cat":285160},{"id":152473,"n":"Billes Chocolat au Lait KitKat Sachet - 400g","p":6.22,"u":"15,55 €/KG","img":"https://fd9-photos.leclercdrive.fr/image.ashx?id=2807087&use=l&cat=p&typeid=i","cat":304238},{"id":152502,"n":"Quatre-quart Ker Cadélac 500g","p":3.76,"u":"7,52 €/KG","img":"https://fd9-photos.leclercdrive.fr/image.ashx?id=2958848&use=l&cat=p&typeid=i","cat":294776},{"id":152505,"n":"Boisson végétale Bio Bjorg 1L","p":1.48,"u":"1,48 €/L","img":"https://fd9-photos.leclercdrive.fr/image.ashx?id=2972994&use=l&cat=p&typeid=i","cat":316067},{"id":152506,"n":"Boisson avoine Bio Bjorg Sans sucres - 1L","p":2.39,"u":"2,39 €/L","img":"https://fd9-photos.leclercdrive.fr/image.ashx?id=2939454&use=l&cat=p&typeid=i","cat":316067},{"id":152507,"n":"Charbon de bois Beaux Jours Qualité standard - 20L","p":6.29,"u":"0,31 €/L","img":"https://fd9-photos.leclercdrive.fr/image.ashx?id=2078368&use=l&cat=p&typeid=i","cat":335917},{"id":152510,"n":"Boisson végétale Bio Bjorg Avoine cacao - 1L","p":2.22,"u":"2,22 €/L","img":"https://fd9-photos.leclercdrive.fr/image.ashx?id=2939457&use=l&cat=p&typeid=i","cat":316067},{"id":152525,"n":"Céréales croustillant Bio Bjorg Chocolat lait - 450g","p":4.44,"u":"9,87 €/KG","img":"https://fd9-photos.leclercdrive.fr/image.ashx?id=2906223&use=l&cat=p&typeid=i","cat":309512},{"id":152576,"n":"Crêpes 1/2 lune Eco+ Jambon emmental - x20 - 1kg","p":2.31,"u":"2,31 €/KG","img":"https://fd9-photos.leclercdrive.fr/image.ashx?id=2698144&use=l&cat=p&typeid=i","cat":319776},{"id":152595,"n":"Barres chocolat Toblerone Chocolat au lait - 3x100g","p":4.37,"u":"14,57 €/KG","img":"https://fd9-photos.leclercdrive.fr/image.ashx?id=2078241&use=l&cat=p&typeid=i","cat":284498},{"id":152596,"n":"Câpres Maille Surfines - 85g","p":3.16,"u":"37,18 €/KG","img":"https://fd9-photos.leclercdrive.fr/image.ashx?id=2539674&use=l&cat=p&typeid=i","cat":284458},{"id":152610,"n":"Pasta Box Sodebo Fusilli à la Bolognaise - 330g","p":2.7,"u":"8,18 €/KG","img":"https://fd9-photos.leclercdrive.fr/image.ashx?id=2991996&use=l&cat=p&typeid=i","cat":334983},{"id":152612,"n":"Pasta Box Sodebo Fusilli à la Carbonara - 330g","p":2.52,"u":"7,64 €/KG","img":"https://fd9-photos.leclercdrive.fr/image.ashx?id=2919781&use=l&cat=p&typeid=i","cat":334983},{"id":152615,"n":"Pasta Box Sodebo Fusilli Fromages Italiens -330g","p":2.67,"u":"8,09 €/KG","img":"https://fd9-photos.leclercdrive.fr/image.ashx?id=2919784&use=l&cat=p&typeid=i","cat":334983},{"id":152616,"n":"Pasta Box Sodebo Fusilli Saumon - 280g","p":3.43,"u":"11,43 €/KG","img":"https://fd9-photos.leclercdrive.fr/image.ashx?id=2985078&use=l&cat=p&typeid=i","cat":334983},{"id":152617,"n":"Happy Cherry Haribo Sachet bonbons - 220g","p":2.04,"u":"9,27 €/KG","img":"https://fd9-photos.leclercdrive.fr/image.ashx?id=2984901&use=l&cat=p&typeid=i","cat":304250},{"id":152638,"n":"Pansement Mercurochrome Spécial doigts - x12","p":4.67,"u":"0,39 €/P","img":"https://fd9-photos.leclercdrive.fr/image.ashx?id=2862146&use=l&cat=p&typeid=i","cat":284630},{"id":152650,"n":"Pansements Mercurochrome Tissu-résistant - x40","p":5.03,"u":"0,13 €/P","img":"https://fd9-photos.leclercdrive.fr/image.ashx?id=2862149&use=l&cat=p&typeid=i","cat":284630},{"id":152736,"n":"Camembert Le Rustique Extra coulant - 240g","p":3.57,"u":"14,88 €/KG","img":"https://fd9-photos.leclercdrive.fr/image.ashx?id=2797479&use=l&cat=p&typeid=i","cat":314033},{"id":152774,"n":"Sauce Algérienne Heinz - 220g","p":1.7,"u":"7,73 €/KG","img":"https://fd9-photos.leclercdrive.fr/image.ashx?id=2926846&use=l&cat=p&typeid=i","cat":318431},{"id":152900,"n":"Spray désinfectant Steripan Antiseptique sans gaz - 100ml","p":3.64,"u":"36,40 €/L","img":"https://fd9-photos.leclercdrive.fr/image.ashx?id=2078754&use=l&cat=p&typeid=i","cat":284630},{"id":152903,"n":"Sparadrap Mercurochrome Résistant à l'eau - 7mx2,5cm","p":3.24,"img":"https://fd9-photos.leclercdrive.fr/image.ashx?id=2862155&use=l&cat=p&typeid=i","cat":284630},{"id":152908,"n":"Huile Mercurochrome d'amande douce raffinée - 100ml","p":4.7,"u":"47,00 €/L","img":"https://fd9-photos.leclercdrive.fr/image.ashx?id=2663983&use=l&cat=p&typeid=i","cat":284630},{"id":152940,"n":"Soin Mercurochrome ongles âbimés - 1 pièce","p":11.05,"img":"https://fd9-photos.leclercdrive.fr/image.ashx?id=2663995&use=l&cat=p&typeid=i","cat":284630},{"id":152955,"n":"Canettes Coca-Cola Sans sucre - 2 offerts - 20x33cl","p":9.75,"u":"1,48 €/L","img":"https://fd9-photos.leclercdrive.fr/image.ashx?id=3009005&use=l&cat=p&typeid=i","cat":284530},{"id":152984,"n":"AOP Prosecco rosé  Vilaveroni - 75cl","p":7.6,"u":"10,13 €/L","img":"https://fd9-photos.leclercdrive.fr/image.ashx?id=2492354&use=l&cat=p&typeid=i","cat":289558},{"id":153015,"n":"Cassonade pure canne Daddy 750g","p":2.28,"u":"3,04 €/KG","img":"https://fd9-photos.leclercdrive.fr/image.ashx?id=2944702&use=l&cat=p&typeid=i","cat":284502},{"id":153060,"n":"Cônes glacés Trium Vanille caramel - x6 - 432g","p":2.53,"u":"5,86 €/KG","img":"https://fd9-photos.leclercdrive.fr/image.ashx?id=2931835&use=l&cat=p&typeid=i","cat":284264},{"id":153061,"n":"Cônes glacés Trium Vanille fraise - x6 - 426g","p":1.69,"u":"3,97 €/KG","img":"https://fd9-photos.leclercdrive.fr/image.ashx?id=2931808&use=l&cat=p&typeid=i","cat":284264},{"id":153062,"n":"Cônes glacés Trium Vanille nougatine x6 - 402g","p":1.59,"u":"3,96 €/KG","img":"https://fd9-photos.leclercdrive.fr/image.ashx?id=2931805&use=l&cat=p&typeid=i","cat":284264},{"id":153069,"n":"Cônes glacés Trium Rhum raisins - x6 - 414g","p":2.43,"u":"5,87 €/KG","img":"https://fd9-photos.leclercdrive.fr/image.ashx?id=2079185&use=l&cat=p&typeid=i","cat":284264},{"id":153070,"n":"Cônes glacés Trium Menthe chocolat x6 - 414g","p":2.19,"u":"5,29 €/KG","img":"https://fd9-photos.leclercdrive.fr/image.ashx?id=2931826&use=l&cat=p&typeid=i","cat":284264},{"id":153071,"n":"Cônes glacés Trium Crème brulée - x6 - 426g","p":2.52,"u":"5,92 €/KG","img":"https://fd9-photos.leclercdrive.fr/image.ashx?id=2931820&use=l&cat=p&typeid=i","cat":284264},{"id":153073,"n":"Cônes glacés Trium Vanille chocolat - x6 - 426g","p":1.93,"u":"4,53 €/KG","img":"https://fd9-photos.leclercdrive.fr/image.ashx?id=2931817&use=l&cat=p&typeid=i","cat":284264},{"id":153074,"n":"Cônes glacés Trium Citron framboise x6 - 456g","p":2.67,"u":"5,86 €/KG","img":"https://fd9-photos.leclercdrive.fr/image.ashx?id=2931811&use=l&cat=p&typeid=i","cat":284264},{"id":153075,"n":"Cônes glacés Trium Chocolat pistaches - x6 - 402g","p":1.99,"u":"4,95 €/KG","img":"https://fd9-photos.leclercdrive.fr/image.ashx?id=2909909&use=l&cat=p&typeid=i","cat":284264},{"id":153108,"n":"Rhum blanc Clement 50° - 1L","p":18.12,"u":"18,12 €/L","img":"https://fd9-photos.leclercdrive.fr/image.ashx?id=2093244&use=l&cat=p&typeid=i","cat":284550},{"id":153147,"n":"Jambon Supérieur Fleury Michon sans nitrite x8 - 280g","p":4.48,"u":"16,00 €/KG","img":"https://fd9-photos.leclercdrive.fr/image.ashx?id=2889481&use=l&cat=p&typeid=i","cat":316009},{"id":153151,"n":"Jambon Supérieur Fleury Michon sans nitrite x4 - 140g","p":2.16,"u":"15,43 €/KG","img":"https://fd9-photos.leclercdrive.fr/image.ashx?id=2889475&use=l&cat=p&typeid=i","cat":316009},{"id":153152,"n":"Jambon Supérieur Fleury Michon sans nitrite x2 - 70g","p":1.94,"u":"27,71 €/KG","img":"https://fd9-photos.leclercdrive.fr/image.ashx?id=2889472&use=l&cat=p&typeid=i","cat":316009},{"id":153153,"n":"Jambon Supérieur Fleury Michon -25% sel sans nitrite- x2 - 70g","p":2.13,"u":"30,43 €/KG","img":"https://fd9-photos.leclercdrive.fr/image.ashx?id=2889484&use=l&cat=p&typeid=i","cat":316009},{"id":153154,"n":"Jambon Supérieur Fleury Michon -25% sel sans nitrite x6 - 210g","p":4.28,"u":"20,38 €/KG","img":"https://fd9-photos.leclercdrive.fr/image.ashx?id=2889487&use=l&cat=p&typeid=i","cat":316009},{"id":153155,"n":"Jambon Supérieur Fleury Michon -25% sel sans nitrite x4 - 140g","p":2.98,"u":"21,29 €/KG","img":"https://fd9-photos.leclercdrive.fr/image.ashx?id=2905399&use=l&cat=p&typeid=i","cat":316009},{"id":153158,"n":"Jambon Simplement Bon Fleury  Michon -25% de sel - x6 - 210g","p":2.94,"u":"14,00 €/KG","img":"https://fd9-photos.leclercdrive.fr/image.ashx?id=2842696&use=l&cat=p&typeid=i","cat":316009},{"id":153159,"n":"Jambon Simplement Bon Fleury  Michon -25% de sel x4 - 140g","p":2.38,"u":"17,00 €/KG","img":"https://fd9-photos.leclercdrive.fr/image.ashx?id=2843385&use=l&cat=p&typeid=i","cat":316009},{"id":153164,"n":"Jambon  Simplement Bon Fleury  Michon x4 - 160g","p":2.18,"u":"13,63 €/KG","img":"https://fd9-photos.leclercdrive.fr/image.ashx?id=2843147&use=l&cat=p&typeid=i","cat":316009},{"id":153165,"n":"Jambon Fleury Michon Simplement  Bio sans nitrite - x4 - 120g","p":4.9,"u":"40,83 €/KG","img":"https://fd9-photos.leclercdrive.fr/image.ashx?id=2959040&use=l&cat=p&typeid=i","cat":316009},{"id":153166,"n":"Jambon Simplement Bon Fleury Michon - x6 - 240g","p":2.52,"u":"10,50 €/KG","img":"https://fd9-photos.leclercdrive.fr/image.ashx?id=2843150&use=l&cat=p&typeid=i","cat":316009},{"id":153167,"n":"Jambon Simplement Bon  Fleury Michon - x8 - 320g","p":3.98,"u":"12,44 €/KG","img":"https://fd9-photos.leclercdrive.fr/image.ashx?id=3008383&use=l&cat=p&typeid=i","cat":316009},{"id":153229,"n":"Mayonnaise de Dijon Amora Tube - 175g","p":1.42,"u":"8,11 €/KG","img":"https://fd9-photos.leclercdrive.fr/image.ashx?id=2082711&use=l&cat=p&typeid=i","cat":298295},{"id":153241,"n":"Blanc de poulet Fleury Michon doré au four - x8 - 240g","p":2.28,"u":"9,50 €/KG","img":"https://fd9-photos.leclercdrive.fr/image.ashx?id=2962845&use=l&cat=p&typeid=i","cat":316010},{"id":153242,"n":"Ketchup Amora  468g","p":2.01,"u":"4,29 €/KG","img":"https://fd9-photos.leclercdrive.fr/image.ashx?id=2766628&use=l&cat=p&typeid=i","cat":284455},{"id":153248,"n":"Rôti de porc Fleury Michon Extra tendre - x4 - 160g","p":3.33,"u":"20,81 €/KG","img":"https://fd9-photos.leclercdrive.fr/image.ashx?id=2314050&use=l&cat=p&typeid=i","cat":316009},{"id":153250,"n":"Rapé de jambon Fleury Michon fumé - 2x75g","p":2.14,"u":"14,27 €/KG","img":"https://fd9-photos.leclercdrive.fr/image.ashx?id=2662706&use=l&cat=p&typeid=i","cat":316011},{"id":153252,"n":"Tartinable de chèvre frais L'Atelier Fromagerie - 125g","p":2.15,"u":"17,20 €/KG","img":"https://fd9-photos.leclercdrive.fr/image.ashx?id=2999739&use=l&cat=p&typeid=i","cat":314036},{"id":153313,"n":"Gateau Savane Brossard Pocket chocolat - x7  210g","p":2.25,"u":"10,71 €/KG","img":"https://fd9-photos.leclercdrive.fr/image.ashx?id=2870722&use=l&cat=p&typeid=i","cat":284495},{"id":153328,"n":"Gâteaux fourrés Napolitain LU Chocolat - 180g","p":1.54,"u":"8,56 €/KG","img":"https://fd9-photos.leclercdrive.fr/image.ashx?id=3002225&use=l&cat=p&typeid=i","cat":284495},{"id":153369,"n":"Tissus d'entretien Serpillère x1","p":4.55,"img":"https://fd9-photos.leclercdrive.fr/image.ashx?id=2463615&use=l&cat=p&typeid=i","cat":284669},{"id":153929,"n":"Bûche de chèvre frais cendrée L'Atelier Fromagerie - 200g","p":3.19,"u":"15,95 €/KG","img":"https://fd9-photos.leclercdrive.fr/image.ashx?id=2999646&use=l&cat=p&typeid=i","cat":314036},{"id":155004,"n":"Petits Pots Praliné Nuciola 2x160ml","p":4.06,"u":"12,69 €/L","img":"https://fd9-photos.leclercdrive.fr/image.ashx?id=2094826&use=l&cat=p&typeid=i","cat":284725},{"id":155005,"n":"Petits Pots Vanille Canistrelli 2x160ml","p":4.0,"u":"12,50 €/L","img":"https://fd9-photos.leclercdrive.fr/image.ashx?id=2094829&use=l&cat=p&typeid=i","cat":284725},{"id":155102,"n":"Céréales Babybio- Dès 6 mois  Bio 3 Céréales nature  - 220g","p":2.81,"u":"12,77 €/KG","img":"https://fd9-photos.leclercdrive.fr/image.ashx?id=2733259&use=l&cat=p&typeid=i","cat":312225},{"id":155123,"n":"Biscuits fourrés  BN Fraises - 285g","p":1.35,"u":"4,74 €/KG","img":"https://fd9-photos.leclercdrive.fr/image.ashx?id=2878804&use=l&cat=p&typeid=i","cat":284489},{"id":155134,"n":"Knacki original Herta x4 - 140g","p":1.46,"u":"10,43 €/KG","img":"https://fd9-photos.leclercdrive.fr/image.ashx?id=2289840&use=l&cat=p&typeid=i","cat":316012},{"id":155244,"n":"Mini cônes Extrême  Vanille  - 8x39g","p":3.96,"u":"12,69 €/KG","img":"https://fd9-photos.leclercdrive.fr/image.ashx?id=2737741&use=l&cat=p&typeid=i","cat":284264},{"id":155292,"n":"IGP Méditerranée Vin Rosé Bio La Roveria - 75cl","p":4.08,"u":"5,44 €/L","img":"https://fd9-photos.leclercdrive.fr/image.ashx?id=2105665&use=l&cat=p&typeid=i","cat":289558},{"id":155295,"n":"Préparation Cookies alsa Pépites de Chocolat - 240g","p":2.19,"u":"9,13 €/KG","img":"https://fd9-photos.leclercdrive.fr/image.ashx?id=2996446&use=l&cat=p&typeid=i","cat":284505},{"id":155297,"n":"Oeufs frais Parole d'Eleveurs !  x20","p":5.03,"u":"0,25 €/P","img":"https://fd9-photos.leclercdrive.fr/image.ashx?id=2978856&use=l&cat=p&typeid=i","cat":284378},{"id":155300,"n":"Capsules Starbucks by Nespresso  Italian Style Int 11 - x10","p":3.24,"u":"57,86 €/KG","img":"https://fd9-photos.leclercdrive.fr/image.ashx?id=2654068&use=l&cat=p&typeid=i","cat":284749},{"id":155301,"n":"Biscuit BN chocolat 285g","p":1.29,"u":"4,53 €/KG","img":"https://fd9-photos.leclercdrive.fr/image.ashx?id=2810705&use=l&cat=p&typeid=i","cat":284488},{"id":155302,"n":"Biscuits BN casse croute 400g","p":1.46,"u":"3,65 €/KG","img":"https://fd9-photos.leclercdrive.fr/image.ashx?id=2503900&use=l&cat=p&typeid=i","cat":284491},{"id":155303,"n":"Briochettes Pasquier x12 - 480g","p":2.39,"u":"4,98 €/KG","img":"https://fd9-photos.leclercdrive.fr/image.ashx?id=2417857&use=l&cat=p&typeid=i","cat":284478},{"id":155383,"n":"Piles Duracell LR54","p":3.96,"img":"https://fd9-photos.leclercdrive.fr/image.ashx?id=2422571&use=l&cat=p&typeid=i","cat":300572},{"id":155393,"n":"Thon naturel MSC Petit Navire 2x112g","p":5.29,"u":"23,62 €/KG","img":"https://fd9-photos.leclercdrive.fr/image.ashx?id=2226265&use=l&cat=p&typeid=i","cat":303867},{"id":155411,"n":"Chewing-gum Mentos Pure Fresh  Cerise sans sucres - 100g","p":3.28,"u":"32,80 €/KG","img":"https://fd9-photos.leclercdrive.fr/image.ashx?id=2659807&use=l&cat=p&typeid=i","cat":304251},{"id":155439,"n":"Seau Serpillère France Elephant x1","p":7.87,"img":"https://fd9-photos.leclercdrive.fr/image.ashx?id=2575543&use=l&cat=p&typeid=i","cat":284669},{"id":155440,"n":"Essoreur design France Elephant - x1","p":3.58,"img":"https://fd9-photos.leclercdrive.fr/image.ashx?id=2570421&use=l&cat=p&typeid=i","cat":284669},{"id":155441,"n":"Tissus d'entretien Elephant x10","p":5.95,"img":"https://fd9-photos.leclercdrive.fr/image.ashx?id=2570418&use=l&cat=p&typeid=i","cat":325364},{"id":155472,"n":"Chopes à bière 2 x 55cl","p":4.58,"u":"2,29 €/P","img":"https://fd9-photos.leclercdrive.fr/image.ashx?id=2118138&use=l&cat=p&typeid=i","cat":334134},{"id":155474,"n":"Flûtes Elegance 3 x 18cl","p":5.3,"img":"https://fd9-photos.leclercdrive.fr/image.ashx?id=2118141&use=l&cat=p&typeid=i","cat":334134},{"id":155521,"n":"Fond de teint Rimmel Stay Matte transparent 001","p":7.57,"img":"https://fd9-photos.leclercdrive.fr/image.ashx?id=2108345&use=l&cat=p&typeid=i","cat":287029},{"id":155522,"n":"Eyeliner Glam'eyes Rimmel Liquide 001 Black Glamour 3,5ml","p":7.77,"img":"https://fd9-photos.leclercdrive.fr/image.ashx?id=2108348&use=l&cat=p&typeid=i","cat":287029},{"id":155525,"n":"Poudre matifiante Rimmel Stay Matte 005 Silky Beige 14g","p":6.68,"u":"477,14 €/KG","img":"https://fd9-photos.leclercdrive.fr/image.ashx?id=2108354&use=l&cat=p&typeid=i","cat":287029},{"id":155528,"n":"Eyeliner Rimmel Glam Eyes liquide Black","p":7.27,"img":"https://fd9-photos.leclercdrive.fr/image.ashx?id=2108360&use=l&cat=p&typeid=i","cat":287029},{"id":155537,"n":"Poudre pressée Rimmel Silky Beige - x1","p":7.28,"img":"https://fd9-photos.leclercdrive.fr/image.ashx?id=2108357&use=l&cat=p&typeid=i","cat":287029},{"id":155538,"n":"Vernis à ongles Rimmel Super gel 043 Venus 12ml - x1","p":5.47,"img":"https://fd9-photos.leclercdrive.fr/image.ashx?id=2108369&use=l&cat=p&typeid=i","cat":325347},{"id":155546,"n":"Assiettes dessert 17cm Blanc sans film PE - x50","p":2.69,"u":"0,05 €/P","img":"https://fd9-photos.leclercdrive.fr/image.ashx?id=2096688&use=l&cat=p&typeid=i","cat":334134},{"id":155577,"n":"Olives vertes dénoyautées à l'ail Tropic Apéro - 450g","p":4.44,"u":"9,87 €/KG","img":"https://fd9-photos.leclercdrive.fr/image.ashx?id=2794433&use=l&cat=p&typeid=i","cat":316002},{"id":155686,"n":"Apéritif sans alcool anisé Cristal 100 Limiinana - 1L","p":5.27,"u":"5,27 €/L","img":"https://fd9-photos.leclercdrive.fr/image.ashx?id=2842600&use=l&cat=p&typeid=i","cat":284548},{"id":155717,"n":"Sauce apéritif  Doritos Goût salsa douce -280g","p":2.49,"u":"8,89 €/KG","img":"https://fd9-photos.leclercdrive.fr/image.ashx?id=3014476&use=l&cat=p&typeid=i","cat":284451},{"id":155772,"n":"Spray Détachant à Sec Vanish  500ml","p":5.0,"u":"10,00 €/L","img":"https://fd9-photos.leclercdrive.fr/image.ashx?id=2680410&use=l&cat=p&typeid=i","cat":284651},{"id":155791,"n":"AOP Côtes du Rhône Villages Sablet Rouge Saint Antoine-75cl","p":6.19,"u":"8,25 €/L","img":"https://fd9-photos.leclercdrive.fr/image.ashx?id=2734750&use=l&cat=p&typeid=i","cat":289556},{"id":155795,"n":"Soda Coca-Cola - SANS SUCRES Canette - 6x33cl","p":3.37,"u":"1,70 €/L","img":"https://fd9-photos.leclercdrive.fr/image.ashx?id=2736805&use=l&cat=p&typeid=i","cat":284530},{"id":155829,"n":"Salade laitue verte 1p","p":1.19,"img":"https://fd9-photos.leclercdrive.fr/image.ashx?id=1633040&use=l&cat=p&typeid=i","cat":284352},{"id":155892,"n":"Blanc de Poulet Le Gaulois Sans nitrites x4 - 160g","p":2.02,"u":"12,63 €/KG","img":"https://fd9-photos.leclercdrive.fr/image.ashx?id=2962620&use=l&cat=p&typeid=i","cat":316010},{"id":155894,"n":"Blanc de Dinde Le Gaulois Sans nitrites x4 tranches -160g","p":1.99,"u":"12,44 €/KG","img":"https://fd9-photos.leclercdrive.fr/image.ashx?id=2962623&use=l&cat=p&typeid=i","cat":316010},{"id":155900,"n":"Boisson aux Fruits Jafun Tropical - 10x20cl","p":3.2,"u":"1,60 €/L","img":"https://fd9-photos.leclercdrive.fr/image.ashx?id=2992567&use=l&cat=p&typeid=i","cat":295018},{"id":155904,"n":"Cure-dents Homeside x120","p":0.4,"img":"https://fd9-photos.leclercdrive.fr/image.ashx?id=2118069&use=l&cat=p&typeid=i","cat":334135},{"id":155909,"n":"Bac à glaçons souple x1","p":2.5,"img":"https://fd9-photos.leclercdrive.fr/image.ashx?id=2118072&use=l&cat=p&typeid=i","cat":334135},{"id":155912,"n":"Ficelle sur carte dévidoir 60m - x1","p":2.0,"img":"https://fd9-photos.leclercdrive.fr/image.ashx?id=2118093&use=l&cat=p&typeid=i","cat":334135},{"id":155913,"n":"Brochette 15cm x75","p":0.67,"img":"https://fd9-photos.leclercdrive.fr/image.ashx?id=2118066&use=l&cat=p&typeid=i","cat":334135},{"id":155914,"n":"Spatule trendy x1","p":3.9,"img":"https://fd9-photos.leclercdrive.fr/image.ashx?id=2118102&use=l&cat=p&typeid=i","cat":334135},{"id":155916,"n":"Eplucheur trendy x1","p":3.5,"img":"https://fd9-photos.leclercdrive.fr/image.ashx?id=2118099&use=l&cat=p&typeid=i","cat":334135},{"id":155917,"n":"Bol pâtissier inox x1","p":6.9,"img":"https://fd9-photos.leclercdrive.fr/image.ashx?id=2118078&use=l&cat=p&typeid=i","cat":334135},{"id":155919,"n":"Sauteuse 24cm Tefal tous feux sauf induction x1","p":25.67,"img":"https://fd9-photos.leclercdrive.fr/image.ashx?id=2112767&use=l&cat=p&typeid=i","cat":298490},{"id":155931,"n":"Assiette mico-ondable Disney Reine des Neiges x1","p":3.0,"img":"https://fd9-photos.leclercdrive.fr/image.ashx?id=2115457&use=l&cat=p&typeid=i","cat":334134},{"id":155934,"n":"Verre Disney Reines des Nieges x1","p":1.51,"img":"https://fd9-photos.leclercdrive.fr/image.ashx?id=2115460&use=l&cat=p&typeid=i","cat":334134},{"id":155965,"n":"Tasse en verre 33cl","p":2.0,"img":"https://fd9-photos.leclercdrive.fr/image.ashx?id=2118036&use=l&cat=p&typeid=i","cat":334134},{"id":156020,"n":"Soda Sprite Canette - 6x33cl","p":3.52,"u":"1,78 €/L","img":"https://fd9-photos.leclercdrive.fr/image.ashx?id=2973994&use=l&cat=p&typeid=i","cat":284531},{"id":156022,"n":"Soda Coca Cola Cherry Canette 6x33cl","p":4.36,"u":"2,20 €/L","img":"https://fd9-photos.leclercdrive.fr/image.ashx?id=2997226&use=l&cat=p&typeid=i","cat":284530},{"id":156028,"n":"Sucre Poudre Daddy Extra Fin profil pack 750g","p":1.88,"u":"2,51 €/KG","img":"https://fd9-photos.leclercdrive.fr/image.ashx?id=2936074&use=l&cat=p&typeid=i","cat":284502},{"id":156047,"n":"Sardines  Connétable Huile d'olive et échalotes 135g","p":2.75,"u":"20,37 €/KG","img":"https://fd9-photos.leclercdrive.fr/image.ashx?id=2902711&use=l&cat=p&typeid=i","cat":305146},{"id":156067,"n":"Soda Coca-Cola Canette - 6x33cl","p":4.22,"u":"2,13 €/L","img":"https://fd9-photos.leclercdrive.fr/image.ashx?id=2997229&use=l&cat=p&typeid=i","cat":284530},{"id":156112,"n":"Oeufs au sol Paroles d'Eleveurs x12","p":3.07,"u":"0,26 €/P","img":"https://fd9-photos.leclercdrive.fr/image.ashx?id=2506026&use=l&cat=p&typeid=i","cat":284378},{"id":156138,"n":"Soda Coca-Cola Original Canettes - 20x33cl","p":13.75,"u":"2,08 €/L","img":"https://fd9-photos.leclercdrive.fr/image.ashx?id=2846766&use=l&cat=p&typeid=i","cat":284530},{"id":156140,"n":"Soda Fanta Mangue fruit du dragon canettes - 6x33cl","p":3.79,"u":"1,91 €/L","img":"https://fd9-photos.leclercdrive.fr/image.ashx?id=2996118&use=l&cat=p&typeid=i","cat":284532},{"id":156141,"n":"Soda Fanta citron frappé canettes - 6x33cl","p":3.68,"u":"1,86 €/L","img":"https://fd9-photos.leclercdrive.fr/image.ashx?id=2660212&use=l&cat=p&typeid=i","cat":284532},{"id":156145,"n":"Thé glacé Fuze tea Saveur pêche - 1,75L","p":2.04,"u":"1,17 €/L","img":"https://fd9-photos.leclercdrive.fr/image.ashx?id=2944395&use=l&cat=p&typeid=i","cat":295019},{"id":156156,"n":"Fromage enfant Kiri crème 8 portions à tartiner - 144g","p":2.14,"u":"0,27 €/P","img":"https://fd9-photos.leclercdrive.fr/image.ashx?id=2973562&use=l&cat=p&typeid=i","cat":314030},{"id":156165,"n":"Sauce bolognaise Bolo Balls 400g","p":2.67,"u":"6,68 €/KG","img":"https://fd9-photos.leclercdrive.fr/image.ashx?id=2918571&use=l&cat=p&typeid=i","cat":287599},{"id":156171,"n":"Sablés Michel et Augustin Parmigiano reggiano - 100g","p":2.47,"u":"24,70 €/KG","img":"https://fd9-photos.leclercdrive.fr/image.ashx?id=2114218&use=l&cat=p&typeid=i","cat":297000},{"id":156174,"n":"Biscuits fourrés BN Framboise - 285g","p":1.5,"u":"5,26 €/KG","img":"https://fd9-photos.leclercdrive.fr/image.ashx?id=2474999&use=l&cat=p&typeid=i","cat":284489},{"id":156175,"n":"Doomino St Michel Chocolat - x6","p":1.74,"u":"9,67 €/KG","img":"https://fd9-photos.leclercdrive.fr/image.ashx?id=2949979&use=l&cat=p&typeid=i","cat":284495},{"id":156188,"n":"Préparation Flan Pâtissier alsa Vanille - 740g","p":2.98,"u":"4,03 €/KG","img":"https://fd9-photos.leclercdrive.fr/image.ashx?id=2790591&use=l&cat=p&typeid=i","cat":284505},{"id":156193,"n":"Farine blé T45 Francine 750g","p":1.52,"u":"2,03 €/KG","img":"https://fd9-photos.leclercdrive.fr/image.ashx?id=2989141&use=l&cat=p&typeid=i","cat":284503},{"id":156198,"n":"Bière blonde Tripel Karmeliet 8,4% - 6x33cl","p":10.7,"u":"5,40 €/L","img":"https://fd9-photos.leclercdrive.fr/image.ashx?id=2675586&use=l&cat=p&typeid=i","cat":334872},{"id":156200,"n":"Wraps Old El Paso de blé nature format familial x10 - 580g","p":3.89,"u":"6,71 €/KG","img":"https://fd9-photos.leclercdrive.fr/image.ashx?id=2745352&use=l&cat=p&typeid=i","cat":288993},{"id":156223,"n":"Croquette Truite One Sterilcat Indoor formula","p":14.9,"u":"4,97 €/KG","img":"https://fd9-photos.leclercdrive.fr/image.ashx?id=2488076&use=l&cat=p&typeid=i","cat":284680},{"id":156271,"n":"Smarties Hexatube Bonbons Chocolat - 6x34g","p":2.99,"u":"14,66 €/KG","img":"https://fd9-photos.leclercdrive.fr/image.ashx?id=2917690&use=l&cat=p&typeid=i","cat":304238},{"id":156299,"n":"Yaourt à la grecque YAOS  Vanille - 8x125g","p":3.83,"u":"3,83 €/KG","img":"https://fd9-photos.leclercdrive.fr/image.ashx?id=3007942&use=l&cat=p&typeid=i","cat":314999},{"id":156334,"n":"Grissini artigianali Florelli Multigraines - 250g","p":2.42,"u":"9,68 €/KG","img":"https://fd9-photos.leclercdrive.fr/image.ashx?id=2475864&use=l&cat=p&typeid=i","cat":289010},{"id":156343,"n":"Abondance AOP NRT L'Atelier Fromagerie - 150g","p":3.2,"u":"21,33 €/KG","img":"https://fd9-photos.leclercdrive.fr/image.ashx?id=2123907&use=l&cat=p&typeid=i","cat":314036},{"id":156344,"n":"Fromage Beaufort AOP L'Atelier Fromagerie - 150g","p":4.49,"u":"29,93 €/KG","img":"https://fd9-photos.leclercdrive.fr/image.ashx?id=2120472&use=l&cat=p&typeid=i","cat":327294},{"id":156346,"n":"Pointe Brie de Meaux AOP L'Atelier Fromagerie - 200g","p":3.19,"u":"15,95 €/KG","img":"https://fd9-photos.leclercdrive.fr/image.ashx?id=2123910&use=l&cat=p&typeid=i","cat":314036},{"id":156347,"n":"Pointe de Melun AOP L'Atelier Fromagerie - 185g","p":4.25,"u":"22,97 €/KG","img":"https://fd9-photos.leclercdrive.fr/image.ashx?id=2124128&use=l&cat=p&typeid=i","cat":314036},{"id":156350,"n":"Comté 18 mois AOP L'Atelier Fromagerie - 200g","p":5.3,"u":"26,50 €/KG","img":"https://fd9-photos.leclercdrive.fr/image.ashx?id=2130005&use=l&cat=p&typeid=i","cat":327294},{"id":156353,"n":"Rocamadour fermier AOP L'Atelier Fromagerie - 2x35g","p":2.5,"u":"35,71 €/KG","img":"https://fd9-photos.leclercdrive.fr/image.ashx?id=2697471&use=l&cat=p&typeid=i","cat":314036},{"id":156354,"n":"Saint Nectaire laitier AOP L'Atelier Fromagerie - 300g","p":4.7,"u":"15,67 €/KG","img":"https://fd9-photos.leclercdrive.fr/image.ashx?id=2115917&use=l&cat=p&typeid=i","cat":329184},{"id":156355,"n":"Grana padano 20 mois AOP L'Atelier Fromagerie - 180g","p":3.99,"u":"22,17 €/KG","img":"https://fd9-photos.leclercdrive.fr/image.ashx?id=2817178&use=l&cat=p&typeid=i","cat":314036},{"id":156359,"n":"Crottin de chèvre Rians 3+1 offert - 240g","p":4.11,"u":"17,13 €/KG","img":"https://fd9-photos.leclercdrive.fr/image.ashx?id=2557951&use=l&cat=p&typeid=i","cat":314031},{"id":156397,"n":"Glaces Ferrero Rocher x4 chocolat lait noisettes - 200g","p":3.48,"img":"https://fd9-photos.leclercdrive.fr/image.ashx?id=2759065&use=l&cat=p&typeid=i","cat":284265},{"id":156405,"n":"Cônes macaron caramel Extrême x6 - 396g","p":3.75,"u":"9,47 €/KG","img":"https://fd9-photos.leclercdrive.fr/image.ashx?id=2878378&use=l&cat=p&typeid=i","cat":284264},{"id":156412,"n":"Glaces Nui Caramel White chocolate & Texan pecan x4 264g","p":4.35,"u":"16,48 €/KG","img":"https://fd9-photos.leclercdrive.fr/image.ashx?id=2519900&use=l&cat=p&typeid=i","cat":284265},{"id":156428,"n":"Friandises chien Pedigree Schmackos volaille x20 - 144g","p":2.33,"u":"16,18 €/KG","img":"https://fd9-photos.leclercdrive.fr/image.ashx?id=2850174&use=l&cat=p&typeid=i","cat":294527},{"id":156476,"n":"Fromage Feta Grecque Islos AOP - 150g","p":2.87,"u":"19,13 €/KG","img":"https://fd9-photos.leclercdrive.fr/image.ashx?id=2892625&use=l&cat=p&typeid=i","cat":314026},{"id":156477,"n":"Duo de Haricots Verts & Beurre Bonduelle -750g","p":2.81,"u":"3,75 €/KG","img":"https://fd9-photos.leclercdrive.fr/image.ashx?id=2910049&use=l&cat=p&typeid=i","cat":319805},{"id":156493,"n":"Petit pot bébé Blédina 6 mois  Légumes bœuf - 2x200g","p":2.13,"u":"5,33 €/KG","img":"https://fd9-photos.leclercdrive.fr/image.ashx?id=2968091&use=l&cat=p&typeid=i","cat":312236},{"id":156497,"n":"Petit pot bébé Blédina 8 mois Riz ratatouille poisson -2x200g","p":1.83,"u":"4,58 €/KG","img":"https://fd9-photos.leclercdrive.fr/image.ashx?id=2911208&use=l&cat=p&typeid=i","cat":312236},{"id":156499,"n":"Petit pot bébé Blédina 8 mois Légumes poulet - 2x200g","p":1.95,"u":"4,88 €/KG","img":"https://fd9-photos.leclercdrive.fr/image.ashx?id=2935765&use=l&cat=p&typeid=i","cat":312236},{"id":156503,"n":"Petit pot bébé Blédina 6 mois  Légumes verts poulet - 2x200g","p":1.95,"u":"4,88 €/KG","img":"https://fd9-photos.leclercdrive.fr/image.ashx?id=2983063&use=l&cat=p&typeid=i","cat":312236},{"id":156527,"n":"Capsules Starbucks by Nespresso  Blonde Espresso Int 6 - x18","p":6.05,"u":"64,36 €/KG","img":"https://fd9-photos.leclercdrive.fr/image.ashx?id=2668177&use=l&cat=p&typeid=i","cat":284749},{"id":156528,"n":"Petit pot bébé Blédina 4-6 mois Carotte - 2x130g","p":1.25,"u":"4,81 €/KG","img":"https://fd9-photos.leclercdrive.fr/image.ashx?id=2911870&use=l&cat=p&typeid=i","cat":312234},{"id":156538,"n":"Compote bébé Blédina 6 mois  Aux fruits - 4x130g","p":2.45,"u":"4,71 €/KG","img":"https://fd9-photos.leclercdrive.fr/image.ashx?id=2911196&use=l&cat=p&typeid=i","cat":312388},{"id":156539,"n":"Petit pot bébé Blédina 6 mois Semoule carotte dinde - 2x200g","p":1.95,"u":"4,88 €/KG","img":"https://fd9-photos.leclercdrive.fr/image.ashx?id=2935774&use=l&cat=p&typeid=i","cat":312236},{"id":156540,"n":"Petit pot bébé Blédina 6 mois Patate douce carotte-2x200g","p":2.08,"u":"5,20 €/KG","img":"https://fd9-photos.leclercdrive.fr/image.ashx?id=2951617&use=l&cat=p&typeid=i","cat":312235},{"id":156550,"n":"Petites Tartelettes Bonne Maman Chocolat caramel - 250g","p":2.48,"u":"9,92 €/KG","img":"https://fd9-photos.leclercdrive.fr/image.ashx?id=2962302&use=l&cat=p&typeid=i","cat":284488},{"id":156598,"n":"Biscuits fourrés bio Jardin Bio Chocolat - 300g","p":2.26,"u":"7,53 €/KG","img":"https://fd9-photos.leclercdrive.fr/image.ashx?id=2903353&use=l&cat=p&typeid=i","cat":284488},{"id":157067,"n":"Cahier 96pages Mimesys Grands carreaux - 17x22cm","p":3.45,"img":"https://fd9-photos.leclercdrive.fr/image.ashx?id=2280014&use=l&cat=p&typeid=i","cat":284697},{"id":157554,"n":"Olives noires Tropic Apéro Aux herbes de Provence - 250g","p":3.35,"u":"13,40 €/KG","img":"https://fd9-photos.leclercdrive.fr/image.ashx?id=2648229&use=l&cat=p&typeid=i","cat":316002},{"id":157559,"n":"Blocs réfrigérants colorés 200ml - x2","p":0.99,"u":"4,95 €/L","img":"https://fd9-photos.leclercdrive.fr/image.ashx?id=2141407&use=l&cat=p&typeid=i","cat":334139},{"id":157579,"n":"Accras morue MSC cuisiné à la créole - 165g","p":2.89,"u":"17,52 €/KG","img":"https://fd9-photos.leclercdrive.fr/image.ashx?id=2293591&use=l&cat=p&typeid=i","cat":285340},{"id":157611,"n":"Bière blonde La Bête 8° - 75cl","p":3.83,"u":"5,11 €/L","img":"https://fd9-photos.leclercdrive.fr/image.ashx?id=3011242&use=l&cat=p&typeid=i","cat":334872},{"id":157612,"n":"Eau infusée Volvic bio thé noir pêche - 75cl","p":1.6,"u":"2,13 €/L","img":"https://fd9-photos.leclercdrive.fr/image.ashx?id=2748209&use=l&cat=p&typeid=i","cat":284537},{"id":157613,"n":"Eau infusée Volvic bio thé vert menthe - 75cl","p":1.67,"u":"2,23 €/L","img":"https://fd9-photos.leclercdrive.fr/image.ashx?id=2479063&use=l&cat=p&typeid=i","cat":284537},{"id":157628,"n":"Crème corps Mixa  Peaux Sèches, Sensibles - 400ml","p":4.45,"u":"11,13 €/L","img":"https://fd9-photos.leclercdrive.fr/image.ashx?id=2338432&use=l&cat=p&typeid=i","cat":325350},{"id":157737,"n":"Lingettes Démaquillantes Nivea Peaux Sèches - x20","p":2.72,"u":"0,14 €/P","img":"https://fd9-photos.leclercdrive.fr/image.ashx?id=3005227&use=l&cat=p&typeid=i","cat":284603},{"id":157777,"n":"Lave glace hiver TECH9 -30° - Dégivrant - 5L","p":6.99,"u":"1,40 €/L","img":"https://fd9-photos.leclercdrive.fr/image.ashx?id=2162702&use=l&cat=p&typeid=i","cat":298252},{"id":157920,"n":"Gâteau tropezienne  6P","p":11.9,"u":"1,98 €/P","img":"https://fd9-photos.leclercdrive.fr/image.ashx?id=615430&use=l&cat=p&typeid=i","cat":284360},{"id":157960,"n":"Infusion minceur Bio Village Bio - x20 - 30g","p":1.55,"u":"51,67 €/KG","img":"https://fd9-photos.leclercdrive.fr/image.ashx?id=2553935&use=l&cat=p&typeid=i","cat":293234},{"id":157968,"n":"Capsules café Plantation Espresso Caramel n°7- x10 - 52g","p":2.4,"u":"46,15 €/KG","img":"https://fd9-photos.leclercdrive.fr/image.ashx?id=2929882&use=l&cat=p&typeid=i","cat":284749},{"id":157973,"n":"Capsules café Plantation Lungo Forte n°8 - x10 - 52g","p":2.24,"u":"43,08 €/KG","img":"https://fd9-photos.leclercdrive.fr/image.ashx?id=2867266&use=l&cat=p&typeid=i","cat":284749},{"id":158001,"n":"AOC Arbois Chardonnay Blanc Caves de la Muyre  - 75cl","p":9.78,"u":"13,04 €/L","img":"https://fd9-photos.leclercdrive.fr/image.ashx?id=2928948&use=l&cat=p&typeid=i","cat":289557},{"id":158122,"n":"Lave glace toutes saisons TECH9 -20°C - Parfumé - 2L","p":3.9,"u":"1,95 €/L","img":"https://fd9-photos.leclercdrive.fr/image.ashx?id=2162708&use=l&cat=p&typeid=i","cat":298252},{"id":158143,"n":"Bière menthe Desperados Virgin Mojito - 00%vol - 3x33cl","p":3.69,"u":"3,73 €/L","img":"https://fd9-photos.leclercdrive.fr/image.ashx?id=2975164&use=l&cat=p&typeid=i","cat":334877},{"id":158195,"n":"Assouplissant Biovie Concentré à l'aloe vera bio -1L","p":4.71,"u":"4,71 €/L","img":"https://fd9-photos.leclercdrive.fr/image.ashx?id=2849977&use=l&cat=p&typeid=i","cat":284650},{"id":158220,"n":"Rhum Havana Club 3 ans 37,5% vol - 70cl","p":15.14,"u":"21,63 €/L","img":"https://fd9-photos.leclercdrive.fr/image.ashx?id=2874096&use=l&cat=p&typeid=i","cat":284550},{"id":158255,"n":"Serum visage La Provençale Bio Anti-âge - 30ml","p":11.98,"u":"399,33 €/L","img":"https://fd9-photos.leclercdrive.fr/image.ashx?id=2971155&use=l&cat=p&typeid=i","cat":325345},{"id":158285,"n":"Glace Ben & Jerry's Mini pots Cool-loction 4x100ml","p":5.61,"u":"19,48 €/KG","img":"https://fd9-photos.leclercdrive.fr/image.ashx?id=3009278&use=l&cat=p&typeid=i","cat":284725},{"id":158316,"n":"Stick lèvres Dermophil Réparateur Protecteur- 2 pièces","p":6.7,"u":"418,75 €/KG","img":"https://fd9-photos.leclercdrive.fr/image.ashx?id=2939772&use=l&cat=p&typeid=i","cat":285485},{"id":158364,"n":"Whisky Ballantine's 7 ans Blended Scotch 40% vol - 70cl","p":18.95,"pp":15.16,"u":"21,66 €/L","img":"https://fd9-photos.leclercdrive.fr/image.ashx?id=3000366&use=l&cat=p&typeid=i","cat":284547},{"id":158369,"n":"Foie de morue Balthor Goût fumé - 123g","p":1.85,"u":"15,04 €/KG","img":"https://fd9-photos.leclercdrive.fr/image.ashx?id=2138989&use=l&cat=p&typeid=i","cat":305147},{"id":158516,"n":"Saucisson spianata Montorsi 100g","p":2.78,"u":"27,80 €/KG","img":"https://fd9-photos.leclercdrive.fr/image.ashx?id=2525864&use=l&cat=p&typeid=i","cat":316007},{"id":158565,"n":"Whisky blender Monkey Shoulder 40%vol - 1L","p":35.12,"u":"35,12 €/L","img":"https://fd9-photos.leclercdrive.fr/image.ashx?id=2963874&use=l&cat=p&typeid=i","cat":284547},{"id":158569,"n":"Blanc de poulet Tradilège Sans nitrite - 4 Tranches 120g","p":1.45,"u":"12,08 €/KG","img":"https://fd9-photos.leclercdrive.fr/image.ashx?id=2970480&use=l&cat=p&typeid=i","cat":316010},{"id":158571,"n":"Plat bébé Blédina 8 mois  Pâtes tomate boeuf - 2x200g","p":2.69,"u":"6,73 €/KG","img":"https://fd9-photos.leclercdrive.fr/image.ashx?id=2975092&use=l&cat=p&typeid=i","cat":312236},{"id":158575,"n":"Single malt Scotch Glenfiddich Tripple Oak 40%vol - 70cl 12ans","p":32.41,"u":"46,30 €/L","img":"https://fd9-photos.leclercdrive.fr/image.ashx?id=2131596&use=l&cat=p&typeid=i","cat":284547},{"id":158588,"n":"Vin de France rouge Merlot Cabernet Sauvign.Cambras BIB 5L","p":13.97,"u":"2,79 €/L","img":"https://fd9-photos.leclercdrive.fr/image.ashx?id=2694587&use=l&cat=p&typeid=i","cat":289556},{"id":158621,"n":"Soda Schweppes Ginger Beer - 1L","p":1.74,"u":"1,74 €/L","img":"https://fd9-photos.leclercdrive.fr/image.ashx?id=2876233&use=l&cat=p&typeid=i","cat":284532},{"id":158649,"n":"Lait céréales Blédidej 12 mois Biscuité vanille - 500ml","p":1.67,"u":"3,34 €/KG","img":"https://fd9-photos.leclercdrive.fr/image.ashx?id=2503728&use=l&cat=p&typeid=i","cat":312226},{"id":158683,"n":"Langue de boeuf Férial 300g","p":4.99,"u":"16,63 €/KG","img":"https://fd9-photos.leclercdrive.fr/image.ashx?id=2138311&use=l&cat=p&typeid=i","cat":284328},{"id":158715,"n":"Doomino St Michel Choco Noisette x6 - 180g","p":1.96,"u":"10,89 €/KG","img":"https://fd9-photos.leclercdrive.fr/image.ashx?id=2953495&use=l&cat=p&typeid=i","cat":284495},{"id":158727,"n":"Rognon de boeuf Férial 300g","p":4.89,"u":"16,30 €/KG","img":"https://fd9-photos.leclercdrive.fr/image.ashx?id=2138314&use=l&cat=p&typeid=i","cat":284328},{"id":158730,"n":"Boulette au boeuf Férial 300g","p":4.19,"u":"13,97 €/KG","img":"https://fd9-photos.leclercdrive.fr/image.ashx?id=2955285&use=l&cat=p&typeid=i","cat":284328},{"id":158762,"n":"Film multi-usages Alfapac 30m","p":2.11,"u":"0,08 €/MT","img":"https://fd9-photos.leclercdrive.fr/image.ashx?id=2918277&use=l&cat=p&typeid=i","cat":334134},{"id":158784,"n":"Petit pot bébé Blédina 8 mois Légumes viande poisson - 8x200g","p":7.13,"u":"4,46 €/KG","img":"https://fd9-photos.leclercdrive.fr/image.ashx?id=2935777&use=l&cat=p&typeid=i","cat":312236},{"id":158788,"n":"Noisette décortiquée Vahiné 125g","p":3.53,"u":"28,24 €/KG","img":"https://fd9-photos.leclercdrive.fr/image.ashx?id=2559814&use=l&cat=p&typeid=i","cat":284504},{"id":158789,"n":"Levure boulanger Vahiné x6 - 48g","p":1.03,"u":"21,46 €/KG","img":"https://fd9-photos.leclercdrive.fr/image.ashx?id=2559793&use=l&cat=p&typeid=i","cat":294686},{"id":158803,"n":"Rotella Haribo Sachet bonbons réglisse - 300g","p":1.54,"u":"5,13 €/KG","img":"https://fd9-photos.leclercdrive.fr/image.ashx?id=2982402&use=l&cat=p&typeid=i","cat":304250},{"id":158805,"n":"Quinoa gourmand Tipiak Aux épices douces 240g","p":2.56,"u":"10,67 €/KG","img":"https://fd9-photos.leclercdrive.fr/image.ashx?id=2947054&use=l&cat=p&typeid=i","cat":284429},{"id":158812,"n":"Nappage framboise Vahiné 155g","p":2.59,"u":"16,71 €/KG","img":"https://fd9-photos.leclercdrive.fr/image.ashx?id=2805267&use=l&cat=p&typeid=i","cat":284504},{"id":158815,"n":"Biscuits à thé Delacre Tea Time Boîte Assortiment - 500g","p":6.72,"u":"13,44 €/KG","img":"https://fd9-photos.leclercdrive.fr/image.ashx?id=2133524&use=l&cat=p&typeid=i","cat":284490},{"id":158834,"n":"Céréales Fitness Nature 475g","p":2.99,"u":"6,29 €/KG","img":"https://fd9-photos.leclercdrive.fr/image.ashx?id=2874084&use=l&cat=p&typeid=i","cat":309512},{"id":158837,"n":"Céréales Chocapic Nestlé Pack 6x30g","p":2.57,"u":"14,28 €/KG","img":"https://fd9-photos.leclercdrive.fr/image.ashx?id=2995436&use=l&cat=p&typeid=i","cat":309513},{"id":158845,"n":"Compote bébé Blédina 4-6 mois Pomme pêche - 4x130g","p":2.45,"u":"4,71 €/KG","img":"https://fd9-photos.leclercdrive.fr/image.ashx?id=2911199&use=l&cat=p&typeid=i","cat":312387},{"id":158891,"n":"Boisson aux fruits Jafun Tropical - 1L","p":1.19,"u":"1,19 €/L","img":"https://fd9-photos.leclercdrive.fr/image.ashx?id=2913763&use=l&cat=p&typeid=i","cat":295018},{"id":158917,"n":"Pâté de canard Jean Brunet A l'Armagnac - 180g","p":1.78,"u":"9,89 €/KG","img":"https://fd9-photos.leclercdrive.fr/image.ashx?id=2504647&use=l&cat=p&typeid=i","cat":305149},{"id":158920,"n":"Petit pot bébé Blédina 6 mois Semoule épinards merlu - 2x200g","p":1.95,"u":"4,88 €/KG","img":"https://fd9-photos.leclercdrive.fr/image.ashx?id=2935759&use=l&cat=p&typeid=i","cat":312236},{"id":158936,"n":"Pains au lait La Boulangère x10 - 350g","p":2.0,"u":"5,71 €/KG","img":"https://fd9-photos.leclercdrive.fr/image.ashx?id=2912437&use=l&cat=p&typeid=i","cat":293505},{"id":158949,"n":"Gaufres aux oeufs Lotus 371g","p":3.52,"u":"9,49 €/KG","img":"https://fd9-photos.leclercdrive.fr/image.ashx?id=2133849&use=l&cat=p&typeid=i","cat":294777},{"id":158966,"n":"Rainbow Pik Haribo  Sachet bonbons acidulés - 200g","p":1.65,"u":"8,25 €/KG","img":"https://fd9-photos.leclercdrive.fr/image.ashx?id=2982408&use=l&cat=p&typeid=i","cat":304250},{"id":158970,"n":"Sauce Tomacouli Panzani - 200G","p":0.8,"u":"4,00 €/KG","img":"https://fd9-photos.leclercdrive.fr/image.ashx?id=2872853&use=l&cat=p&typeid=i","cat":288384},{"id":158977,"n":"Tripe Paul et Louise 400g","p":2.42,"u":"6,05 €/KG","img":"https://fd9-photos.leclercdrive.fr/image.ashx?id=2367565&use=l&cat=p&typeid=i","cat":284441},{"id":159015,"n":"Biscottes Aixoises Roger Pain Complet 250g","p":2.06,"u":"8,24 €/KG","img":"https://fd9-photos.leclercdrive.fr/image.ashx?id=2680134&use=l&cat=p&typeid=i","cat":284479},{"id":159112,"n":"Matière grasse St Hubert Doux - 500g","p":4.82,"u":"9,64 €/KG","img":"https://fd9-photos.leclercdrive.fr/image.ashx?id=2734084&use=l&cat=p&typeid=i","cat":315229},{"id":159113,"n":"Matière grasse St Hubert Demi-sel - 500g","p":4.82,"u":"9,64 €/KG","img":"https://fd9-photos.leclercdrive.fr/image.ashx?id=2734087&use=l&cat=p&typeid=i","cat":316068},{"id":159209,"n":"Lasagne Lustucru Selection  250g","p":2.28,"u":"9,12 €/KG","img":"https://fd9-photos.leclercdrive.fr/image.ashx?id=2792396&use=l&cat=p&typeid=i","cat":333682},{"id":159212,"n":"Bloc WC Bref Deluxe Magnolia  Toilettes propres - 50g x1","p":1.92,"u":"38,40 €/KG","img":"https://fd9-photos.leclercdrive.fr/image.ashx?id=2907581&use=l&cat=p&typeid=i","cat":284662},{"id":159225,"n":"Baume naturel Cosmos Briochin 100ml","p":8.51,"u":"85,10 €/L","img":"https://fd9-photos.leclercdrive.fr/image.ashx?id=2338300&use=l&cat=p&typeid=i","cat":325350},{"id":159352,"n":"Concentré à diluer Pulco Citron Fraise - 70cl","p":3.06,"u":"4,37 €/L","img":"https://fd9-photos.leclercdrive.fr/image.ashx?id=2687782&use=l&cat=p&typeid=i","cat":295020},{"id":159378,"n":"Whisky Nikka Days 40% - 70cl","p":31.75,"u":"45,36 €/L","img":"https://fd9-photos.leclercdrive.fr/image.ashx?id=2735710&use=l&cat=p&typeid=i","cat":284547},{"id":159399,"n":"Saumon fumé ASC Mowi x4 - 130g","p":6.47,"u":"49,77 €/KG","img":"https://fd9-photos.leclercdrive.fr/image.ashx?id=3006193&use=l&cat=p&typeid=i","cat":285188},{"id":159409,"n":"Amande éffilée grillée Vahiné 100g","p":3.77,"u":"37,70 €/KG","img":"https://fd9-photos.leclercdrive.fr/image.ashx?id=2387597&use=l&cat=p&typeid=i","cat":284357},{"id":159448,"n":"Boisson aux fruits Jafun Pomme Cassis Framboise - 2L","p":1.49,"u":"0,75 €/L","img":"https://fd9-photos.leclercdrive.fr/image.ashx?id=2956924&use=l&cat=p&typeid=i","cat":295018},{"id":159505,"n":"Saké Miyako Nihonshu 72cl","p":14.27,"u":"19,82 €/L","img":"https://fd9-photos.leclercdrive.fr/image.ashx?id=2148675&use=l&cat=p&typeid=i","cat":284913},{"id":159509,"n":"Girasoli Turini Mozzarella Tomates - 300g","p":2.49,"u":"8,30 €/KG","img":"https://fd9-photos.leclercdrive.fr/image.ashx?id=2778090&use=l&cat=p&typeid=i","cat":333682},{"id":159522,"n":"Cremio Box Sodebo Jambon Emmental 280g","p":2.68,"u":"9,57 €/KG","img":"https://fd9-photos.leclercdrive.fr/image.ashx?id=2860196&use=l&cat=p&typeid=i","cat":334983},{"id":159618,"n":"Fromage raclette Ermitage Nature / 3 poivres - 400g","p":8.08,"u":"20,20 €/KG","img":"https://fd9-photos.leclercdrive.fr/image.ashx?id=2786324&use=l&cat=p&typeid=i","cat":314036},{"id":159620,"n":"Baie de Goji Daco Bello 125g","p":3.22,"u":"25,76 €/KG","img":"https://fd9-photos.leclercdrive.fr/image.ashx?id=2397893&use=l&cat=p&typeid=i","cat":284357},{"id":159627,"n":"Fromage Fol Epi  Originale 8 Tranches - 150g","p":2.32,"u":"15,47 €/KG","img":"https://fd9-photos.leclercdrive.fr/image.ashx?id=2456801&use=l&cat=p&typeid=i","cat":314028},{"id":159630,"n":"Pomme de terre Eco+ Epluchées - 1kg","p":1.95,"u":"1,95 €/KG","img":"https://fd9-photos.leclercdrive.fr/image.ashx?id=2712422&use=l&cat=p&typeid=i","cat":284352},{"id":159631,"n":"Betterave Eco+ 2x500g","p":1.44,"u":"1,44 €/KG","img":"https://fd9-photos.leclercdrive.fr/image.ashx?id=2669663&use=l&cat=p&typeid=i","cat":284352},{"id":159634,"n":"Oeuf Plein Air Matines Panier du Poulailler - x6","p":1.88,"u":"0,31 €/P","img":"https://fd9-photos.leclercdrive.fr/image.ashx?id=2796237&use=l&cat=p&typeid=i","cat":284378},{"id":159695,"n":"Poudre chocolatée Nesquik Poche recharge  - 430g","p":3.19,"u":"7,42 €/KG","img":"https://fd9-photos.leclercdrive.fr/image.ashx?id=2675601&use=l&cat=p&typeid=i","cat":293235},{"id":159720,"n":"Concentré coco bio  So Bio Etic Visage et corps - 125ml","p":9.94,"u":"79,52 €/L","img":"https://fd9-photos.leclercdrive.fr/image.ashx?id=2144803&use=l&cat=p&typeid=i","cat":325350},{"id":159730,"n":"Tartelettes citron meringuées Cie des Pâtissiers x2 - 200g","p":3.25,"u":"16,25 €/KG","img":"https://fd9-photos.leclercdrive.fr/image.ashx?id=2578262&use=l&cat=p&typeid=i","cat":284360},{"id":159731,"n":"Pomme Gala Bio Good Goût Gourde - 4x85g","p":3.36,"u":"9,88 €/KG","img":"https://fd9-photos.leclercdrive.fr/image.ashx?id=2736118&use=l&cat=p&typeid=i","cat":312387},{"id":159734,"n":"Pomme Figue Bio Good Goût Gourde - 120g","p":1.73,"u":"14,42 €/KG","img":"https://fd9-photos.leclercdrive.fr/image.ashx?id=2736082&use=l&cat=p&typeid=i","cat":312387},{"id":159735,"n":"Pomme Framboise Bio Good Goût - Gourde - 120g","p":1.59,"u":"13,25 €/KG","img":"https://fd9-photos.leclercdrive.fr/image.ashx?id=2736103&use=l&cat=p&typeid=i","cat":312387},{"id":159736,"n":"Biscuits Animaux Good Goût Bio Huile essentielles Citron 80g","p":4.32,"u":"54,00 €/KG","img":"https://fd9-photos.leclercdrive.fr/image.ashx?id=2697216&use=l&cat=p&typeid=i","cat":312227},{"id":159737,"n":"Biscuits Bio - Good Goût  10 mois  - 80g","p":4.73,"u":"59,13 €/KG","img":"https://fd9-photos.leclercdrive.fr/image.ashx?id=2697219&use=l&cat=p&typeid=i","cat":312227},{"id":159875,"n":"Bières Florida Sunrise - Desperados - 3x33cL","p":4.7,"u":"14,24 €/L","img":"https://fd9-photos.leclercdrive.fr/image.ashx?id=2977972&use=l&cat=p&typeid=i","cat":334878},{"id":159876,"n":"Shampooing Tous mes amis Insectifuge chien chat - 250ml","p":4.09,"u":"16,36 €/L","img":"https://fd9-photos.leclercdrive.fr/image.ashx?id=2162657&use=l&cat=p&typeid=i","cat":285161},{"id":159897,"n":"Fromage Enfant Kiri Crème 12 portions à tartiner - 216g","p":2.94,"u":"13,61 €/KG","img":"https://fd9-photos.leclercdrive.fr/image.ashx?id=2973565&use=l&cat=p&typeid=i","cat":314030},{"id":159903,"n":"Boisson aux fruits Jafun Tropical - 2L","p":1.75,"u":"0,88 €/L","img":"https://fd9-photos.leclercdrive.fr/image.ashx?id=2897835&use=l&cat=p&typeid=i","cat":295018},{"id":159924,"n":"Céréales Jordans Granola Chocolat Noir - 400g","p":3.18,"u":"7,95 €/KG","img":"https://fd9-photos.leclercdrive.fr/image.ashx?id=2478784&use=l&cat=p&typeid=i","cat":309512},{"id":159938,"n":"Desserts Lactés P'TIT BRASSE   Fraise BIO 6M+ - 4x90g","p":1.97,"u":"21,89 €/KG","img":"https://fd9-photos.leclercdrive.fr/image.ashx?id=2510202&use=l&cat=p&typeid=i","cat":312392},{"id":159942,"n":"Huile motoculture Beaux Jours 2t 100% synthèse - 2L","p":11.49,"u":"5,75 €/L","img":"https://fd9-photos.leclercdrive.fr/image.ashx?id=2297789&use=l&cat=p&typeid=i","cat":298253},{"id":159943,"n":"Huile motoculture Beaux Jours 2t semi-synthèse - 2L","p":10.19,"u":"5,10 €/L","img":"https://fd9-photos.leclercdrive.fr/image.ashx?id=2297792&use=l&cat=p&typeid=i","cat":298253},{"id":159945,"n":"Huile motoculture Beaux Jours 2t - 2L","p":9.49,"u":"4,75 €/L","img":"https://fd9-photos.leclercdrive.fr/image.ashx?id=2297795&use=l&cat=p&typeid=i","cat":298253},{"id":159947,"n":"Huile motoculture Beaux Jours 4t - 2L","p":7.49,"u":"3,75 €/L","img":"https://fd9-photos.leclercdrive.fr/image.ashx?id=2297798&use=l&cat=p&typeid=i","cat":298253},{"id":159949,"n":"Huile tronçonneuse Beaux Jours Biodégradable - 2L","p":12.99,"u":"6,50 €/L","img":"https://fd9-photos.leclercdrive.fr/image.ashx?id=2297801&use=l&cat=p&typeid=i","cat":298253},{"id":159950,"n":"Desserts Lactés P'TIT GOURMAND  BIO Cacao  6M+ - 4x90g","p":2.33,"u":"25,89 €/KG","img":"https://fd9-photos.leclercdrive.fr/image.ashx?id=2481691&use=l&cat=p&typeid=i","cat":312392},{"id":159951,"n":"Huile tronçonneuse Beaux Jours 5L","p":16.49,"u":"3,30 €/L","img":"https://fd9-photos.leclercdrive.fr/image.ashx?id=2297804&use=l&cat=p&typeid=i","cat":298253},{"id":159965,"n":"Capsules Starbucks by Nespresso  Colombia Int 7 - x18","p":6.05,"u":"59,90 €/KG","img":"https://fd9-photos.leclercdrive.fr/image.ashx?id=2668174&use=l&cat=p&typeid=i","cat":284749},{"id":159990,"n":"Huile moteur Tech 9 15W40 Essence - 5L","p":15.75,"u":"3,15 €/L","img":"https://fd9-photos.leclercdrive.fr/image.ashx?id=2162675&use=l&cat=p&typeid=i","cat":298253},{"id":160008,"n":"Steak haché strié Bigard Pur Boeuf - 320g","p":5.5,"u":"17,19 €/KG","img":"https://fd9-photos.leclercdrive.fr/image.ashx?id=2208312&use=l&cat=p&typeid=i","cat":284332},{"id":160083,"n":"Burrata Ambrosi 120g","p":2.36,"u":"19,67 €/KG","img":"https://fd9-photos.leclercdrive.fr/image.ashx?id=2148467&use=l&cat=p&typeid=i","cat":314026},{"id":160101,"n":"Yaourt brassé Perle de Lait Panaché - 8x125g","p":3.59,"u":"3,59 €/KG","img":"https://fd9-photos.leclercdrive.fr/image.ashx?id=2989222&use=l&cat=p&typeid=i","cat":286006},{"id":160238,"n":"Nappage Fruits rouges Vahiné 155g","p":2.4,"u":"15,48 €/KG","img":"https://fd9-photos.leclercdrive.fr/image.ashx?id=2805270&use=l&cat=p&typeid=i","cat":284504},{"id":160264,"n":"Billes chocolatées Lindt Crispy Céréale grillée - 140g","p":2.69,"pp":2.42,"u":"17,29 €/KG","img":"https://fd9-photos.leclercdrive.fr/image.ashx?id=2208942&use=l&cat=p&typeid=i","cat":304238},{"id":160369,"n":"Croûtons crispy oignons Ail & Poivre 80g","p":2.13,"u":"26,63 €/KG","img":"https://fd9-photos.leclercdrive.fr/image.ashx?id=2800669&use=l&cat=p&typeid=i","cat":284353},{"id":160380,"n":"AOP Cairanne Bio Vignobles André Farjon - 75 cl","p":8.78,"u":"11,71 €/L","img":"https://fd9-photos.leclercdrive.fr/image.ashx?id=2735956&use=l&cat=p&typeid=i","cat":289556},{"id":160404,"n":"Haut de cuisse Maitre Coq Poulet jaune - 1kg","p":4.95,"u":"4,95 €/KG","img":"https://fd9-photos.leclercdrive.fr/image.ashx?id=2551141&use=l&cat=p&typeid=i","cat":284336},{"id":160405,"n":"Pilon de poulet Maitre Coq Jaune - 1kg","p":5.95,"u":"5,95 €/KG","img":"https://fd9-photos.leclercdrive.fr/image.ashx?id=2551147&use=l&cat=p&typeid=i","cat":284336},{"id":160428,"n":"Lessive liquide fraicheur Epsil 40 lavages - 2L","p":4.6,"u":"2,30 €/L","img":"https://fd9-photos.leclercdrive.fr/image.ashx?id=2602982&use=l&cat=p&typeid=i","cat":284640},{"id":160429,"n":"Lessive liquide printemps Epsil 40 Lavages - 2L","p":4.6,"u":"2,30 €/L","img":"https://fd9-photos.leclercdrive.fr/image.ashx?id=2958347&use=l&cat=p&typeid=i","cat":284640},{"id":160430,"n":"Lessive liquide sensitive Epsil 40 lavages - 2L","p":5.99,"u":"3,00 €/L","img":"https://fd9-photos.leclercdrive.fr/image.ashx?id=2838951&use=l&cat=p&typeid=i","cat":284640},{"id":160453,"n":"Vin rouge Italie Nero Maronne 13,5° - 75cl","p":5.49,"u":"7,32 €/L","img":"https://fd9-photos.leclercdrive.fr/image.ashx?id=2794646&use=l&cat=p&typeid=i","cat":289556},{"id":160477,"n":"AOC Irouleguy vin Rouge Domaine Abotia - 75cl","p":13.75,"u":"18,33 €/L","img":"https://fd9-photos.leclercdrive.fr/image.ashx?id=2165692&use=l&cat=p&typeid=i","cat":289556},{"id":160624,"n":"Kebab volaille veau Alsalor 800g","p":10.71,"u":"13,39 €/KG","img":"https://fd9-photos.leclercdrive.fr/image.ashx?id=2159421&use=l&cat=p&typeid=i","cat":null},{"id":160625,"n":"Kebab volaille Alsalor 800g","p":11.05,"u":"13,81 €/KG","img":"https://fd9-photos.leclercdrive.fr/image.ashx?id=2153906&use=l&cat=p&typeid=i","cat":null},{"id":160629,"n":"AOP Crémant de Bordeaux rosé Brut Malesan - 75cl","p":6.9,"pp":4.55,"u":"6,07 €/L","img":"https://fd9-photos.leclercdrive.fr/image.ashx?id=2464705&use=l&cat=p&typeid=i","cat":289558},{"id":160726,"n":"Cerise bigarreau St Mamet 240g","p":2.99,"u":"12,46 €/KG","img":"https://fd9-photos.leclercdrive.fr/image.ashx?id=2628425&use=l&cat=p&typeid=i","cat":284507},{"id":160756,"n":"Papier Toilette Humide - Aloe Vera Lotus - x80","p":3.82,"u":"0,05 €/P","img":"https://fd9-photos.leclercdrive.fr/image.ashx?id=2842927&use=l&cat=p&typeid=i","cat":284634},{"id":160820,"n":"Mozza Sticks Pickers by McCain Batonnets de mozzarella - 230g","p":3.39,"u":"14,74 €/KG","img":"https://fd9-photos.leclercdrive.fr/image.ashx?id=2920021&use=l&cat=p&typeid=i","cat":319822},{"id":160823,"n":"Nacho cheese Pickers by McCain Triangles fromage poivron 230g","p":2.8,"u":"12,17 €/KG","img":"https://fd9-photos.leclercdrive.fr/image.ashx?id=2752227&use=l&cat=p&typeid=i","cat":319822},{"id":160938,"n":"Pastis Un Marseillais 45% vol - 1L","p":17.4,"u":"17,40 €/L","img":"https://fd9-photos.leclercdrive.fr/image.ashx?id=2219639&use=l&cat=p&typeid=i","cat":284548},{"id":161003,"n":"Mayonnaise Bénédicta Nature - 510g","p":2.66,"u":"5,22 €/KG","img":"https://fd9-photos.leclercdrive.fr/image.ashx?id=2548225&use=l&cat=p&typeid=i","cat":298295},{"id":161007,"n":"Mayonnaise Bénédicta Nature - 400g","p":2.75,"u":"6,88 €/KG","img":"https://fd9-photos.leclercdrive.fr/image.ashx?id=2548237&use=l&cat=p&typeid=i","cat":298295},{"id":161043,"n":"Citrons verts bio Bio Village Barquette x3","p":2.89,"u":"0,96 €/P","img":"https://fd9-photos.leclercdrive.fr/image.ashx?id=2552017&use=l&cat=p&typeid=i","cat":284356},{"id":161082,"n":"Café capsules DOLCE GUSTO Starbucks vanilla macchiato 2x6","p":4.39,"u":"33,26 €/KG","img":"https://fd9-photos.leclercdrive.fr/image.ashx?id=2986912&use=l&cat=p&typeid=i","cat":293239},{"id":161093,"n":"Nettoyant ménager La Croix  spray cuisine sans javel- 500ml","p":2.2,"u":"4,40 €/L","img":"https://fd9-photos.leclercdrive.fr/image.ashx?id=2676918&use=l&cat=p&typeid=i","cat":325357},{"id":161098,"n":"Shampooing solide Bionaîa Cheveux normaux bio - 85g","p":2.99,"u":"35,18 €/KG","img":"https://fd9-photos.leclercdrive.fr/image.ashx?id=2835214&use=l&cat=p&typeid=i","cat":284606},{"id":161126,"n":"Boisson aux fruits Jafun Multifruits - 2L","p":1.99,"u":"1,00 €/L","img":"https://fd9-photos.leclercdrive.fr/image.ashx?id=2897832&use=l&cat=p&typeid=i","cat":295018},{"id":161130,"n":"Boissons à base de fruit Jafun Pêche Abricot - 2L","p":1.99,"u":"1,00 €/L","img":"https://fd9-photos.leclercdrive.fr/image.ashx?id=2865293&use=l&cat=p&typeid=i","cat":295018},{"id":161131,"n":"Boisson à base de fruits Jafun Pomme Kiwi - 2L","p":2.6,"u":"1,30 €/L","img":"https://fd9-photos.leclercdrive.fr/image.ashx?id=2865299&use=l&cat=p&typeid=i","cat":295018},{"id":161144,"n":"Boisson à base de fruits Jafun Pomme poire - 2L","p":2.23,"u":"1,12 €/L","img":"https://fd9-photos.leclercdrive.fr/image.ashx?id=2865302&use=l&cat=p&typeid=i","cat":295018},{"id":161167,"n":"Beef-Stick Vitakraft Gibier - 48g","p":2.14,"u":"44,58 €/KG","img":"https://fd9-photos.leclercdrive.fr/image.ashx?id=2859755&use=l&cat=p&typeid=i","cat":294527},{"id":161168,"n":"Beef-Stick Vitakraft Dinde - 48g","p":2.1,"u":"43,75 €/KG","img":"https://fd9-photos.leclercdrive.fr/image.ashx?id=2184323&use=l&cat=p&typeid=i","cat":294527},{"id":161410,"n":"Pains hot dog La Fournée Dorée Brioch' x6 - 270g","p":1.96,"u":"7,26 €/KG","img":"https://fd9-photos.leclercdrive.fr/image.ashx?id=2406136&use=l&cat=p&typeid=i","cat":284985},{"id":161415,"n":"Confiture aux abricots Léonce Blanc 70% de fruits-320g","p":3.32,"u":"10,38 €/KG","img":"https://fd9-photos.leclercdrive.fr/image.ashx?id=2181161&use=l&cat=p&typeid=i","cat":284480},{"id":161433,"n":"Dragibus Doypack Haribo Sachet bonbons - 220g","p":1.89,"u":"8,59 €/KG","img":"https://fd9-photos.leclercdrive.fr/image.ashx?id=2984940&use=l&cat=p&typeid=i","cat":304250},{"id":161444,"n":"Déodorant Anti-Traces Grenade - Monsavon - x1","p":2.1,"img":"https://fd9-photos.leclercdrive.fr/image.ashx?id=2630847&use=l&cat=p&typeid=i","cat":284595},{"id":161454,"n":"Wedges Pom Bistro à la Graisse de Canard - 500g","p":3.26,"u":"6,52 €/KG","img":"https://fd9-photos.leclercdrive.fr/image.ashx?id=2866436&use=l&cat=p&typeid=i","cat":319791},{"id":161521,"n":"AOP Côtes de Provence Rosé Excellence des Muraires - 75cl","p":14.95,"u":"19,93 €/L","img":"https://fd9-photos.leclercdrive.fr/image.ashx?id=2487950&use=l&cat=p&typeid=i","cat":289558},{"id":161554,"n":"AOP Alsace Sylvaner Vieilles vignes Sec - 75cl","p":6.9,"u":"9,20 €/L","img":"https://fd9-photos.leclercdrive.fr/image.ashx?id=2764538&use=l&cat=p&typeid=i","cat":289557},{"id":161708,"n":"Infusion Twinings Ayurveda Fraise Myrtille Grenade x20","p":2.99,"u":"93,44 €/KG","img":"https://fd9-photos.leclercdrive.fr/image.ashx?id=2893054&use=l&cat=p&typeid=i","cat":293234},{"id":161711,"n":"Riz Teriyaki Cereal bio  Repas express bio - 200g","p":2.44,"u":"12,20 €/KG","img":"https://fd9-photos.leclercdrive.fr/image.ashx?id=2574095&use=l&cat=p&typeid=i","cat":288992},{"id":161734,"n":"Anneaux de calamars Costa A la romaine - 400g","p":4.52,"u":"11,30 €/KG","img":"https://fd9-photos.leclercdrive.fr/image.ashx?id=2160920&use=l&cat=p&typeid=i","cat":319788},{"id":161755,"n":"AOC Hautes-Côtes de Beaune Ropiteau - 75cl","p":17.19,"u":"22,92 €/L","img":"https://fd9-photos.leclercdrive.fr/image.ashx?id=2689004&use=l&cat=p&typeid=i","cat":289557},{"id":161846,"n":"Sucre roux Tablier blanc En morceaux - 1kg","p":1.81,"u":"1,81 €/KG","img":"https://fd9-photos.leclercdrive.fr/image.ashx?id=3010437&use=l&cat=p&typeid=i","cat":284502},{"id":161891,"n":"Pain burger Beau & Bon Harry's Brioché x4 - 300g","p":2.23,"u":"7,43 €/KG","img":"https://fd9-photos.leclercdrive.fr/image.ashx?id=2526830&use=l&cat=p&typeid=i","cat":325067},{"id":161894,"n":"Pain de mie 100% Mie Harrys Complet sans sucre ajouté- 500g","p":2.7,"u":"5,40 €/KG","img":"https://fd9-photos.leclercdrive.fr/image.ashx?id=2565780&use=l&cat=p&typeid=i","cat":284477},{"id":161897,"n":"AOP Jurancon Vin blanc moelleux Domaine Loustale - 75cl","p":8.9,"u":"11,87 €/L","img":"https://fd9-photos.leclercdrive.fr/image.ashx?id=2204357&use=l&cat=p&typeid=i","cat":289557},{"id":162165,"n":"Compotes Materne Coupelles   MultiFruits Exotique - 12x100g","p":4.14,"u":"3,45 €/KG","img":"https://fd9-photos.leclercdrive.fr/image.ashx?id=3010873&use=l&cat=p&typeid=i","cat":284508},{"id":162177,"n":"Gel Salle de bain & WC Glade Cerise & Pivoine 180g","p":2.33,"img":"https://fd9-photos.leclercdrive.fr/image.ashx?id=2454421&use=l&cat=p&typeid=i","cat":311628},{"id":162271,"n":"Tablette de chocolat noir Lindt Intense 70% - 2x200g","p":6.46,"pp":4.26,"u":"10,65 €/KG","img":"https://fd9-photos.leclercdrive.fr/image.ashx?id=2208936&use=l&cat=p&typeid=i","cat":285562},{"id":162274,"n":"Sauce Crudités Benedicta  Nature légère - 295g","p":1.89,"u":"6,41 €/KG","img":"https://fd9-photos.leclercdrive.fr/image.ashx?id=2755206&use=l&cat=p&typeid=i","cat":284456},{"id":162362,"n":"Savon de Marseille Olive Ecocert - 300g","p":3.15,"u":"10,50 €/KG","img":"https://fd9-photos.leclercdrive.fr/image.ashx?id=2164621&use=l&cat=p&typeid=i","cat":284597},{"id":162403,"n":"Nems au porc L'Atelier Traiteur 280g","p":2.85,"u":"10,18 €/KG","img":"https://fd9-photos.leclercdrive.fr/image.ashx?id=2967682&use=l&cat=p&typeid=i","cat":333673},{"id":162497,"n":"Changes Pampers Hybrid Starter Kit - x1 couche + 15 inserts","p":17.52,"u":"0,88 €/P","img":"https://fd9-photos.leclercdrive.fr/image.ashx?id=2355995&use=l&cat=p&typeid=i","cat":284737},{"id":162498,"n":"Changes Pampers Hybrid Starter Kit -  x3 couches + 25 inserts","p":47.12,"u":"1,68 €/P","img":"https://fd9-photos.leclercdrive.fr/image.ashx?id=2217828&use=l&cat=p&typeid=i","cat":284737},{"id":162570,"n":"Sauce apéritif Doritos Goût salsa épicée -280g","p":2.49,"u":"8,89 €/KG","img":"https://fd9-photos.leclercdrive.fr/image.ashx?id=3014473&use=l&cat=p&typeid=i","cat":284451},{"id":162572,"n":"Sauce apéritif Doritos Goût sour cream -280g","p":2.49,"u":"8,89 €/KG","img":"https://fd9-photos.leclercdrive.fr/image.ashx?id=2167528&use=l&cat=p&typeid=i","cat":284451},{"id":162583,"n":"Thon entier MSC Saupiquet Nature - 93g","p":1.81,"u":"19,46 €/KG","img":"https://fd9-photos.leclercdrive.fr/image.ashx?id=2731546&use=l&cat=p&typeid=i","cat":303867},{"id":162588,"n":"Thon entier MSC Saupiquet Nature - 2x93g","p":3.45,"u":"18,55 €/KG","img":"https://fd9-photos.leclercdrive.fr/image.ashx?id=2860886&use=l&cat=p&typeid=i","cat":303867},{"id":162596,"n":"Boisson aux fruits Jafun Orange - 2L","p":1.49,"u":"0,75 €/L","img":"https://fd9-photos.leclercdrive.fr/image.ashx?id=2897829&use=l&cat=p&typeid=i","cat":295018},{"id":162597,"n":"Lait concentré Régilait Sucré demi-écrémé - 300g","p":1.69,"u":"5,63 €/KG","img":"https://fd9-photos.leclercdrive.fr/image.ashx?id=2169956&use=l&cat=p&typeid=i","cat":293236},{"id":162600,"n":"Ampoule LED Standard Philips 60W - E27  Blanc froid X1","p":12.25,"img":"https://fd9-photos.leclercdrive.fr/image.ashx?id=2817009&use=l&cat=p&typeid=i","cat":300573},{"id":162605,"n":"Piles Varta Longlife Power AA/LR06 - x20","p":11.95,"u":"0,60 €/P","img":"https://fd9-photos.leclercdrive.fr/image.ashx?id=2804571&use=l&cat=p&typeid=i","cat":300572},{"id":162606,"n":"Pile Varta Longlife power AAA LR03 - x20","p":12.05,"u":"0,60 €/P","img":"https://fd9-photos.leclercdrive.fr/image.ashx?id=2186398&use=l&cat=p&typeid=i","cat":300572},{"id":162614,"n":"Couscous L'Atelier Traiteur 900g","p":8.99,"u":"9,99 €/KG","img":"https://fd9-photos.leclercdrive.fr/image.ashx?id=3012454&use=l&cat=p&typeid=i","cat":333666},{"id":162638,"n":"Sucre vanillé Vahiné x10 et levure chimique x5 - 130g","p":1.91,"u":"14,69 €/KG","img":"https://fd9-photos.leclercdrive.fr/image.ashx?id=2529285&use=l&cat=p&typeid=i","cat":284504},{"id":162639,"n":"Sucre vanillé Madagascar Vahiné et levure chimique x10 - 93g","p":1.87,"u":"20,11 €/KG","img":"https://fd9-photos.leclercdrive.fr/image.ashx?id=2529288&use=l&cat=p&typeid=i","cat":284504},{"id":162738,"n":"Shampooing Le Petit Marseillais Calendula & Coco - 2x 250ml","p":4.25,"u":"8,50 €/L","img":"https://fd9-photos.leclercdrive.fr/image.ashx?id=2668530&use=l&cat=p&typeid=i","cat":284606},{"id":162760,"n":"Crème Dermo Age Perfect Jour Nuit Gamme blanche - 50ml","p":18.02,"u":"360,40 €/L","img":"https://fd9-photos.leclercdrive.fr/image.ashx?id=2422755&use=l&cat=p&typeid=i","cat":325345},{"id":162823,"n":"Bière blonde La Bête 8° - 6x25cl","p":7.49,"u":"4,99 €/L","img":"https://fd9-photos.leclercdrive.fr/image.ashx?id=3011245&use=l&cat=p&typeid=i","cat":334872},{"id":163021,"n":"Biscuits Knoppers Lait / Noisettes - 6x25g","p":2.21,"u":"14,73 €/KG","img":"https://fd9-photos.leclercdrive.fr/image.ashx?id=2659151&use=l&cat=p&typeid=i","cat":284488},{"id":163029,"n":"Tablette chocolat Villars Noir / pépites café - 100g","p":2.42,"u":"24,20 €/KG","img":"https://fd9-photos.leclercdrive.fr/image.ashx?id=2464291&use=l&cat=p&typeid=i","cat":284956},{"id":163032,"n":"Déodorant Homme AXE Dark Temptation 48h 200ml","p":3.61,"u":"18,05 €/L","img":"https://fd9-photos.leclercdrive.fr/image.ashx?id=2894557&use=l&cat=p&typeid=i","cat":284618},{"id":163033,"n":"Tablette chocolat Villars Lait - 100g","p":2.48,"u":"24,80 €/KG","img":"https://fd9-photos.leclercdrive.fr/image.ashx?id=2464318&use=l&cat=p&typeid=i","cat":284497},{"id":163104,"n":"Chlore multi-actions 2.4kg","p":16.99,"u":"7,08 €/KG","img":"https://fd9-photos.leclercdrive.fr/image.ashx?id=2331345&use=l&cat=p&typeid=i","cat":335918},{"id":163127,"n":"Thon entier nature MSC Saupiquet - 2x140g","p":4.86,"u":"17,36 €/KG","img":"https://fd9-photos.leclercdrive.fr/image.ashx?id=2860871&use=l&cat=p&typeid=i","cat":303867},{"id":163129,"n":"Petits pains grillés Krisprolls Complet - 425g","p":3.13,"u":"7,36 €/KG","img":"https://fd9-photos.leclercdrive.fr/image.ashx?id=2793716&use=l&cat=p&typeid=i","cat":284479},{"id":163133,"n":"Bière ambrée Kwak 8.4% - 75cl","p":4.6,"u":"6,13 €/L","img":"https://fd9-photos.leclercdrive.fr/image.ashx?id=2948423&use=l&cat=p&typeid=i","cat":334872},{"id":163143,"n":"Dragibus Soft Haribo Sachet bonbons - 300g","p":1.41,"u":"4,70 €/KG","img":"https://fd9-photos.leclercdrive.fr/image.ashx?id=2806123&use=l&cat=p&typeid=i","cat":304250},{"id":163145,"n":"Dragibus Original Haribo Multipack bonbons - 250g","p":1.92,"u":"7,68 €/KG","img":"https://fd9-photos.leclercdrive.fr/image.ashx?id=2984943&use=l&cat=p&typeid=i","cat":304250},{"id":163147,"n":"Bonbons Haribo Dragolo - 750g","p":4.72,"u":"6,29 €/KG","img":"https://fd9-photos.leclercdrive.fr/image.ashx?id=2803586&use=l&cat=p&typeid=i","cat":304250},{"id":163149,"n":"Piles alcalines Duracell MX1500 Optimum AA/LR06 1,5V - x8","p":11.64,"u":"1,46 €/P","img":"https://fd9-photos.leclercdrive.fr/image.ashx?id=2929098&use=l&cat=p&typeid=i","cat":300572},{"id":163258,"n":"Petits pots Hipp Bio Gratin de Courgettes 6-9mois 2x190g","p":2.08,"u":"5,47 €/KG","img":"https://fd9-photos.leclercdrive.fr/image.ashx?id=2917975&use=l&cat=p&typeid=i","cat":312235},{"id":163264,"n":"Petits pots Hipp Bio Riz Curry Potiron  6mois 2x190g","p":2.7,"u":"7,11 €/KG","img":"https://fd9-photos.leclercdrive.fr/image.ashx?id=2924686&use=l&cat=p&typeid=i","cat":312235},{"id":163317,"n":"Assiettes plates Homeside 23cm blanc sans film PE - x50","p":2.69,"u":"0,05 €/P","img":"https://fd9-photos.leclercdrive.fr/image.ashx?id=2177415&use=l&cat=p&typeid=i","cat":334134},{"id":163324,"n":"Assiettes plates Homeside 23 cm grise sans film PE - x20","p":1.96,"u":"0,10 €/P","img":"https://fd9-photos.leclercdrive.fr/image.ashx?id=2177391&use=l&cat=p&typeid=i","cat":334134},{"id":163326,"n":"Assiettes plates Homeside 23 cm noir sans film PE - x20","p":1.96,"u":"0,10 €/P","img":"https://fd9-photos.leclercdrive.fr/image.ashx?id=2177397&use=l&cat=p&typeid=i","cat":334134},{"id":163331,"n":"Assiettes plates Homeside Bleue 23cm  sans film PE - x20","p":1.96,"u":"0,10 €/P","img":"https://fd9-photos.leclercdrive.fr/image.ashx?id=2927893&use=l&cat=p&typeid=i","cat":334134},{"id":163334,"n":"Olives vertes dénoyautées  Croc'frais ail des ours - 150g","p":2.79,"u":"18,60 €/KG","img":"https://fd9-photos.leclercdrive.fr/image.ashx?id=2175927&use=l&cat=p&typeid=i","cat":316002},{"id":163341,"n":"Gobelets 25cl Homeside Noir - x12","p":1.5,"u":"0,13 €/P","img":"https://fd9-photos.leclercdrive.fr/image.ashx?id=2708958&use=l&cat=p&typeid=i","cat":334134},{"id":163350,"n":"Gobelets 25cl Homeside Chaud/froid - 25","p":1.9,"u":"0,08 €/P","img":"https://fd9-photos.leclercdrive.fr/image.ashx?id=2177355&use=l&cat=p&typeid=i","cat":334134},{"id":163354,"n":"Gobelets 20cl Eco+ Blanc - x50","p":1.26,"u":"0,03 €/P","img":"https://fd9-photos.leclercdrive.fr/image.ashx?id=2176608&use=l&cat=p&typeid=i","cat":334134},{"id":163357,"n":"Gobelets 25cl Homeside Bleu ciel - x12","p":1.5,"u":"0,13 €/P","img":"https://fd9-photos.leclercdrive.fr/image.ashx?id=2708976&use=l&cat=p&typeid=i","cat":334134},{"id":163370,"n":"Thon entier Petit Navire MSC Nature - 3x112g","p":7.4,"u":"22,02 €/KG","img":"https://fd9-photos.leclercdrive.fr/image.ashx?id=2521921&use=l&cat=p&typeid=i","cat":303867},{"id":163414,"n":"Brossettes Efiseptyl Clean Expert 0.9mm - 1 pièce","p":4.05,"img":"https://fd9-photos.leclercdrive.fr/image.ashx?id=2928405&use=l&cat=p&typeid=i","cat":285159},{"id":163418,"n":"Raclette gratte givre Manche mousse - 1 pièce","p":1.95,"img":"https://fd9-photos.leclercdrive.fr/image.ashx?id=2198098&use=l&cat=p&typeid=i","cat":298252},{"id":163420,"n":"Smarties Mini Bonbons Chocolats 21 boites - 315g","p":3.98,"u":"12,63 €/KG","img":"https://fd9-photos.leclercdrive.fr/image.ashx?id=2740862&use=l&cat=p&typeid=i","cat":304238},{"id":163434,"n":"Ampoule H1 + 50% de luminosité - x1","p":2.5,"img":"https://fd9-photos.leclercdrive.fr/image.ashx?id=2283570&use=l&cat=p&typeid=i","cat":300573},{"id":163436,"n":"Ampoule H4 +50% de luminosité - x1","p":4.3,"img":"https://fd9-photos.leclercdrive.fr/image.ashx?id=2665883&use=l&cat=p&typeid=i","cat":300573},{"id":163438,"n":"Ampoules H4 + 50% de luminosité - x2","p":5.99,"u":"3,00 €/P","img":"https://fd9-photos.leclercdrive.fr/image.ashx?id=2283613&use=l&cat=p&typeid=i","cat":300573},{"id":163476,"n":"Petit pot bébé Bledina 6 mois purée Carottes Choux fleurs","p":1.96,"u":"4,90 €/KG","img":"https://fd9-photos.leclercdrive.fr/image.ashx?id=2909509&use=l&cat=p&typeid=i","cat":312235},{"id":163526,"n":"Petit pot bébé bledina 6 mois  Purée légumes agneau - 2x200g","p":1.95,"u":"4,88 €/KG","img":"https://fd9-photos.leclercdrive.fr/image.ashx?id=2976770&use=l&cat=p&typeid=i","cat":312236},{"id":163613,"n":"Mozzarella fromage râpé  Les Croisés - 150g","p":1.39,"u":"9,27 €/KG","img":"https://fd9-photos.leclercdrive.fr/image.ashx?id=2178848&use=l&cat=p&typeid=i","cat":314035},{"id":163706,"n":"Poisson Pané Cabillaud MSC Façon Fish & Chips x4 - 400g","p":6.77,"u":"16,93 €/KG","img":"https://fd9-photos.leclercdrive.fr/image.ashx?id=2985351&use=l&cat=p&typeid=i","cat":319788},{"id":163749,"n":"Mousseline Purina Gourmet Boeuf nappé de sauce - 4x57g","p":2.86,"u":"12,54 €/KG","img":"https://fd9-photos.leclercdrive.fr/image.ashx?id=2861773&use=l&cat=p&typeid=i","cat":285286},{"id":163750,"n":"Mousseline Purina Gourmet Poulet nappé de sauce - 4x57g","p":3.21,"u":"14,08 €/KG","img":"https://fd9-photos.leclercdrive.fr/image.ashx?id=2864197&use=l&cat=p&typeid=i","cat":285286},{"id":163844,"n":"Bière Ch'ti IPA - 6%vol - 75cl","p":3.65,"u":"4,87 €/L","img":"https://fd9-photos.leclercdrive.fr/image.ashx?id=2560948&use=l&cat=p&typeid=i","cat":334872},{"id":163910,"n":"Daddy pure canne bio 750g","p":3.0,"u":"4,00 €/KG","img":"https://fd9-photos.leclercdrive.fr/image.ashx?id=2936077&use=l&cat=p&typeid=i","cat":284502},{"id":163930,"n":"Chorizo doux tranché L'Atelier Charcuterie - 100g","p":2.46,"u":"24,60 €/KG","img":"https://fd9-photos.leclercdrive.fr/image.ashx?id=2856666&use=l&cat=p&typeid=i","cat":316007},{"id":163931,"n":"Chiffonnade de chorizo L'Atelier Charcuterie - 80g","p":2.09,"u":"26,13 €/KG","img":"https://fd9-photos.leclercdrive.fr/image.ashx?id=2992675&use=l&cat=p&typeid=i","cat":316007},{"id":164281,"n":"Noix de Cajou Naturelles 200g","p":3.89,"u":"19,45 €/KG","img":"https://fd9-photos.leclercdrive.fr/image.ashx?id=2950603&use=l&cat=p&typeid=i","cat":316002},{"id":164307,"n":"Cremio Box Sodebo Jambon Champignons 280g","p":2.7,"u":"13,50 €/KG","img":"https://fd9-photos.leclercdrive.fr/image.ashx?id=2224628&use=l&cat=p&typeid=i","cat":334983},{"id":164308,"n":"Cremio Box Sodebo Thon - 280g","p":2.81,"u":"10,04 €/KG","img":"https://fd9-photos.leclercdrive.fr/image.ashx?id=2224625&use=l&cat=p&typeid=i","cat":334983},{"id":164388,"n":"AOP Côtes de Bourg rouge Chateau du Bosquet - 1.5L","p":19.9,"u":"13,27 €/L","img":"https://fd9-photos.leclercdrive.fr/image.ashx?id=2313945&use=l&cat=p&typeid=i","cat":289556},{"id":164427,"n":"AOP Haut-Médoc rouge Cru Bourgeois Chat. Barreyres 1.5L","p":23.92,"u":"15,95 €/L","img":"https://fd9-photos.leclercdrive.fr/image.ashx?id=2231723&use=l&cat=p&typeid=i","cat":289556},{"id":164443,"n":"Crème dessert Récré O'Lé Chocolats - 20x85g","p":10.6,"u":"6,24 €/KG","img":"https://fd9-photos.leclercdrive.fr/image.ashx?id=2492869&use=l&cat=p&typeid=i","cat":284506},{"id":164448,"n":"Yaourt à la Grecque Yaos Coco - 4x125g + 2 offert","p":2.09,"u":"4,18 €/KG","img":"https://fd9-photos.leclercdrive.fr/image.ashx?id=2817314&use=l&cat=p&typeid=i","cat":314999},{"id":164449,"n":"Yaourt à la Grecque Yaos Citron - 4x125g + 2 offerts","p":2.25,"u":"3,00 €/KG","img":"https://fd9-photos.leclercdrive.fr/image.ashx?id=2561631&use=l&cat=p&typeid=i","cat":314999},{"id":164464,"n":"Dessert Charles & Alice Coco/Stracciatella - 2x110g","p":1.56,"u":"7,09 €/KG","img":"https://fd9-photos.leclercdrive.fr/image.ashx?id=2911354&use=l&cat=p&typeid=i","cat":316071},{"id":164541,"n":"Maïs Bonduelle Sans Résidu De Pesticides 285g","p":1.1,"u":"3,86 €/KG","img":"https://fd9-photos.leclercdrive.fr/image.ashx?id=2972892&use=l&cat=p&typeid=i","cat":312611},{"id":164583,"n":"Gel Lavant enfant Cadum Corps & cheveux - 750ml","p":4.54,"u":"6,05 €/L","img":"https://fd9-photos.leclercdrive.fr/image.ashx?id=2839496&use=l&cat=p&typeid=i","cat":284594},{"id":164602,"n":"Lessive liquide fraîcheur ECO+ 40 lavages - 2L","p":2.33,"u":"1,17 €/L","img":"https://fd9-photos.leclercdrive.fr/image.ashx?id=2597988&use=l&cat=p&typeid=i","cat":284640},{"id":164603,"n":"Lessive liquide fleurie Epsil 25 lavages - 1,25L","p":3.91,"u":"3,13 €/L","img":"https://fd9-photos.leclercdrive.fr/image.ashx?id=2603000&use=l&cat=p&typeid=i","cat":284640},{"id":164606,"n":"Rhum blanc DOM 40° - 70cl","p":9.11,"u":"13,01 €/L","img":"https://fd9-photos.leclercdrive.fr/image.ashx?id=2188772&use=l&cat=p&typeid=i","cat":284550},{"id":164611,"n":"Glacière isotherme Jute 26 L","p":6.0,"img":"https://fd9-photos.leclercdrive.fr/image.ashx?id=2188378&use=l&cat=p&typeid=i","cat":334139},{"id":164653,"n":"Pâte à tartiner bio Jardin Bio Chocolat noisette Crunchy 350g","p":3.32,"u":"9,49 €/KG","img":"https://fd9-photos.leclercdrive.fr/image.ashx?id=2811149&use=l&cat=p&typeid=i","cat":284481},{"id":164656,"n":"Jus de Citron Jardin Bio Etic bio -1L","p":5.94,"u":"5,94 €/L","img":"https://fd9-photos.leclercdrive.fr/image.ashx?id=3002102&use=l&cat=p&typeid=i","cat":288383},{"id":164657,"n":"Pur Beurre de Cacahuète Crunchy bio Jardin Bio Etic - 350g","p":4.63,"u":"13,23 €/KG","img":"https://fd9-photos.leclercdrive.fr/image.ashx?id=2298667&use=l&cat=p&typeid=i","cat":284481},{"id":164728,"n":"Chips bio lentilles Jardin Bio Oignons sans gluten - 50g","p":1.82,"u":"36,40 €/KG","img":"https://fd9-photos.leclercdrive.fr/image.ashx?id=2537526&use=l&cat=p&typeid=i","cat":318654},{"id":164830,"n":"Bonbons Haribo  Multipack Halloween - 630g","p":5.17,"u":"8,21 €/KG","img":"https://fd9-photos.leclercdrive.fr/image.ashx?id=2234090&use=l&cat=p&typeid=i","cat":304250},{"id":164869,"n":"Raclette nature pasteurisée L'Atelier Fromagerie - 250g","p":3.39,"u":"13,56 €/KG","img":"https://fd9-photos.leclercdrive.fr/image.ashx?id=2856362&use=l&cat=p&typeid=i","cat":314036},{"id":164870,"n":"Raclette au poivre pasteurisée L'Atelier Fromagerie - 250g","p":3.75,"u":"15,00 €/KG","img":"https://fd9-photos.leclercdrive.fr/image.ashx?id=2856365&use=l&cat=p&typeid=i","cat":314036},{"id":164871,"n":"Raclette fumée pasteurisée L'Atelier Fromagerie - 250g","p":3.75,"u":"15,00 €/KG","img":"https://fd9-photos.leclercdrive.fr/image.ashx?id=2992684&use=l&cat=p&typeid=i","cat":314036},{"id":164873,"n":"Raclette à l'oignon pasteurisée L'Atelier Fromagerie - 250g","p":3.75,"u":"15,00 €/KG","img":"https://fd9-photos.leclercdrive.fr/image.ashx?id=2215473&use=l&cat=p&typeid=i","cat":314036},{"id":165062,"n":"Gel Lubrifiant Intime Cherry Arome Cerise Durex 100ml","p":8.92,"u":"89,20 €/L","img":"https://fd9-photos.leclercdrive.fr/image.ashx?id=2960696&use=l&cat=p&typeid=i","cat":285160},{"id":165063,"n":"Gel Lubrifiant Intime Hot Durex Effet Chauffant Base Eau 100ml","p":9.09,"u":"90,90 €/L","img":"https://fd9-photos.leclercdrive.fr/image.ashx?id=2785487&use=l&cat=p&typeid=i","cat":285160},{"id":165131,"n":"Crème de cassis d'Anjou  Giffard 16% - 50cl","p":5.5,"pp":4.95,"u":"9,90 €/L","img":"https://fd9-photos.leclercdrive.fr/image.ashx?id=2219150&use=l&cat=p&typeid=i","cat":286032},{"id":165138,"n":"Crème de fleur de sureau  Giffard 16% - 50cl","p":5.5,"pp":4.95,"u":"9,90 €/L","img":"https://fd9-photos.leclercdrive.fr/image.ashx?id=2219165&use=l&cat=p&typeid=i","cat":286032},{"id":165154,"n":"M de Minuty Rosé 75CL","p":15.58,"u":"20,77 €/L","img":"https://fd9-photos.leclercdrive.fr/image.ashx?id=2193488&use=l&cat=p&typeid=i","cat":289558},{"id":165199,"n":"Pate à tartiner Bonne Maman Noisette et cacao - 360g","p":4.02,"u":"11,17 €/KG","img":"https://fd9-photos.leclercdrive.fr/image.ashx?id=2891106&use=l&cat=p&typeid=i","cat":284481},{"id":165200,"n":"Pate à tartiner Bonne Maman Noisette et cacao - 580g","p":5.24,"u":"9,03 €/KG","img":"https://fd9-photos.leclercdrive.fr/image.ashx?id=2891109&use=l&cat=p&typeid=i","cat":284481},{"id":165255,"n":"Merguez de boeuf La Nouvelle Agriculture x6 - 330g","p":6.95,"pp":5.95,"u":"18,03 €/KG","img":"https://fd9-photos.leclercdrive.fr/image.ashx?id=2194975&use=l&cat=p&typeid=i","cat":284334},{"id":165452,"n":"Légumes pot au feu D'aucy Sachet de 1kg","p":1.56,"u":"1,56 €/KG","img":"https://fd9-photos.leclercdrive.fr/image.ashx?id=2304551&use=l&cat=p&typeid=i","cat":319805},{"id":165563,"n":"Kit papiers cadeaux Doré Rouge-5 rouleaux+2 bolducs","p":2.99,"img":"https://fd9-photos.leclercdrive.fr/image.ashx?id=2220569&use=l&cat=p&typeid=i","cat":335914},{"id":165594,"n":"Bullet journal + 8 feutres  écriture","p":14.9,"img":"https://fd9-photos.leclercdrive.fr/image.ashx?id=2207121&use=l&cat=p&typeid=i","cat":334381},{"id":165605,"n":"Tenders de poulet Coté Croc  - 600g","p":6.23,"u":"10,38 €/KG","img":"https://fd9-photos.leclercdrive.fr/image.ashx?id=2198315&use=l&cat=p&typeid=i","cat":319780},{"id":165666,"n":"Confitures Léonce Blanc 70% 4 agrumes - 320g","p":2.56,"u":"8,00 €/KG","img":"https://fd9-photos.leclercdrive.fr/image.ashx?id=2362591&use=l&cat=p&typeid=i","cat":284480},{"id":165677,"n":"Tanqueray Flor de Sevilla 41.3%vol - 70cl","p":23.96,"u":"34,23 €/L","img":"https://fd9-photos.leclercdrive.fr/image.ashx?id=2206031&use=l&cat=p&typeid=i","cat":284550},{"id":165678,"n":"Crème Whisky Baileys Caramel salé 17% vol - 70cl","p":11.57,"u":"16,53 €/L","img":"https://fd9-photos.leclercdrive.fr/image.ashx?id=2351475&use=l&cat=p&typeid=i","cat":286032},{"id":165685,"n":"Tarte aux pommes 6/8 parts 630g","p":7.5,"u":"11,90 €/KG","img":"https://fd9-photos.leclercdrive.fr/image.ashx?id=557985&use=l&cat=p&typeid=i","cat":284360},{"id":165801,"n":"Sauce bolognaise Eco+ 420g","p":1.13,"u":"2,69 €/KG","img":"https://fd9-photos.leclercdrive.fr/image.ashx?id=2634845&use=l&cat=p&typeid=i","cat":287599},{"id":166278,"n":"Boisson gazeuse Fever Tree Ginger Beer Strong & Spicy 50cl","p":2.43,"u":"4,86 €/L","img":"https://fd9-photos.leclercdrive.fr/image.ashx?id=2380670&use=l&cat=p&typeid=i","cat":284531},{"id":166279,"n":"Boisson gazeuse Fever Tree Tonic Water 8x15cl","p":4.95,"u":"4,13 €/L","img":"https://fd9-photos.leclercdrive.fr/image.ashx?id=2389280&use=l&cat=p&typeid=i","cat":284531},{"id":166304,"n":"Croquettes poisson pané Findus MSC Ail Fines Herbes x6 - 300g","p":2.98,"u":"9,93 €/KG","img":"https://fd9-photos.leclercdrive.fr/image.ashx?id=3008752&use=l&cat=p&typeid=i","cat":319788},{"id":166359,"n":"Jambon cuit Montorsi Nature - 120g+40g offerts","p":2.75,"u":"17,19 €/KG","img":"https://fd9-photos.leclercdrive.fr/image.ashx?id=2206868&use=l&cat=p&typeid=i","cat":316009},{"id":166360,"n":"Jambon cuit rôti Montorsi Aux herbes - 120g+40g offerts","p":2.8,"u":"17,50 €/KG","img":"https://fd9-photos.leclercdrive.fr/image.ashx?id=2206871&use=l&cat=p&typeid=i","cat":316009},{"id":166361,"n":"Poisson Colin Alaska Findus  Croustillant Bordelaise - 380g","p":4.56,"u":"12,00 €/KG","img":"https://fd9-photos.leclercdrive.fr/image.ashx?id=2278034&use=l&cat=p&typeid=i","cat":319788},{"id":166375,"n":"Tortiglioni Panzani 3x500g","p":2.81,"u":"1,87 €/KG","img":"https://fd9-photos.leclercdrive.fr/image.ashx?id=2854333&use=l&cat=p&typeid=i","cat":284427},{"id":166377,"n":"Lessive eco-recharge Uni Vert Fleur x30 lavages - 1,05L","p":4.12,"u":"3,92 €/L","img":"https://fd9-photos.leclercdrive.fr/image.ashx?id=2838942&use=l&cat=p&typeid=i","cat":284640},{"id":166403,"n":"Lessive eco-recharge Uni Vert Aloe x30 lavages - 1.05L","p":4.12,"u":"3,92 €/L","img":"https://fd9-photos.leclercdrive.fr/image.ashx?id=2669780&use=l&cat=p&typeid=i","cat":284640},{"id":166404,"n":"Lessive eco-recharge Uni Vert  Aloe Vera x42 lavages - 1.5L","p":5.91,"u":"3,94 €/L","img":"https://fd9-photos.leclercdrive.fr/image.ashx?id=2838954&use=l&cat=p&typeid=i","cat":284640},{"id":166419,"n":"Signature Patato Pops McCain Pommes de terre - 650g","p":2.91,"u":"4,48 €/KG","img":"https://fd9-photos.leclercdrive.fr/image.ashx?id=2752233&use=l&cat=p&typeid=i","cat":319792},{"id":166478,"n":"Démaquillant Maybelline  Waterproof biphase 2en1 - 150ml","p":2.65,"u":"17,67 €/L","img":"https://fd9-photos.leclercdrive.fr/image.ashx?id=2278169&use=l&cat=p&typeid=i","cat":284603},{"id":166486,"n":"Nectar Fruits du Verger Jafaden Sans sucre ajouté - 1L","p":1.59,"u":"1,59 €/L","img":"https://fd9-photos.leclercdrive.fr/image.ashx?id=2919658&use=l&cat=p&typeid=i","cat":284521},{"id":166598,"n":"Sauce spaghetti bio Jardin Bio 510g","p":2.94,"u":"5,76 €/KG","img":"https://fd9-photos.leclercdrive.fr/image.ashx?id=2811164&use=l&cat=p&typeid=i","cat":288384},{"id":166601,"n":"Compote bio Jardin Bio Pomme banane - 680g","p":3.17,"u":"4,66 €/KG","img":"https://fd9-photos.leclercdrive.fr/image.ashx?id=2918307&use=l&cat=p&typeid=i","cat":284508},{"id":166602,"n":"Compote bio Jardin Bio Pomme fraise - 680g","p":2.97,"u":"4,37 €/KG","img":"https://fd9-photos.leclercdrive.fr/image.ashx?id=2918835&use=l&cat=p&typeid=i","cat":284508},{"id":166669,"n":"IGP Pays d'Aigues Vin Rouge Touraigues 75cl","p":2.34,"u":"3,12 €/L","img":"https://fd9-photos.leclercdrive.fr/image.ashx?id=2211014&use=l&cat=p&typeid=i","cat":289556},{"id":166686,"n":"Yaourt protéiné Hipro  Coco 0%mg - 2x160g","p":2.32,"u":"7,25 €/KG","img":"https://fd9-photos.leclercdrive.fr/image.ashx?id=2807423&use=l&cat=p&typeid=i","cat":315000},{"id":166687,"n":"Yaourt protéiné Hipro 0%mg  Banane beurre cacahuète -2x160g","p":2.33,"u":"7,28 €/KG","img":"https://fd9-photos.leclercdrive.fr/image.ashx?id=2807426&use=l&cat=p&typeid=i","cat":315000},{"id":166698,"n":"Crottin de chèvre Rians  x2 - 120g","p":2.63,"u":"21,92 €/KG","img":"https://fd9-photos.leclercdrive.fr/image.ashx?id=2324888&use=l&cat=p&typeid=i","cat":314031},{"id":166714,"n":"Jambon avec couenne Le Foué  4 tranches - 260g","p":4.5,"u":"17,31 €/KG","img":"https://fd9-photos.leclercdrive.fr/image.ashx?id=2526785&use=l&cat=p&typeid=i","cat":316009},{"id":166751,"n":"Lessive en poudre Epsil 10 lavages - 500g","p":2.69,"u":"5,38 €/KG","img":"https://fd9-photos.leclercdrive.fr/image.ashx?id=2450158&use=l&cat=p&typeid=i","cat":284642},{"id":166752,"n":"Lessive tri-dose Orient Epsil x20 - 490ml","p":4.49,"u":"9,16 €/L","img":"https://fd9-photos.leclercdrive.fr/image.ashx?id=2450116&use=l&cat=p&typeid=i","cat":284641},{"id":166753,"n":"Apéritif Apérol Spritz 12.5% vol - 1L","p":14.34,"u":"14,34 €/L","img":"https://fd9-photos.leclercdrive.fr/image.ashx?id=2957287&use=l&cat=p&typeid=i","cat":286032},{"id":166756,"n":"Blanc de poulet Fleury Michon Sans nitrite x4 - 130g","p":1.91,"u":"14,69 €/KG","img":"https://fd9-photos.leclercdrive.fr/image.ashx?id=2954833&use=l&cat=p&typeid=i","cat":316010},{"id":166757,"n":"Filet de poulet rôti Fleury Michon sans nitrite x6 - 160g","p":2.89,"u":"18,06 €/KG","img":"https://fd9-photos.leclercdrive.fr/image.ashx?id=2954830&use=l&cat=p&typeid=i","cat":316010},{"id":166759,"n":"Filet poulet rôti Fleury Michon  sans nitrite x4 - 116g","p":2.02,"u":"17,41 €/KG","img":"https://fd9-photos.leclercdrive.fr/image.ashx?id=2955173&use=l&cat=p&typeid=i","cat":316010},{"id":166819,"n":"Sucre en poudre Tablier Blanc 1kg","p":1.53,"u":"1,53 €/KG","img":"https://fd9-photos.leclercdrive.fr/image.ashx?id=3010434&use=l&cat=p&typeid=i","cat":284502},{"id":166828,"n":"Blanc de poulet Fleury Michon Sans nitrite x6 - 195g","p":2.83,"u":"14,51 €/KG","img":"https://fd9-photos.leclercdrive.fr/image.ashx?id=2962848&use=l&cat=p&typeid=i","cat":316010},{"id":166839,"n":"Fruits de mer Hamlet Chocolat praliné - 250g","p":6.89,"pp":4.55,"u":"18,20 €/KG","img":"https://fd9-photos.leclercdrive.fr/image.ashx?id=2753247&use=l&cat=p&typeid=i","cat":327595},{"id":166856,"n":"Blette 1 Botte","p":2.49,"img":"https://fd9-photos.leclercdrive.fr/image.ashx?id=1631403&use=l&cat=p&typeid=i","cat":284352},{"id":166878,"n":"Lessive bi-doses Xeor Savon de Marseille x30","p":5.24,"u":"7,13 €/L","img":"https://fd9-photos.leclercdrive.fr/image.ashx?id=2838948&use=l&cat=p&typeid=i","cat":284641},{"id":166891,"n":"Cookies crunchy melts Cadbury Oreo 156g","p":2.19,"u":"14,04 €/KG","img":"https://fd9-photos.leclercdrive.fr/image.ashx?id=2328286&use=l&cat=p&typeid=i","cat":325066},{"id":167011,"n":"Pur jus de clémentine Jafaden 90cl","p":2.15,"u":"2,39 €/L","img":"https://fd9-photos.leclercdrive.fr/image.ashx?id=2723162&use=l&cat=p&typeid=i","cat":285435},{"id":167038,"n":"Coppa traditionnel Montorsi - 100g","p":2.83,"u":"28,30 €/KG","img":"https://fd9-photos.leclercdrive.fr/image.ashx?id=2279498&use=l&cat=p&typeid=i","cat":316007},{"id":167094,"n":"Gin Citadelle Jardin d'été 41.5% vol. - 70cl","p":29.0,"u":"41,43 €/L","img":"https://fd9-photos.leclercdrive.fr/image.ashx?id=2215056&use=l&cat=p&typeid=i","cat":284550},{"id":167095,"n":"Rhum vieux agricole Martinique AOC 43%vol - 70cl","p":28.85,"u":"41,21 €/L","img":"https://fd9-photos.leclercdrive.fr/image.ashx?id=2215023&use=l&cat=p&typeid=i","cat":284550},{"id":167096,"n":"Vodka Cîroc Ultra Premium 40% vol - 70cl","p":34.9,"u":"49,86 €/L","img":"https://fd9-photos.leclercdrive.fr/image.ashx?id=2948411&use=l&cat=p&typeid=i","cat":284550},{"id":167099,"n":"Vodka Cîroc Ultra Premium Red Berry - 37.5% vol - 70cl","p":34.9,"u":"49,86 €/L","img":"https://fd9-photos.leclercdrive.fr/image.ashx?id=2215215&use=l&cat=p&typeid=i","cat":284550},{"id":167101,"n":"Vodka Cîroc Ultra Premium Mango - 37.5% vol - 70cl","p":34.9,"u":"49,86 €/L","img":"https://fd9-photos.leclercdrive.fr/image.ashx?id=2215209&use=l&cat=p&typeid=i","cat":284550},{"id":167104,"n":"Vodka Cîroc Ultra Premium Apple - 37.5% vol - 70cl","p":34.9,"u":"49,86 €/L","img":"https://fd9-photos.leclercdrive.fr/image.ashx?id=2215206&use=l&cat=p&typeid=i","cat":284550},{"id":167107,"n":"Vodka Cîroc Ultra Premium Peach - 37.5% vol - 70cl","p":34.9,"u":"49,86 €/L","img":"https://fd9-photos.leclercdrive.fr/image.ashx?id=2215200&use=l&cat=p&typeid=i","cat":284550},{"id":167177,"n":"Praliné crème The belgian 200g","p":7.49,"pp":4.94,"u":"24,70 €/KG","img":"https://fd9-photos.leclercdrive.fr/image.ashx?id=2214141&use=l&cat=p&typeid=i","cat":327595},{"id":167179,"n":"Truffles original The belgian Truffles original - 200g","p":3.95,"u":"19,75 €/KG","img":"https://fd9-photos.leclercdrive.fr/image.ashx?id=2306456&use=l&cat=p&typeid=i","cat":327600},{"id":167181,"n":"Truffles caramel The belgian Truffles caramel - 200g","p":3.95,"u":"19,75 €/KG","img":"https://fd9-photos.leclercdrive.fr/image.ashx?id=2214147&use=l&cat=p&typeid=i","cat":327600},{"id":167243,"n":"Papillotes Révillon Noir 70% Féerique- 360g","p":11.58,"u":"32,17 €/KG","img":"https://fd9-photos.leclercdrive.fr/image.ashx?id=2863272&use=l&cat=p&typeid=i","cat":327597},{"id":167244,"n":"Papillotes Revillon Lait   Féerique - 360g","p":11.58,"u":"32,17 €/KG","img":"https://fd9-photos.leclercdrive.fr/image.ashx?id=2863269&use=l&cat=p&typeid=i","cat":327597},{"id":167246,"n":"Papillotes Revillon Noir Lait Féerique - 360g","p":11.05,"u":"30,69 €/KG","img":"https://fd9-photos.leclercdrive.fr/image.ashx?id=2863275&use=l&cat=p&typeid=i","cat":327597},{"id":167247,"n":"Papillotes Révillon Lait et Blanc - 360g","p":10.78,"u":"29,94 €/KG","img":"https://fd9-photos.leclercdrive.fr/image.ashx?id=2863278&use=l&cat=p&typeid=i","cat":327597},{"id":167306,"n":"Soupe Déshydratée Oignon KNORR 4 portions - 94g","p":1.48,"u":"15,74 €/KG","img":"https://fd9-photos.leclercdrive.fr/image.ashx?id=2780088&use=l&cat=p&typeid=i","cat":284463},{"id":167375,"n":"Pois chiches d'aucy Bien Cultivés - 250g","p":1.75,"u":"7,00 €/KG","img":"https://fd9-photos.leclercdrive.fr/image.ashx?id=2800764&use=l&cat=p&typeid=i","cat":312609},{"id":167378,"n":"Haricots verts d'aucy  Bien Cultivés - 58cl","p":2.31,"u":"3,98 €/L","img":"https://fd9-photos.leclercdrive.fr/image.ashx?id=2800770&use=l&cat=p&typeid=i","cat":312606},{"id":167381,"n":"Petits pois d'aucy  Bien Cultivés - 250g","p":2.03,"u":"8,12 €/KG","img":"https://fd9-photos.leclercdrive.fr/image.ashx?id=2216353&use=l&cat=p&typeid=i","cat":312607},{"id":167392,"n":"Jus d'ananas Jafaden 90cl","p":2.21,"u":"2,46 €/L","img":"https://fd9-photos.leclercdrive.fr/image.ashx?id=2819642&use=l&cat=p&typeid=i","cat":285435},{"id":167397,"n":"Pur jus d'orange Jafaden Avec pulpe - 90cl","p":2.21,"u":"2,46 €/L","img":"https://fd9-photos.leclercdrive.fr/image.ashx?id=2723156&use=l&cat=p&typeid=i","cat":285435},{"id":167399,"n":"Mini cheese burgers Côté Croc x10 - 155g","p":6.35,"u":"40,97 €/KG","img":"https://fd9-photos.leclercdrive.fr/image.ashx?id=2898266&use=l&cat=p&typeid=i","cat":319774},{"id":167529,"n":"Lait bébé en poudre Gallia Calisma 1er âge 0-6 mois 830g","p":15.79,"u":"19,02 €/KG","img":"https://fd9-photos.leclercdrive.fr/image.ashx?id=2456201&use=l&cat=p&typeid=i","cat":284726},{"id":167530,"n":"Lait bébé en poudre Gallia Calisma 2e âge 6-12 mois 830g","p":15.07,"u":"18,16 €/KG","img":"https://fd9-photos.leclercdrive.fr/image.ashx?id=2479730&use=l&cat=p&typeid=i","cat":284727},{"id":167531,"n":"Lait bébé poudre Gallia Relais Calisma  1er âge 0-6 mois 830g","p":18.57,"u":"22,37 €/KG","img":"https://fd9-photos.leclercdrive.fr/image.ashx?id=2462460&use=l&cat=p&typeid=i","cat":284726},{"id":167532,"n":"Lait bébé poudre Gallia Relais Calisma 2e âge 6-12 mois 830g","p":17.86,"u":"21,52 €/KG","img":"https://fd9-photos.leclercdrive.fr/image.ashx?id=2911217&use=l&cat=p&typeid=i","cat":284727},{"id":167533,"n":"Tagliatelle Lustucru Selection  360g","p":1.6,"u":"4,44 €/KG","img":"https://fd9-photos.leclercdrive.fr/image.ashx?id=2885351&use=l&cat=p&typeid=i","cat":333682},{"id":167534,"n":"Tagliatelle Lustucru Selection  Maxi 600g","p":2.56,"u":"4,27 €/KG","img":"https://fd9-photos.leclercdrive.fr/image.ashx?id=2792399&use=l&cat=p&typeid=i","cat":333682},{"id":167535,"n":"Fettucini Lustucru Selection  350g","p":2.04,"u":"5,83 €/KG","img":"https://fd9-photos.leclercdrive.fr/image.ashx?id=2792402&use=l&cat=p&typeid=i","cat":333682},{"id":167567,"n":"Galette des rois Pasquier Frangipane - 400g","p":4.75,"u":"11,88 €/KG","img":"https://fd9-photos.leclercdrive.fr/image.ashx?id=2895837&use=l&cat=p&typeid=i","cat":293600},{"id":167586,"n":"Bière Licorne Noël - 5,8% vol. - 75cl","p":3.05,"u":"4,07 €/L","img":"https://fd9-photos.leclercdrive.fr/image.ashx?id=2915988&use=l&cat=p&typeid=i","cat":334872},{"id":167612,"n":"Lessive Epsil Perfect Tri Doses Pure fraîcheur x20 - 490ml","p":4.99,"u":"10,18 €/L","img":"https://fd9-photos.leclercdrive.fr/image.ashx?id=2450122&use=l&cat=p&typeid=i","cat":284641},{"id":167646,"n":"Rhum Havana Club Cuban Spiced 35% vol - 70cl","p":18.15,"u":"25,93 €/L","img":"https://fd9-photos.leclercdrive.fr/image.ashx?id=2839415&use=l&cat=p&typeid=i","cat":284550},{"id":167721,"n":"Pomme bicolore Jazz 1 pièce","p":0.62,"img":"https://fd9-photos.leclercdrive.fr/image.ashx?id=1875872&use=l&cat=p&typeid=i","cat":284356},{"id":167827,"n":"Thé Darjeeling Bio Ethiquable Inde - 100g","p":4.56,"u":"45,60 €/KG","img":"https://fd9-photos.leclercdrive.fr/image.ashx?id=2516776&use=l&cat=p&typeid=i","cat":293233},{"id":167834,"n":"Farine de Blé Ethiquable Blanche T65 Gers Bio - 1kg","p":3.2,"u":"3,20 €/KG","img":"https://fd9-photos.leclercdrive.fr/image.ashx?id=2977576&use=l&cat=p&typeid=i","cat":284503},{"id":167868,"n":"Couscous parfumé Tipiak Aux épices du monde - 4x65g","p":2.09,"u":"8,04 €/KG","img":"https://fd9-photos.leclercdrive.fr/image.ashx?id=2846694&use=l&cat=p&typeid=i","cat":284429},{"id":167892,"n":"Banane Francité 5 fruits","p":2.49,"u":"0,50 €/P","img":"https://fd9-photos.leclercdrive.fr/image.ashx?id=2291456&use=l&cat=p&typeid=i","cat":284356},{"id":167918,"n":"Multipack pikabouuuh 240g","p":2.17,"u":"9,04 €/KG","img":"https://fd9-photos.leclercdrive.fr/image.ashx?id=2913202&use=l&cat=p&typeid=i","cat":304250},{"id":167922,"n":"Sodiafizz Lutti 300g","p":2.2,"u":"7,33 €/KG","img":"https://fd9-photos.leclercdrive.fr/image.ashx?id=2857033&use=l&cat=p&typeid=i","cat":304250},{"id":168035,"n":"Papier toilette Renova Pure douceur - x40","p":14.89,"img":"https://fd9-photos.leclercdrive.fr/image.ashx?id=2225720&use=l&cat=p&typeid=i","cat":284634},{"id":168097,"n":"Purée fruit bébé Blédina 6 mois Pomme pêche fraise - 4x100g","p":1.78,"u":"4,45 €/KG","img":"https://fd9-photos.leclercdrive.fr/image.ashx?id=2983027&use=l&cat=p&typeid=i","cat":312388},{"id":168135,"n":"Bière fraise Choulette 33cl","p":2.44,"u":"7,39 €/L","img":"https://fd9-photos.leclercdrive.fr/image.ashx?id=2284451&use=l&cat=p&typeid=i","cat":334872},{"id":168151,"n":"Biscuit bébé Blédina 15 mois  Céréales pépites chocolat -168g","p":2.44,"u":"14,52 €/KG","img":"https://fd9-photos.leclercdrive.fr/image.ashx?id=2892421&use=l&cat=p&typeid=i","cat":312227},{"id":168154,"n":"Repas bébé Blédichef 12 mois Pdt céleri saumon -230g","p":2.07,"u":"9,00 €/KG","img":"https://fd9-photos.leclercdrive.fr/image.ashx?id=2223238&use=l&cat=p&typeid=i","cat":312237},{"id":168168,"n":"Huile d'olive Cauvin Vierge Extra - 75cl","p":7.92,"u":"10,56 €/L","img":"https://fd9-photos.leclercdrive.fr/image.ashx?id=2498353&use=l&cat=p&typeid=i","cat":284453},{"id":168203,"n":"Gressins torinese Florelli 125g","p":1.58,"u":"12,64 €/KG","img":"https://fd9-photos.leclercdrive.fr/image.ashx?id=2806372&use=l&cat=p&typeid=i","cat":289010},{"id":168205,"n":"Foie gras de canard Jean Larnaudie - 170g","p":27.5,"u":"161,76 €/KG","img":"https://fd9-photos.leclercdrive.fr/image.ashx?id=2915823&use=l&cat=p&typeid=i","cat":316008},{"id":168249,"n":"Gaufrettes Knoppers Lait Noisettes - 3x25g","p":1.34,"u":"17,87 €/KG","img":"https://fd9-photos.leclercdrive.fr/image.ashx?id=2659094&use=l&cat=p&typeid=i","cat":284488},{"id":168258,"n":"Foie gras de canard entier 125g","p":11.55,"u":"92,40 €/KG","img":"https://fd9-photos.leclercdrive.fr/image.ashx?id=2236791&use=l&cat=p&typeid=i","cat":305148},{"id":168301,"n":"Skyr Yoplait  Nature 0%Mg - 850g","p":3.26,"u":"3,84 €/KG","img":"https://fd9-photos.leclercdrive.fr/image.ashx?id=2884444&use=l&cat=p&typeid=i","cat":315000},{"id":168307,"n":"Poulet émincé Isla Délice Spécial Kebab's - 400g","p":5.93,"u":"14,83 €/KG","img":"https://fd9-photos.leclercdrive.fr/image.ashx?id=2226457&use=l&cat=p&typeid=i","cat":319780},{"id":168311,"n":"Fondant de faux-filet Charal Pur boeuf - 140g","p":4.21,"u":"30,07 €/KG","img":"https://fd9-photos.leclercdrive.fr/image.ashx?id=2894827&use=l&cat=p&typeid=i","cat":284328},{"id":168316,"n":"Steaks hachés Charal Pur Bœuf 5% MG 4x100g - 400g","p":8.47,"u":"21,18 €/KG","img":"https://fd9-photos.leclercdrive.fr/image.ashx?id=2741994&use=l&cat=p&typeid=i","cat":319778},{"id":168327,"n":"Mini Boulettes Charal Happy Family x50 - 750g","p":7.96,"u":"10,61 €/KG","img":"https://fd9-photos.leclercdrive.fr/image.ashx?id=2956457&use=l&cat=p&typeid=i","cat":319779},{"id":168354,"n":"Mascara Maybelline Sensational  - 1 pièce","p":8.95,"pp":5.91,"img":"https://fd9-photos.leclercdrive.fr/image.ashx?id=3010792&use=l&cat=p&typeid=i","cat":287029},{"id":168391,"n":"Jus de pomme désucré Jafaden 1L","p":1.39,"u":"1,39 €/L","img":"https://fd9-photos.leclercdrive.fr/image.ashx?id=2227035&use=l&cat=p&typeid=i","cat":284522},{"id":168656,"n":"Schoko-bons white Kinder Chocolat - 300g","p":6.78,"u":"22,60 €/KG","img":"https://fd9-photos.leclercdrive.fr/image.ashx?id=2918071&use=l&cat=p&typeid=i","cat":327592},{"id":168676,"n":"Compotes Pom'Potes Gourdes  Multivariétés Inédits - 20x90g","p":7.36,"u":"4,09 €/KG","img":"https://fd9-photos.leclercdrive.fr/image.ashx?id=2870179&use=l&cat=p&typeid=i","cat":284508},{"id":168868,"n":"Essuie-tout Uni Vert 2 = 4 rouleaux","p":2.72,"u":"1,36 €/P","img":"https://fd9-photos.leclercdrive.fr/image.ashx?id=2333715&use=l&cat=p&typeid=i","cat":284635},{"id":168869,"n":"Papier toilette Uni Vert 2 plis 4=12 - x4","p":3.38,"u":"0,85 €/P","img":"https://fd9-photos.leclercdrive.fr/image.ashx?id=2333718&use=l&cat=p&typeid=i","cat":284634},{"id":168990,"n":"Burgers Eco+ x10 - 1kg","p":6.53,"u":"6,53 €/KG","img":"https://fd9-photos.leclercdrive.fr/image.ashx?id=2966523&use=l&cat=p&typeid=i","cat":319778},{"id":168992,"n":"Nuggets de volaille Eco+ 500g","p":2.18,"u":"4,36 €/KG","img":"https://fd9-photos.leclercdrive.fr/image.ashx?id=2233397&use=l&cat=p&typeid=i","cat":319780},{"id":168993,"n":"Viande hachée Eco+  800g","p":9.49,"u":"11,86 €/KG","img":"https://fd9-photos.leclercdrive.fr/image.ashx?id=2966526&use=l&cat=p&typeid=i","cat":319779},{"id":168994,"n":"Yaourt Enfant Petits Filous Tubs Aromatisés - x15","p":3.32,"u":"5,98 €/KG","img":"https://fd9-photos.leclercdrive.fr/image.ashx?id=2811038&use=l&cat=p&typeid=i","cat":284415},{"id":168995,"n":"Yaourt brassé Perle de Lait Vanille - 4x125g","p":2.07,"u":"4,14 €/KG","img":"https://fd9-photos.leclercdrive.fr/image.ashx?id=2939715&use=l&cat=p&typeid=i","cat":314999},{"id":168996,"n":"Yaourt brassé Perle de Lait Nature - 6x125g","p":2.43,"u":"3,24 €/KG","img":"https://fd9-photos.leclercdrive.fr/image.ashx?id=2994199&use=l&cat=p&typeid=i","cat":314999},{"id":169003,"n":"Yaourt brassé Perle de Lait Nature - 4x125g","p":1.98,"u":"3,96 €/KG","img":"https://fd9-photos.leclercdrive.fr/image.ashx?id=2939706&use=l&cat=p&typeid=i","cat":314999},{"id":169006,"n":"Cocktail de fruits de mer Eco+ Précuit - 500g","p":3.77,"u":"7,54 €/KG","img":"https://fd9-photos.leclercdrive.fr/image.ashx?id=2529525&use=l&cat=p&typeid=i","cat":319787},{"id":169026,"n":"Pané de colin d'Alaska Eco+ x5 - 800g","p":4.49,"u":"5,61 €/KG","img":"https://fd9-photos.leclercdrive.fr/image.ashx?id=2804323&use=l&cat=p&typeid=i","cat":319788},{"id":169069,"n":"Tranches saveur Emmental  Violife 100% végan - 200g","p":2.68,"u":"13,40 €/KG","img":"https://fd9-photos.leclercdrive.fr/image.ashx?id=2687089&use=l&cat=p&typeid=i","cat":316070},{"id":169189,"n":"Dessert Materne Gourdes  Végétal Vanille - 4x85g","p":1.78,"u":"5,24 €/KG","img":"https://fd9-photos.leclercdrive.fr/image.ashx?id=2563235&use=l&cat=p&typeid=i","cat":284506},{"id":169228,"n":"Rillettes Les Mouettes d'Arvor Thon au fromage frais - 125g","p":2.45,"u":"19,60 €/KG","img":"https://fd9-photos.leclercdrive.fr/image.ashx?id=2237046&use=l&cat=p&typeid=i","cat":303867},{"id":169282,"n":"Coca Cola 33cl","p":0.75,"u":"2,27 €/L","img":"https://fd9-photos.leclercdrive.fr/image.ashx?id=2787737&use=l&cat=p&typeid=i","cat":284530},{"id":169342,"n":"Lardons fumés Herta 200g","p":2.28,"u":"11,40 €/KG","img":"https://fd9-photos.leclercdrive.fr/image.ashx?id=2939307&use=l&cat=p&typeid=i","cat":316011},{"id":169344,"n":"Lardons fumés Herta Sans nitrite - 2x75g","p":1.83,"u":"12,20 €/KG","img":"https://fd9-photos.leclercdrive.fr/image.ashx?id=2731369&use=l&cat=p&typeid=i","cat":316011},{"id":169345,"n":"Lardons nature Herta 200g","p":2.26,"u":"11,30 €/KG","img":"https://fd9-photos.leclercdrive.fr/image.ashx?id=2731357&use=l&cat=p&typeid=i","cat":316011},{"id":169346,"n":"Allumettes fumées Herta Sans nitrite - 2x75g","p":1.96,"u":"13,07 €/KG","img":"https://fd9-photos.leclercdrive.fr/image.ashx?id=2868903&use=l&cat=p&typeid=i","cat":316011},{"id":169347,"n":"Allumettes nature Herta Sans nitrite - 2x75g","p":2.11,"u":"14,07 €/KG","img":"https://fd9-photos.leclercdrive.fr/image.ashx?id=2868906&use=l&cat=p&typeid=i","cat":316011},{"id":169351,"n":"Allumettes fumées Herta 200g","p":2.01,"u":"10,05 €/KG","img":"https://fd9-photos.leclercdrive.fr/image.ashx?id=2817458&use=l&cat=p&typeid=i","cat":316011},{"id":169353,"n":"Pâte feuilletée Herta Tarte en Or - 230g","p":1.0,"u":"4,35 €/KG","img":"https://fd9-photos.leclercdrive.fr/image.ashx?id=2918658&use=l&cat=p&typeid=i","cat":333681},{"id":169354,"n":"Pâte brisée Herta Tarte en Or - 230g","p":1.1,"u":"4,78 €/KG","img":"https://fd9-photos.leclercdrive.fr/image.ashx?id=2739189&use=l&cat=p&typeid=i","cat":333681},{"id":169367,"n":"Pâte feuilletée Herta Tarte en Or -30%MG - 230g","p":1.49,"u":"6,48 €/KG","img":"https://fd9-photos.leclercdrive.fr/image.ashx?id=2814524&use=l&cat=p&typeid=i","cat":333681},{"id":169429,"n":"Tendres Effilés en Gelée Felix Selection poissons 12x85g","p":5.27,"u":"5,17 €/KG","img":"https://fd9-photos.leclercdrive.fr/image.ashx?id=2995439&use=l&cat=p&typeid=i","cat":285286},{"id":169430,"n":"Tendres Effilés en Gelée Felix Selection campagne 12x85g","p":5.23,"u":"5,13 €/KG","img":"https://fd9-photos.leclercdrive.fr/image.ashx?id=2957668&use=l&cat=p&typeid=i","cat":285286},{"id":169432,"n":"Tendres Effilés en Gelée Felix Selection mixte - 24x85g","p":8.69,"u":"4,26 €/KG","img":"https://fd9-photos.leclercdrive.fr/image.ashx?id=2869651&use=l&cat=p&typeid=i","cat":285286},{"id":169435,"n":"Délicieux Duos en Gelée Felix Selection mixte 24x85g","p":8.81,"u":"4,32 €/KG","img":"https://fd9-photos.leclercdrive.fr/image.ashx?id=2861779&use=l&cat=p&typeid=i","cat":285286},{"id":169445,"n":"Duos en gelée Felix Selection campagne - 44x85g","p":17.18,"u":"4,59 €/KG","img":"https://fd9-photos.leclercdrive.fr/image.ashx?id=2976857&use=l&cat=p&typeid=i","cat":285286},{"id":169447,"n":"Emincés En Gelée Felix Selection mixte - 12x85g","p":4.47,"u":"4,38 €/KG","img":"https://fd9-photos.leclercdrive.fr/image.ashx?id=2869657&use=l&cat=p&typeid=i","cat":285286},{"id":169448,"n":"Emincés En Gelée  Felix Volaille légumes - 12x85g","p":4.22,"u":"4,14 €/KG","img":"https://fd9-photos.leclercdrive.fr/image.ashx?id=2909212&use=l&cat=p&typeid=i","cat":285286},{"id":169511,"n":"Margarine Oméga 3 Fruit d'Or Sans huile de palme - 450g","p":2.88,"u":"6,40 €/KG","img":"https://fd9-photos.leclercdrive.fr/image.ashx?id=2887329&use=l&cat=p&typeid=i","cat":315229},{"id":169572,"n":"Gourdes de fruits Good Goût Bio Dès 4 mois - 4x120g","p":5.1,"u":"10,63 €/KG","img":"https://fd9-photos.leclercdrive.fr/image.ashx?id=2640698&use=l&cat=p&typeid=i","cat":312387},{"id":169662,"n":"Terrine de foie gras de canard  Secrets d'Eleveurs - 225g","p":11.9,"u":"52,89 €/KG","img":"https://fd9-photos.leclercdrive.fr/image.ashx?id=2680149&use=l&cat=p&typeid=i","cat":315998},{"id":169734,"n":"Raclette Le Montagnon Au lait cru - 350g","p":4.63,"u":"13,23 €/KG","img":"https://fd9-photos.leclercdrive.fr/image.ashx?id=2973012&use=l&cat=p&typeid=i","cat":314037},{"id":169795,"n":"Tarte Normande pommes 6/8 parts  6P","p":7.2,"u":"1,20 €/P","img":"https://fd9-photos.leclercdrive.fr/image.ashx?id=588375&use=l&cat=p&typeid=i","cat":284360},{"id":169959,"n":"Vin Rouge Côtes du Rhône Vieilles Vignes - 75cl","p":4.96,"u":"6,61 €/L","img":"https://fd9-photos.leclercdrive.fr/image.ashx?id=2432475&use=l&cat=p&typeid=i","cat":289556},{"id":170111,"n":"Tartine craquante Jardin Bio Sarrasin bio - 150g","p":2.57,"u":"17,13 €/KG","img":"https://fd9-photos.leclercdrive.fr/image.ashx?id=2653672&use=l&cat=p&typeid=i","cat":285543},{"id":170179,"n":"Nut's and Berries Seeberger - 150g","p":2.96,"u":"19,73 €/KG","img":"https://fd9-photos.leclercdrive.fr/image.ashx?id=2950582&use=l&cat=p&typeid=i","cat":284357},{"id":170322,"n":"Sauce à la truffe blanche d'été Charal - 120g","p":2.7,"u":"22,50 €/KG","img":"https://fd9-photos.leclercdrive.fr/image.ashx?id=2245508&use=l&cat=p&typeid=i","cat":327293},{"id":170561,"n":"Friandises chien Tous mes Amis Sticks au Boeuf - 3x11g","p":0.5,"u":"15,15 €/KG","img":"https://fd9-photos.leclercdrive.fr/image.ashx?id=2302265&use=l&cat=p&typeid=i","cat":294527},{"id":170669,"n":"Purée de marrons Florette 2x180g","p":3.3,"u":"9,17 €/KG","img":"https://fd9-photos.leclercdrive.fr/image.ashx?id=2911366&use=l&cat=p&typeid=i","cat":333665},{"id":170778,"n":"Bloc de foie gras Jean Larnaudie - 230g","p":24.97,"u":"108,57 €/KG","img":"https://fd9-photos.leclercdrive.fr/image.ashx?id=2915811&use=l&cat=p&typeid=i","cat":316008},{"id":170922,"n":"Essuie-tout Sopalin Ultr'Absorb Blanc - x3 maxi rouleaux =6","p":5.61,"u":"1,87 €/P","img":"https://fd9-photos.leclercdrive.fr/image.ashx?id=2941958&use=l&cat=p&typeid=i","cat":284635},{"id":170942,"n":"Vin effervescent d'Allemagne Pêche de vigne Sans alcool 75cl","p":3.17,"u":"4,23 €/L","img":"https://fd9-photos.leclercdrive.fr/image.ashx?id=2746214&use=l&cat=p&typeid=i","cat":289460},{"id":170957,"n":"Confiture Douceur du Verger Abricot - 750g","p":2.31,"u":"3,08 €/KG","img":"https://fd9-photos.leclercdrive.fr/image.ashx?id=2965581&use=l&cat=p&typeid=i","cat":284480},{"id":171004,"n":"Ramen nouilles Tanoshi Soja Caramel - 360g","p":3.22,"u":"8,94 €/KG","img":"https://fd9-photos.leclercdrive.fr/image.ashx?id=2922971&use=l&cat=p&typeid=i","cat":288992},{"id":171068,"n":"Gel douche So Bio Etic Fleur d'oranger bio - 450ml","p":5.91,"u":"13,13 €/L","img":"https://fd9-photos.leclercdrive.fr/image.ashx?id=2794487&use=l&cat=p&typeid=i","cat":284594},{"id":171072,"n":"Gel douche So Bio Etic Verveine Citron bio - 450ml","p":5.1,"u":"11,33 €/L","img":"https://fd9-photos.leclercdrive.fr/image.ashx?id=2813468&use=l&cat=p&typeid=i","cat":284594},{"id":171112,"n":"AOP Côte de Brouilly  Les Pierres Bleues - 75cl","p":7.69,"u":"10,25 €/L","img":"https://fd9-photos.leclercdrive.fr/image.ashx?id=2428381&use=l&cat=p&typeid=i","cat":289556},{"id":171126,"n":"Coffret Mini Jambon Serrano Griffe et Couteau - 1kg","p":24.8,"u":"24,80 €/KG","img":"https://fd9-photos.leclercdrive.fr/image.ashx?id=2960096&use=l&cat=p&typeid=i","cat":305149},{"id":171131,"n":"Pétillant D'artigny Sans Alcool - 75cl","p":5.45,"u":"7,27 €/L","img":"https://fd9-photos.leclercdrive.fr/image.ashx?id=2854312&use=l&cat=p&typeid=i","cat":289460},{"id":171188,"n":"Glace Barre Glacée Snickers  Caramel & Cacahuètes x6 - 274g","p":3.52,"u":"12,85 €/KG","img":"https://fd9-photos.leclercdrive.fr/image.ashx?id=2295508&use=l&cat=p&typeid=i","cat":284264},{"id":171191,"n":"Barre glacée Mars  Caramel x6 - 240g","p":3.16,"img":"https://fd9-photos.leclercdrive.fr/image.ashx?id=2295924&use=l&cat=p&typeid=i","cat":284264},{"id":171409,"n":"Sac poubelle Elembal 50L - x40","p":5.99,"u":"0,15 €/P","img":"https://fd9-photos.leclercdrive.fr/image.ashx?id=2793311&use=l&cat=p&typeid=i","cat":285168},{"id":171719,"n":"Lessive Epsil Perfect Tri-Doses Fleurie x20 - 490ml","p":4.49,"u":"9,16 €/L","img":"https://fd9-photos.leclercdrive.fr/image.ashx?id=2450119&use=l&cat=p&typeid=i","cat":284641},{"id":171836,"n":"Céréales Trésor Kellogg's Chocolat au lait - 620g","p":4.49,"u":"7,24 €/KG","img":"https://fd9-photos.leclercdrive.fr/image.ashx?id=2598334&use=l&cat=p&typeid=i","cat":309513},{"id":171839,"n":"Yaourts Light & Free Aux fruits rouges 0% - 8x125g","p":3.33,"u":"3,33 €/KG","img":"https://fd9-photos.leclercdrive.fr/image.ashx?id=3008014&use=l&cat=p&typeid=i","cat":315000},{"id":172592,"n":"Fromage blanc 0%MG Light & Free Vanille - 4x120g","p":2.24,"u":"4,67 €/KG","img":"https://fd9-photos.leclercdrive.fr/image.ashx?id=3008005&use=l&cat=p&typeid=i","cat":315000},{"id":172648,"n":"Savon mains Monsavon Anti-bactérien - 300ml","p":1.26,"u":"4,20 €/L","img":"https://fd9-photos.leclercdrive.fr/image.ashx?id=2433963&use=l&cat=p&typeid=i","cat":284597},{"id":172649,"n":"Papier toilette Renova Progress - x40","p":9.97,"u":"0,25 €/P","img":"https://fd9-photos.leclercdrive.fr/image.ashx?id=2279894&use=l&cat=p&typeid=i","cat":284634},{"id":172724,"n":"Eau aromatisée San Pellegrino Aranciata - 6x33cl","p":3.59,"u":"1,81 €/L","img":"https://fd9-photos.leclercdrive.fr/image.ashx?id=2802731&use=l&cat=p&typeid=i","cat":284536},{"id":172725,"n":"Eau aromatisée San Pellegrino Limonata - 6x33cl","p":4.07,"u":"2,06 €/L","img":"https://fd9-photos.leclercdrive.fr/image.ashx?id=2525816&use=l&cat=p&typeid=i","cat":284536},{"id":172727,"n":"Eau aromatisée San Pellegrino Melograno e arancia - 6x33cl","p":3.87,"u":"1,95 €/L","img":"https://fd9-photos.leclercdrive.fr/image.ashx?id=2551555&use=l&cat=p&typeid=i","cat":284536},{"id":172731,"n":"Tablette chocolat Milka Chocolat au lait - 3x100g","p":4.25,"u":"14,17 €/KG","img":"https://fd9-photos.leclercdrive.fr/image.ashx?id=3009137&use=l&cat=p&typeid=i","cat":284497},{"id":172762,"n":"Bois d'allumage Flamino Filet de 40 L","p":8.15,"u":"0,20 €/L","img":"https://fd9-photos.leclercdrive.fr/image.ashx?id=2268575&use=l&cat=p&typeid=i","cat":300577},{"id":172829,"n":"Yaourt à boire protéiné Hipro  Mangue 0%mg - 300g","p":2.3,"u":"7,67 €/KG","img":"https://fd9-photos.leclercdrive.fr/image.ashx?id=2807432&use=l&cat=p&typeid=i","cat":315000},{"id":172844,"n":"Cape de bain + gants Coton Bio Mots d'Enfants - Bleu/Lion","p":13.95,"img":"https://fd9-photos.leclercdrive.fr/image.ashx?id=2280245&use=l&cat=p&typeid=i","cat":289435},{"id":172977,"n":"Serviettes Hygiéniques Always Platinum Secure Night T4 - x14","p":4.03,"u":"0,29 €/P","img":"https://fd9-photos.leclercdrive.fr/image.ashx?id=2884111&use=l&cat=p&typeid=i","cat":284624},{"id":173012,"n":"Pain au Levain La pièce","p":2.9,"img":"https://fd9-photos.leclercdrive.fr/image.ashx?id=2262921&use=l&cat=p&typeid=i","cat":284359},{"id":173014,"n":"Pain au Levain tranché La pièce","p":2.95,"img":"https://fd9-photos.leclercdrive.fr/image.ashx?id=2262924&use=l&cat=p&typeid=i","cat":284359},{"id":173142,"n":"AOP Bodeaux blanc Petite Chapelle - 75cl","p":4.9,"pp":3.23,"u":"4,31 €/L","img":"https://fd9-photos.leclercdrive.fr/image.ashx?id=2811320&use=l&cat=p&typeid=i","cat":289557},{"id":173239,"n":"Délice d'artichauts Les Tartinables Florelli - 190g","p":2.48,"u":"13,05 €/KG","img":"https://fd9-photos.leclercdrive.fr/image.ashx?id=3014569&use=l&cat=p&typeid=i","cat":289010},{"id":173241,"n":"Cassoulet de Castelnaudary Raynal & Roquelaure - 840g","p":5.72,"u":"6,81 €/KG","img":"https://fd9-photos.leclercdrive.fr/image.ashx?id=2928384&use=l&cat=p&typeid=i","cat":284441},{"id":173242,"n":"Pesto à la Siciliana Florelli - 190g","p":1.99,"u":"10,47 €/KG","img":"https://fd9-photos.leclercdrive.fr/image.ashx?id=2828289&use=l&cat=p&typeid=i","cat":287599},{"id":173392,"n":"Chips Bret's au sel de Guérande - 250g","p":2.71,"u":"10,84 €/KG","img":"https://fd9-photos.leclercdrive.fr/image.ashx?id=2282619&use=l&cat=p&typeid=i","cat":284447},{"id":173535,"n":"Crevettes géantes Costa Surgelées - 330g","p":17.24,"u":"52,24 €/KG","img":"https://fd9-photos.leclercdrive.fr/image.ashx?id=2266873&use=l&cat=p&typeid=i","cat":319787},{"id":173660,"n":"Viennoiserie Le Suisse Pépites de chocolat x2","p":1.99,"u":"1,00 €/P","img":"https://fd9-photos.leclercdrive.fr/image.ashx?id=2268131&use=l&cat=p&typeid=i","cat":284984},{"id":173998,"n":"Cylindre d'échange CO2 Sodastream - A clipser - 60L","p":12.9,"img":"https://fd9-photos.leclercdrive.fr/image.ashx?id=2650816&use=l&cat=p&typeid=i","cat":334140},{"id":174023,"n":"Shiitakés entiers séchés Borde - 30g","p":3.61,"u":"120,33 €/KG","img":"https://fd9-photos.leclercdrive.fr/image.ashx?id=2269526&use=l&cat=p&typeid=i","cat":288992},{"id":174145,"n":"Confiture Douceur du Verger Cerises - 370 g","p":1.27,"u":"3,43 €/KG","img":"https://fd9-photos.leclercdrive.fr/image.ashx?id=2965599&use=l&cat=p&typeid=i","cat":284480},{"id":174147,"n":"Confiture Douceur du Verger Châtaignes/vanille - 370g","p":1.75,"u":"4,73 €/KG","img":"https://fd9-photos.leclercdrive.fr/image.ashx?id=2965593&use=l&cat=p&typeid=i","cat":284480},{"id":174148,"n":"Confiture Douceur du Verger Pêches - 370 g","p":1.6,"u":"4,32 €/KG","img":"https://fd9-photos.leclercdrive.fr/image.ashx?id=2965602&use=l&cat=p&typeid=i","cat":284480},{"id":174149,"n":"Confiture Douceur du Verger Fraises - 370 g","p":1.12,"u":"3,03 €/KG","img":"https://fd9-photos.leclercdrive.fr/image.ashx?id=2965542&use=l&cat=p&typeid=i","cat":284480},{"id":174150,"n":"Confiture Douceur du Verger Framboises - 370 g","p":1.99,"u":"5,38 €/KG","img":"https://fd9-photos.leclercdrive.fr/image.ashx?id=2965575&use=l&cat=p&typeid=i","cat":284480},{"id":174151,"n":"Confiture Douceur du Verger 4 fruits rouges - 370 g","p":1.18,"u":"3,19 €/KG","img":"https://fd9-photos.leclercdrive.fr/image.ashx?id=2965551&use=l&cat=p&typeid=i","cat":284480},{"id":174152,"n":"Sauce Tomate Provençale Panzani - 210G","p":1.34,"u":"6,38 €/KG","img":"https://fd9-photos.leclercdrive.fr/image.ashx?id=2880691&use=l&cat=p&typeid=i","cat":299047},{"id":174153,"n":"Sauce tomates cuisinées Panzani 210g","p":1.21,"u":"5,76 €/KG","img":"https://fd9-photos.leclercdrive.fr/image.ashx?id=2880688&use=l&cat=p&typeid=i","cat":299047},{"id":174154,"n":"Sauce Tomate Basilic Panzani - 210G","p":1.29,"u":"6,14 €/KG","img":"https://fd9-photos.leclercdrive.fr/image.ashx?id=2881290&use=l&cat=p&typeid=i","cat":288384},{"id":174155,"n":"Sauce tomate Panzani Provençale - 425g","p":1.4,"u":"3,29 €/KG","img":"https://fd9-photos.leclercdrive.fr/image.ashx?id=2742866&use=l&cat=p&typeid=i","cat":288384},{"id":174156,"n":"Sauce tomates cuisinées Panzani 425g","p":1.72,"u":"4,05 €/KG","img":"https://fd9-photos.leclercdrive.fr/image.ashx?id=2977276&use=l&cat=p&typeid=i","cat":288384},{"id":174157,"n":"Sauce Tomate Basilic Panzani - 400G","p":2.03,"u":"5,08 €/KG","img":"https://fd9-photos.leclercdrive.fr/image.ashx?id=2968088&use=l&cat=p&typeid=i","cat":288384},{"id":174158,"n":"Sauce Tomate Provençale Panzani - 650G","p":2.2,"u":"3,38 €/KG","img":"https://fd9-photos.leclercdrive.fr/image.ashx?id=2977942&use=l&cat=p&typeid=i","cat":299047},{"id":174159,"n":"Sauce Tomate Basilic Panzani - 650G","p":2.54,"u":"3,91 €/KG","img":"https://fd9-photos.leclercdrive.fr/image.ashx?id=2977945&use=l&cat=p&typeid=i","cat":288384},{"id":174160,"n":"Sauce tomates fraîches Panzani 3x190g","p":2.57,"u":"4,51 €/KG","img":"https://fd9-photos.leclercdrive.fr/image.ashx?id=2835274&use=l&cat=p&typeid=i","cat":288384},{"id":174161,"n":"Queues de langouste crue Ronde des Mers - 340g","p":23.79,"u":"69,97 €/KG","img":"https://fd9-photos.leclercdrive.fr/image.ashx?id=2523470&use=l&cat=p&typeid=i","cat":327284},{"id":174164,"n":"Crème Sans Lactose Elle&Vire Epaisse Légère - 4% MG - 33cl","p":1.88,"u":"5,56 €/KG","img":"https://fd9-photos.leclercdrive.fr/image.ashx?id=2773670&use=l&cat=p&typeid=i","cat":284381},{"id":174176,"n":"Oeufs frais Matines x20","p":3.85,"u":"0,19 €/P","img":"https://fd9-photos.leclercdrive.fr/image.ashx?id=2432268&use=l&cat=p&typeid=i","cat":284378},{"id":174188,"n":"Crevettes décortiquées Eco+ 500g","p":4.93,"u":"9,86 €/KG","img":"https://fd9-photos.leclercdrive.fr/image.ashx?id=2690877&use=l&cat=p&typeid=i","cat":319787},{"id":174189,"n":"Beignets de calamar Eco+ 500g","p":2.46,"u":"4,92 €/KG","img":"https://fd9-photos.leclercdrive.fr/image.ashx?id=2690955&use=l&cat=p&typeid=i","cat":319788},{"id":174192,"n":"Filet de saumon de Norvège ASC  L'Atelier Poissonnerie - 600g","p":12.94,"u":"21,57 €/KG","img":"https://fd9-photos.leclercdrive.fr/image.ashx?id=3004402&use=l&cat=p&typeid=i","cat":284342},{"id":174204,"n":"Margarine Oméga 3 Fruit d'Or Sans huile de palme - 225g","p":2.08,"u":"9,24 €/KG","img":"https://fd9-photos.leclercdrive.fr/image.ashx?id=2887332&use=l&cat=p&typeid=i","cat":315229},{"id":174222,"n":"Pur jus d'orange Eco  Sans pulpe - 1L","p":2.07,"u":"2,07 €/L","img":"https://fd9-photos.leclercdrive.fr/image.ashx?id=2779874&use=l&cat=p&typeid=i","cat":285435},{"id":174228,"n":"Sucre Extra Fin Saint Louis  650g","p":1.64,"u":"2,52 €/KG","img":"https://fd9-photos.leclercdrive.fr/image.ashx?id=2504317&use=l&cat=p&typeid=i","cat":284502},{"id":174356,"n":"Saucisse à la Truffe Fuetec El Pozo - 150g","p":3.6,"u":"24,00 €/KG","img":"https://fd9-photos.leclercdrive.fr/image.ashx?id=2754099&use=l&cat=p&typeid=i","cat":316006},{"id":174398,"n":"Eponges grattantes Eco + x6","p":0.96,"u":"0,16 €/P","img":"https://fd9-photos.leclercdrive.fr/image.ashx?id=2761295&use=l&cat=p&typeid=i","cat":284667},{"id":174402,"n":"Olives vertes dénoyautées Provence Olives - 150g","p":2.72,"pp":2.18,"u":"14,53 €/KG","img":"https://fd9-photos.leclercdrive.fr/image.ashx?id=2342926&use=l&cat=p&typeid=i","cat":316002},{"id":174406,"n":"Olives noires à la Grecque Provence Olives - 200g","p":3.04,"u":"15,20 €/KG","img":"https://fd9-photos.leclercdrive.fr/image.ashx?id=2342911&use=l&cat=p&typeid=i","cat":316002},{"id":174486,"n":"Sushi Papylee California Saumon 150g","p":5.8,"u":"38,67 €/KG","img":"https://fd9-photos.leclercdrive.fr/image.ashx?id=2273598&use=l&cat=p&typeid=i","cat":286791},{"id":174489,"n":"Mini saucisson sec Saint Azay 160g","p":2.74,"u":"17,13 €/KG","img":"https://fd9-photos.leclercdrive.fr/image.ashx?id=2922709&use=l&cat=p&typeid=i","cat":316006},{"id":174490,"n":"Sushi Papylee Crunch Saumon 220g","p":8.2,"u":"37,27 €/KG","img":"https://fd9-photos.leclercdrive.fr/image.ashx?id=2273595&use=l&cat=p&typeid=i","cat":286791},{"id":174491,"n":"Sushi Papylee  Crunch Tuna 220g","p":7.5,"u":"34,09 €/KG","img":"https://fd9-photos.leclercdrive.fr/image.ashx?id=2273631&use=l&cat=p&typeid=i","cat":286791},{"id":174495,"n":"Sushi Papylee Master 2 - 330g","p":13.0,"u":"39,39 €/KG","img":"https://fd9-photos.leclercdrive.fr/image.ashx?id=2273610&use=l&cat=p&typeid=i","cat":286791},{"id":174496,"n":"Sushi Papylee Okinawa 400g","p":14.1,"u":"35,25 €/KG","img":"https://fd9-photos.leclercdrive.fr/image.ashx?id=2273613&use=l&cat=p&typeid=i","cat":286791},{"id":174498,"n":"Sushi Papylee Sushi Saumon - 6 pièces - 180g","p":8.0,"u":"44,44 €/KG","img":"https://fd9-photos.leclercdrive.fr/image.ashx?id=2273592&use=l&cat=p&typeid=i","cat":286791},{"id":174569,"n":"Couscous Ferrero Grain moyen - 1kg+500g offert","p":2.14,"u":"1,43 €/KG","img":"https://fd9-photos.leclercdrive.fr/image.ashx?id=2901653&use=l&cat=p&typeid=i","cat":284429},{"id":174712,"n":"Confiture Douceur du Verger Figues - 370g","p":1.58,"u":"4,27 €/KG","img":"https://fd9-photos.leclercdrive.fr/image.ashx?id=2965587&use=l&cat=p&typeid=i","cat":284480},{"id":174811,"n":"Capsules Nescafé Dolce Gusto  Latte Macchiato - x16","p":4.64,"u":"25,36 €/KG","img":"https://fd9-photos.leclercdrive.fr/image.ashx?id=2903764&use=l&cat=p&typeid=i","cat":293239},{"id":174815,"n":"Confiture Douceur du Verger Myrtilles - 370g","p":1.72,"u":"4,65 €/KG","img":"https://fd9-photos.leclercdrive.fr/image.ashx?id=2965590&use=l&cat=p&typeid=i","cat":284480},{"id":174816,"n":"Confiture Douceur du Verger Rhubarbe - 370g","p":1.69,"u":"4,57 €/KG","img":"https://fd9-photos.leclercdrive.fr/image.ashx?id=2965584&use=l&cat=p&typeid=i","cat":284480},{"id":174832,"n":"Saucisses de Toulouse x4 Soutenons Nos Agriculteurs 400g","p":3.98,"u":"9,95 €/KG","img":"https://fd9-photos.leclercdrive.fr/image.ashx?id=2835232&use=l&cat=p&typeid=i","cat":284334},{"id":174833,"n":"Chipolatas x6 Soutenons Nos Agriculteurs 330g","p":4.5,"u":"13,64 €/KG","img":"https://fd9-photos.leclercdrive.fr/image.ashx?id=2716018&use=l&cat=p&typeid=i","cat":284334},{"id":174850,"n":"Oignon jaune Les Jardins du Midi - 500g","p":2.89,"u":"5,78 €/KG","img":"https://fd9-photos.leclercdrive.fr/image.ashx?id=2849872&use=l&cat=p&typeid=i","cat":284352},{"id":174876,"n":"Gelée Douceur du Verger Coing - 370g","p":1.29,"u":"3,49 €/KG","img":"https://fd9-photos.leclercdrive.fr/image.ashx?id=2965566&use=l&cat=p&typeid=i","cat":284480},{"id":174927,"n":"Viande hachée 15% MG Soutenons Nos Agriculteurs 300g","p":5.59,"u":"18,63 €/KG","img":"https://fd9-photos.leclercdrive.fr/image.ashx?id=2930558&use=l&cat=p&typeid=i","cat":284332},{"id":174931,"n":"Steak haché façon bouchère x4 Soutenons Nos Agriculteurs 400g","p":6.39,"u":"15,98 €/KG","img":"https://fd9-photos.leclercdrive.fr/image.ashx?id=2968070&use=l&cat=p&typeid=i","cat":319778},{"id":174954,"n":"Crème liquide UHT 3x20cl Soutenons Nos Agriculteurs","p":3.49,"u":"5,82 €/L","img":"https://fd9-photos.leclercdrive.fr/image.ashx?id=2291414&use=l&cat=p&typeid=i","cat":284381},{"id":174984,"n":"Miel Soutenons nos agriculteurs Crémeux - 500 g","p":5.59,"u":"11,18 €/KG","img":"https://fd9-photos.leclercdrive.fr/image.ashx?id=2921411&use=l&cat=p&typeid=i","cat":287643},{"id":174998,"n":"Jambon supérieur 6 tranches Soutenons Nos Agriculteurs 210g","p":3.89,"u":"18,52 €/KG","img":"https://fd9-photos.leclercdrive.fr/image.ashx?id=2943710&use=l&cat=p&typeid=i","cat":316009},{"id":174999,"n":"Jambon superieur 4 tranches Soutenons Nos Agriculteurs 140g","p":2.66,"u":"19,00 €/KG","img":"https://fd9-photos.leclercdrive.fr/image.ashx?id=2943707&use=l&cat=p&typeid=i","cat":316009},{"id":175016,"n":"Crevettes rouges d'Argentine Marès - 500g","p":11.55,"u":"23,10 €/KG","img":"https://fd9-photos.leclercdrive.fr/image.ashx?id=2676780&use=l&cat=p&typeid=i","cat":319787},{"id":175058,"n":"Pois chiches Bonduelle Cuits Dans Très Peu De Jus 265g","p":1.22,"u":"4,60 €/KG","img":"https://fd9-photos.leclercdrive.fr/image.ashx?id=2926272&use=l&cat=p&typeid=i","cat":312609},{"id":175067,"n":"Secret de Mousse La Laitière Vanille coulis chocolat - 4x59g","p":1.63,"u":"6,91 €/KG","img":"https://fd9-photos.leclercdrive.fr/image.ashx?id=2847982&use=l&cat=p&typeid=i","cat":284417},{"id":175122,"n":"Crème Douche Nourrissante Cadum Surgras Coco - 750ml","p":4.42,"u":"5,89 €/L","img":"https://fd9-photos.leclercdrive.fr/image.ashx?id=2393284&use=l&cat=p&typeid=i","cat":284594},{"id":175125,"n":"Sauce Deluxe AMORA 250ml","p":1.93,"u":"7,72 €/L","img":"https://fd9-photos.leclercdrive.fr/image.ashx?id=3009266&use=l&cat=p&typeid=i","cat":318431},{"id":175419,"n":"Citrons jaunes non traités Panier du Primeur Sachet x4","p":1.89,"u":"0,47 €/P","img":"https://fd9-photos.leclercdrive.fr/image.ashx?id=2930906&use=l&cat=p&typeid=i","cat":284356},{"id":175551,"n":"Confit de canard du Sud-Ouest Nos Régions ont du Talent  420g","p":8.68,"u":"20,67 €/KG","img":"https://fd9-photos.leclercdrive.fr/image.ashx?id=2753544&use=l&cat=p&typeid=i","cat":284339},{"id":175557,"n":"Crème Visage Jour Nivea Matifiante Peaux Mixtes - 50ml","p":4.13,"u":"82,60 €/L","img":"https://fd9-photos.leclercdrive.fr/image.ashx?id=2659139&use=l&cat=p&typeid=i","cat":325345},{"id":175572,"n":"Thé noir Earl Grey Bio Village Bio - x20 - 36g","p":1.09,"u":"30,28 €/KG","img":"https://fd9-photos.leclercdrive.fr/image.ashx?id=2897913&use=l&cat=p&typeid=i","cat":293233},{"id":175574,"n":"Sauce bolognaise Panzani Extra riche - 400g","p":2.88,"u":"7,20 €/KG","img":"https://fd9-photos.leclercdrive.fr/image.ashx?id=2887527&use=l&cat=p&typeid=i","cat":299047},{"id":175576,"n":"Sachet fraicheur chat Sheba Filets au poulet et thon - 60g","p":1.09,"u":"18,17 €/KG","img":"https://fd9-photos.leclercdrive.fr/image.ashx?id=2292464&use=l&cat=p&typeid=i","cat":285286},{"id":175578,"n":"Sachet fraicheur chat Sheba Filets aux crevettes - 60g","p":1.08,"u":"18,00 €/KG","img":"https://fd9-photos.leclercdrive.fr/image.ashx?id=2292467&use=l&cat=p&typeid=i","cat":285286},{"id":175579,"n":"Pur jus Bio Village Bio Pomme  - 1L","p":2.14,"u":"2,14 €/L","img":"https://fd9-photos.leclercdrive.fr/image.ashx?id=2285081&use=l&cat=p&typeid=i","cat":284522},{"id":175582,"n":"Sachet fraicheur chat Sheba Soupe filets de poulet - 4x40g","p":2.75,"u":"17,19 €/KG","img":"https://fd9-photos.leclercdrive.fr/image.ashx?id=2292590&use=l&cat=p&typeid=i","cat":285286},{"id":175585,"n":"Sachet fraicheur chat Sheba Soupe filets de thon - 4x40g","p":2.77,"u":"17,31 €/KG","img":"https://fd9-photos.leclercdrive.fr/image.ashx?id=2292593&use=l&cat=p&typeid=i","cat":285286},{"id":175586,"n":"Lentilles vertes Vivien Paille 1kg","p":3.6,"pp":2.38,"u":"2,38 €/KG","img":"https://fd9-photos.leclercdrive.fr/image.ashx?id=2285093&use=l&cat=p&typeid=i","cat":284430},{"id":175603,"n":"Thé vert bio Bio Village Menthe x20 - 36g","p":1.65,"u":"45,83 €/KG","img":"https://fd9-photos.leclercdrive.fr/image.ashx?id=2897907&use=l&cat=p&typeid=i","cat":293233},{"id":175686,"n":"Farine de riz Jardin Bio Semi-complète bio - 400g","p":2.03,"u":"5,08 €/KG","img":"https://fd9-photos.leclercdrive.fr/image.ashx?id=2740097&use=l&cat=p&typeid=i","cat":284503},{"id":175713,"n":"Bière \"La Goudale\" Rubis - 6x25cl","p":5.99,"u":"3,99 €/L","img":"https://fd9-photos.leclercdrive.fr/image.ashx?id=2778245&use=l&cat=p&typeid=i","cat":334878},{"id":175717,"n":"Pomme de Terre Princesse Amandine - 1.5 kg","p":3.99,"u":"2,66 €/KG","img":"https://fd9-photos.leclercdrive.fr/image.ashx?id=2286548&use=l&cat=p&typeid=i","cat":284352},{"id":175763,"n":"Chocolat noir Novi Aux noisettes - 130g","p":2.74,"u":"21,08 €/KG","img":"https://fd9-photos.leclercdrive.fr/image.ashx?id=2294516&use=l&cat=p&typeid=i","cat":284956},{"id":175764,"n":"Chocolat blanc Novi Aux noisettes - 130g","p":2.6,"u":"20,00 €/KG","img":"https://fd9-photos.leclercdrive.fr/image.ashx?id=2294519&use=l&cat=p&typeid=i","cat":284957},{"id":175765,"n":"Chocolat au lait Lindt Création Praliné Feuillantine - 110g","p":3.12,"u":"28,36 €/KG","img":"https://fd9-photos.leclercdrive.fr/image.ashx?id=2287394&use=l&cat=p&typeid=i","cat":284497},{"id":175790,"n":"Sachet fraicheur chat Sheba Filets au poulet - 60g","p":1.09,"u":"18,17 €/KG","img":"https://fd9-photos.leclercdrive.fr/image.ashx?id=2287523&use=l&cat=p&typeid=i","cat":285286},{"id":175900,"n":"Limoncello Villa Cardea 25° - 70cl","p":11.07,"u":"15,81 €/L","img":"https://fd9-photos.leclercdrive.fr/image.ashx?id=2828928&use=l&cat=p&typeid=i","cat":284551},{"id":175954,"n":"Sauce Bolognaise Panzani Extra riche - 200g","p":1.81,"u":"9,05 €/KG","img":"https://fd9-photos.leclercdrive.fr/image.ashx?id=2918574&use=l&cat=p&typeid=i","cat":287599},{"id":175986,"n":"Crème change bio Love & Green 100ml","p":4.85,"u":"48,50 €/L","img":"https://fd9-photos.leclercdrive.fr/image.ashx?id=2289267&use=l&cat=p&typeid=i","cat":284741},{"id":176027,"n":"Frites Classiques McCain Just Au Four - 700g","p":2.57,"u":"3,67 €/KG","img":"https://fd9-photos.leclercdrive.fr/image.ashx?id=2997340&use=l&cat=p&typeid=i","cat":319791},{"id":176033,"n":"Frites Steakhouse McCain Just Au Four - 700g","p":2.51,"u":"3,59 €/KG","img":"https://fd9-photos.leclercdrive.fr/image.ashx?id=2737921&use=l&cat=p&typeid=i","cat":319791},{"id":176034,"n":"Frites Express McCain Just Au Four - 600g","p":3.08,"u":"5,13 €/KG","img":"https://fd9-photos.leclercdrive.fr/image.ashx?id=2997337&use=l&cat=p&typeid=i","cat":319791},{"id":176036,"n":"Frites friteuse McCain Tradition - 1,080kg","p":2.76,"u":"2,56 €/KG","img":"https://fd9-photos.leclercdrive.fr/image.ashx?id=2737930&use=l&cat=p&typeid=i","cat":319791},{"id":176040,"n":"Frites friteuse McCain Golden Allumette - 1,080kg","p":2.83,"u":"2,62 €/KG","img":"https://fd9-photos.leclercdrive.fr/image.ashx?id=2737939&use=l&cat=p&typeid=i","cat":319791},{"id":176043,"n":"La Frite Belge McCain 1.080kg","p":3.04,"u":"2,81 €/KG","img":"https://fd9-photos.leclercdrive.fr/image.ashx?id=2737942&use=l&cat=p&typeid=i","cat":319791},{"id":176214,"n":"Perle de Lait Yoplait Nature - 4x125g + 2 offerts","p":1.83,"u":"2,44 €/KG","img":"https://fd9-photos.leclercdrive.fr/image.ashx?id=2989249&use=l&cat=p&typeid=i","cat":284409},{"id":176238,"n":"Le rapé de Chèvre Soignon 150g","p":3.37,"u":"22,47 €/KG","img":"https://fd9-photos.leclercdrive.fr/image.ashx?id=2773694&use=l&cat=p&typeid=i","cat":314035},{"id":176239,"n":"Gnocchi Lustucru Selection  390g","p":1.78,"u":"4,56 €/KG","img":"https://fd9-photos.leclercdrive.fr/image.ashx?id=2965999&use=l&cat=p&typeid=i","cat":333682},{"id":176254,"n":"Foie de morue fumé MSC Pêche Océan - 121g","p":1.6,"u":"13,22 €/KG","img":"https://fd9-photos.leclercdrive.fr/image.ashx?id=2872457&use=l&cat=p&typeid=i","cat":305147},{"id":176299,"n":"Biscottes Cracotte LU Fibre - 250g","p":2.36,"u":"9,44 €/KG","img":"https://fd9-photos.leclercdrive.fr/image.ashx?id=2871154&use=l&cat=p&typeid=i","cat":284479},{"id":176391,"n":"Sérum Hydra-Texturisant Elsève Cheveux Déshydratés - 150ml","p":12.26,"u":"81,73 €/L","img":"https://fd9-photos.leclercdrive.fr/image.ashx?id=2870677&use=l&cat=p&typeid=i","cat":284608},{"id":176400,"n":"Gnocchi à poeler Lustucru  Lot de 2 + 1 offert - 900g","p":3.19,"u":"3,54 €/KG","img":"https://fd9-photos.leclercdrive.fr/image.ashx?id=2446671&use=l&cat=p&typeid=i","cat":333682},{"id":176436,"n":"Mini BN Cœur de Lait 175g","p":1.79,"u":"10,23 €/KG","img":"https://fd9-photos.leclercdrive.fr/image.ashx?id=2730484&use=l&cat=p&typeid=i","cat":284489},{"id":176449,"n":"Filets de saumon rose Findus Pacifique - MSC - x4 - 400g","p":11.54,"u":"28,85 €/KG","img":"https://fd9-photos.leclercdrive.fr/image.ashx?id=2806324&use=l&cat=p&typeid=i","cat":319786},{"id":176677,"n":"Sablés noisettes chocolat Bonne Maman - 150g","p":2.37,"u":"15,80 €/KG","img":"https://fd9-photos.leclercdrive.fr/image.ashx?id=2984386&use=l&cat=p&typeid=i","cat":284488},{"id":176699,"n":"Pommes de Terre Pour Raclette Tartiflette 2,5kg","p":3.49,"u":"1,40 €/KG","img":"https://fd9-photos.leclercdrive.fr/image.ashx?id=2300851&use=l&cat=p&typeid=i","cat":284352},{"id":176719,"n":"Crousty Chicken Le Gaulois Hot & Spicy - 400g","p":5.8,"u":"14,50 €/KG","img":"https://fd9-photos.leclercdrive.fr/image.ashx?id=3003215&use=l&cat=p&typeid=i","cat":333684},{"id":176823,"n":"Moussaka au boeuf Fleury Michon 300g","p":4.23,"u":"14,10 €/KG","img":"https://fd9-photos.leclercdrive.fr/image.ashx?id=3003236&use=l&cat=p&typeid=i","cat":333665},{"id":176824,"n":"Le Poulet rôti Fleury Michon Frites dorées au four - 280g","p":4.11,"u":"14,68 €/KG","img":"https://fd9-photos.leclercdrive.fr/image.ashx?id=3003251&use=l&cat=p&typeid=i","cat":333665},{"id":176846,"n":"Knacki Original Herta x6 - 210g","p":1.67,"u":"7,95 €/KG","img":"https://fd9-photos.leclercdrive.fr/image.ashx?id=2299070&use=l&cat=p&typeid=i","cat":316012},{"id":176847,"n":"Knacki Original Herta x10 - 350g","p":1.77,"u":"5,06 €/KG","img":"https://fd9-photos.leclercdrive.fr/image.ashx?id=2304111&use=l&cat=p&typeid=i","cat":316012},{"id":176848,"n":"Knacki Original Herta Sans nitrite x6 - 210g","p":2.52,"u":"12,00 €/KG","img":"https://fd9-photos.leclercdrive.fr/image.ashx?id=2299073&use=l&cat=p&typeid=i","cat":316012},{"id":176896,"n":"M'Semen  Isla Délice - 300g","p":2.43,"u":"8,10 €/KG","img":"https://fd9-photos.leclercdrive.fr/image.ashx?id=2300428&use=l&cat=p&typeid=i","cat":319776},{"id":176930,"n":"Burger Moelleux Férial x4 - 440g","p":6.99,"u":"15,89 €/KG","img":"https://fd9-photos.leclercdrive.fr/image.ashx?id=2888410&use=l&cat=p&typeid=i","cat":284332},{"id":176937,"n":"Essuie-tout Sopalin  Love x3","p":2.93,"u":"0,98 €/P","img":"https://fd9-photos.leclercdrive.fr/image.ashx?id=2918083&use=l&cat=p&typeid=i","cat":284635},{"id":176940,"n":"Cuisse de canard 275g","p":3.55,"u":"12,91 €/KG","img":"https://fd9-photos.leclercdrive.fr/image.ashx?id=2415332&use=l&cat=p&typeid=i","cat":284339},{"id":176944,"n":"Filet de poulet jaune 650g","p":8.99,"u":"13,83 €/KG","img":"https://fd9-photos.leclercdrive.fr/image.ashx?id=2299614&use=l&cat=p&typeid=i","cat":284336},{"id":176957,"n":"Beurre Bio Ethiquable  100% cacahuètes - 350g","p":3.95,"u":"11,29 €/KG","img":"https://fd9-photos.leclercdrive.fr/image.ashx?id=2755729&use=l&cat=p&typeid=i","cat":284481},{"id":176989,"n":"Bonbon à sucer Ricola Sans sucres -50g","p":1.7,"u":"34,00 €/KG","img":"https://fd9-photos.leclercdrive.fr/image.ashx?id=2382204&use=l&cat=p&typeid=i","cat":304252},{"id":176990,"n":"Bonbon à sucer Ricola Citron melisse stévia - 50g","p":1.88,"u":"37,60 €/KG","img":"https://fd9-photos.leclercdrive.fr/image.ashx?id=2382207&use=l&cat=p&typeid=i","cat":304252},{"id":176997,"n":"Pesto à la Calabrese Florelli - 190g","p":1.99,"u":"10,47 €/KG","img":"https://fd9-photos.leclercdrive.fr/image.ashx?id=2904922&use=l&cat=p&typeid=i","cat":289010},{"id":177003,"n":"Tiramisu au spéculoos Equador 2x100g","p":2.25,"u":"11,25 €/KG","img":"https://fd9-photos.leclercdrive.fr/image.ashx?id=2566691&use=l&cat=p&typeid=i","cat":284419},{"id":177066,"n":"California Surimi Papylee x8","p":5.3,"u":"0,66 €/P","img":"https://fd9-photos.leclercdrive.fr/image.ashx?id=2321448&use=l&cat=p&typeid=i","cat":286791},{"id":177073,"n":"Nouilles aux légumes Papylee 400g","p":5.5,"u":"13,75 €/KG","img":"https://fd9-photos.leclercdrive.fr/image.ashx?id=2947030&use=l&cat=p&typeid=i","cat":286791},{"id":177074,"n":"Riz Cantonais Papylee  400g","p":5.5,"u":"13,75 €/KG","img":"https://fd9-photos.leclercdrive.fr/image.ashx?id=2698576&use=l&cat=p&typeid=i","cat":286791},{"id":177216,"n":"Bière blanche sans alcool 1664 0,0° - 6x25cl","p":4.81,"u":"3,21 €/L","img":"https://fd9-photos.leclercdrive.fr/image.ashx?id=2907890&use=l&cat=p&typeid=i","cat":334877},{"id":177217,"n":"Sorbet Plein Fruit L'Angélys Citron vert - 500g","p":4.6,"u":"9,20 €/KG","img":"https://fd9-photos.leclercdrive.fr/image.ashx?id=2963607&use=l&cat=p&typeid=i","cat":284263},{"id":177219,"n":"Sorbet Plein Fruit L'Angélys Fraise - 500g","p":4.67,"u":"9,34 €/KG","img":"https://fd9-photos.leclercdrive.fr/image.ashx?id=2963610&use=l&cat=p&typeid=i","cat":284263},{"id":177234,"n":"Sorbet Plein Fruit L'Angélys Mangue - 500g","p":4.8,"u":"9,60 €/KG","img":"https://fd9-photos.leclercdrive.fr/image.ashx?id=2963616&use=l&cat=p&typeid=i","cat":284263},{"id":177237,"n":"Sorbet Plein Fruit L'Angélys Poire - 500g","p":4.6,"u":"9,20 €/KG","img":"https://fd9-photos.leclercdrive.fr/image.ashx?id=2963637&use=l&cat=p&typeid=i","cat":284263},{"id":177258,"n":"Bâtonnets Manger Main Bio Yooji Betterave Quinoa rouge - 225g","p":3.2,"u":"14,22 €/KG","img":"https://fd9-photos.leclercdrive.fr/image.ashx?id=2529030&use=l&cat=p&typeid=i","cat":290631},{"id":177260,"n":"Bâtonnets Manger Main Bio Yooji Haricots Pois Semoule 225g","p":3.13,"u":"13,91 €/KG","img":"https://fd9-photos.leclercdrive.fr/image.ashx?id=2529039&use=l&cat=p&typeid=i","cat":290631},{"id":177262,"n":"Bâtonnets Manger Main Bio Yooji Butternut Quinoa blanc - 225g","p":3.37,"u":"14,98 €/KG","img":"https://fd9-photos.leclercdrive.fr/image.ashx?id=2529036&use=l&cat=p&typeid=i","cat":290631},{"id":177275,"n":"La Bûche de Chèvre Soignon Nature - 150g","p":2.32,"u":"15,47 €/KG","img":"https://fd9-photos.leclercdrive.fr/image.ashx?id=2995322&use=l&cat=p&typeid=i","cat":314031},{"id":177319,"n":"Boulgour Tipiak 450g","p":1.82,"u":"4,04 €/KG","img":"https://fd9-photos.leclercdrive.fr/image.ashx?id=2766445&use=l&cat=p&typeid=i","cat":284429},{"id":177326,"n":"Polenta Onctueuse  Tipiak - 400g","p":1.64,"u":"4,10 €/KG","img":"https://fd9-photos.leclercdrive.fr/image.ashx?id=2795818&use=l&cat=p&typeid=i","cat":284431},{"id":177369,"n":"Feuille de chêne rouge Bonduelle - 125g","p":1.79,"u":"14,32 €/KG","img":"https://fd9-photos.leclercdrive.fr/image.ashx?id=2939268&use=l&cat=p&typeid=i","cat":284353},{"id":177381,"n":"Bière blonde Ch'ti 6.8% vol. - 75cl","p":2.78,"u":"3,71 €/L","img":"https://fd9-photos.leclercdrive.fr/image.ashx?id=2840169&use=l&cat=p&typeid=i","cat":334852},{"id":177431,"n":"Sirop Carambar Caramel - 75cl","p":3.07,"u":"4,09 €/L","img":"https://fd9-photos.leclercdrive.fr/image.ashx?id=2388550&use=l&cat=p&typeid=i","cat":295020},{"id":177433,"n":"Sirop Carambar Grenadine -  75cl","p":2.72,"u":"3,63 €/L","img":"https://fd9-photos.leclercdrive.fr/image.ashx?id=2398910&use=l&cat=p&typeid=i","cat":295020},{"id":177434,"n":"Sirop Carambar Fraise - 75cl","p":2.93,"u":"3,91 €/L","img":"https://fd9-photos.leclercdrive.fr/image.ashx?id=2398913&use=l&cat=p&typeid=i","cat":295020},{"id":177446,"n":"Master Papy 6 Papylee - 20 pièces - 400g","p":13.8,"u":"34,50 €/KG","img":"https://fd9-photos.leclercdrive.fr/image.ashx?id=2314197&use=l&cat=p&typeid=i","cat":286791},{"id":177458,"n":"Bière blonde La Goudale 0° - 6x25cl","p":4.59,"u":"3,06 €/L","img":"https://fd9-photos.leclercdrive.fr/image.ashx?id=2970963&use=l&cat=p&typeid=i","cat":334877},{"id":177652,"n":"Jambon Label Rouge Fleury Michon sans nitrite x4- 160g","p":3.98,"u":"24,88 €/KG","img":"https://fd9-photos.leclercdrive.fr/image.ashx?id=2923957&use=l&cat=p&typeid=i","cat":316009},{"id":177653,"n":"Blanc de poulet Fleury Michon Doré au Four x4 - 160g","p":1.58,"u":"9,88 €/KG","img":"https://fd9-photos.leclercdrive.fr/image.ashx?id=3008386&use=l&cat=p&typeid=i","cat":316010},{"id":177655,"n":"Blanc de poulet Fleury Michon Doré au Four x6 - 190g","p":1.85,"u":"9,74 €/KG","img":"https://fd9-photos.leclercdrive.fr/image.ashx?id=3004972&use=l&cat=p&typeid=i","cat":316010},{"id":177657,"n":"Blanc de dinde Fleury Michon Doré au Four x4 - 160g","p":2.07,"u":"12,94 €/KG","img":"https://fd9-photos.leclercdrive.fr/image.ashx?id=2816868&use=l&cat=p&typeid=i","cat":316010},{"id":177670,"n":"Crème fraîche entière Yoplait 30%MG - 450g","p":2.08,"u":"4,62 €/KG","img":"https://fd9-photos.leclercdrive.fr/image.ashx?id=2811044&use=l&cat=p&typeid=i","cat":284381},{"id":177672,"n":"Crème fraîche entière Yoplait 30%MG - 190g","p":0.91,"u":"4,79 €/KG","img":"https://fd9-photos.leclercdrive.fr/image.ashx?id=2811041&use=l&cat=p&typeid=i","cat":284381},{"id":177676,"n":"Skyr Yoplait  Nature 0%MG - 8x100G","p":3.47,"u":"4,34 €/KG","img":"https://fd9-photos.leclercdrive.fr/image.ashx?id=2884450&use=l&cat=p&typeid=i","cat":315000},{"id":177677,"n":"Skyr Yoplait  Lit Fruits Rouges 0%MG - 8x100G","p":3.49,"u":"4,36 €/KG","img":"https://fd9-photos.leclercdrive.fr/image.ashx?id=2884453&use=l&cat=p&typeid=i","cat":315000},{"id":177698,"n":"Knacki Original Herta Sans nitrite x4 - 140g","p":2.06,"u":"14,71 €/KG","img":"https://fd9-photos.leclercdrive.fr/image.ashx?id=2309423&use=l&cat=p&typeid=i","cat":316012},{"id":177704,"n":"Knacki Original Herta 100% Porc - 210g","p":2.32,"u":"11,05 €/KG","img":"https://fd9-photos.leclercdrive.fr/image.ashx?id=2309417&use=l&cat=p&typeid=i","cat":316012},{"id":177709,"n":"Chou-fleur Florette 180g","p":2.29,"u":"12,72 €/KG","img":"https://fd9-photos.leclercdrive.fr/image.ashx?id=2786486&use=l&cat=p&typeid=i","cat":284352},{"id":177718,"n":"Bière blonde Ch'Ti Originale 6x25cl","p":5.84,"u":"3,89 €/L","img":"https://fd9-photos.leclercdrive.fr/image.ashx?id=2309612&use=l&cat=p&typeid=i","cat":334852},{"id":177719,"n":"Soin contour des yeux Nivea Cellular Luminous - 15ml","p":16.15,"img":"https://fd9-photos.leclercdrive.fr/image.ashx?id=2839274&use=l&cat=p&typeid=i","cat":325345},{"id":177721,"n":"Crème Visage Nuit Nivea Anti-taches Luminous - 50ml","p":18.19,"u":"363,80 €/L","img":"https://fd9-photos.leclercdrive.fr/image.ashx?id=3000345&use=l&cat=p&typeid=i","cat":325345},{"id":177723,"n":"Fluide teinté anti-tâches Nivea Luminous FPS20 -","p":18.98,"u":"474,50 €/L","img":"https://fd9-photos.leclercdrive.fr/image.ashx?id=2602281&use=l&cat=p&typeid=i","cat":325345},{"id":177849,"n":"Lessive Sanytol désinfectante fraicheur florale - 1,70L","p":9.95,"u":"5,85 €/L","img":"https://fd9-photos.leclercdrive.fr/image.ashx?id=2902978&use=l&cat=p&typeid=i","cat":284640},{"id":178109,"n":"Burrata IGP Tradizioni d'Italia 120g","p":2.9,"u":"24,17 €/KG","img":"https://fd9-photos.leclercdrive.fr/image.ashx?id=2904022&use=l&cat=p&typeid=i","cat":314026},{"id":178110,"n":"Pizza Dr.Oetker Ristorante Thon - 355g","p":2.75,"u":"7,75 €/KG","img":"https://fd9-photos.leclercdrive.fr/image.ashx?id=2993056&use=l&cat=p&typeid=i","cat":284256},{"id":178111,"n":"Pizza Dr.Oetker Ristorante 4 fromages - 340g","p":2.54,"u":"7,47 €/KG","img":"https://fd9-photos.leclercdrive.fr/image.ashx?id=2993050&use=l&cat=p&typeid=i","cat":284256},{"id":178113,"n":"Pizza Dr.Oetker Ristorante  Vegetale aux légumes - 385g","p":2.81,"u":"7,30 €/KG","img":"https://fd9-photos.leclercdrive.fr/image.ashx?id=2993068&use=l&cat=p&typeid=i","cat":284256},{"id":178144,"n":"Thé glacé MayTea Saveur Pêche - 1,2L","p":1.9,"u":"1,58 €/L","img":"https://fd9-photos.leclercdrive.fr/image.ashx?id=2648661&use=l&cat=p&typeid=i","cat":295019},{"id":178147,"n":"Céréales Trésor Kellogg's Chocolat noisettes - 620g","p":4.49,"u":"7,24 €/KG","img":"https://fd9-photos.leclercdrive.fr/image.ashx?id=2598331&use=l&cat=p&typeid=i","cat":309513},{"id":178163,"n":"Thé glacé MayTea Saveur Menthe - 1,2L","p":1.93,"u":"1,61 €/L","img":"https://fd9-photos.leclercdrive.fr/image.ashx?id=2648664&use=l&cat=p&typeid=i","cat":295019},{"id":178260,"n":"Truite fumée Eco+ 100g","p":2.33,"u":"23,30 €/KG","img":"https://fd9-photos.leclercdrive.fr/image.ashx?id=2973505&use=l&cat=p&typeid=i","cat":285188},{"id":178343,"n":"Gaufres de liège chocolat Eco + 300g","p":1.37,"u":"4,57 €/KG","img":"https://fd9-photos.leclercdrive.fr/image.ashx?id=2315764&use=l&cat=p&typeid=i","cat":294777},{"id":178346,"n":"Thé glacé MayTea Saveur Framboise - 1,2L","p":1.86,"u":"1,55 €/L","img":"https://fd9-photos.leclercdrive.fr/image.ashx?id=2643863&use=l&cat=p&typeid=i","cat":295019},{"id":178355,"n":"Hachis Parmentier Fleury Michon à l'Emmental - 300g","p":3.41,"u":"11,37 €/KG","img":"https://fd9-photos.leclercdrive.fr/image.ashx?id=3003248&use=l&cat=p&typeid=i","cat":333665},{"id":178357,"n":"Salade Piémontaise  L'Atelier Traiteur - 300g","p":2.81,"u":"9,37 €/KG","img":"https://fd9-photos.leclercdrive.fr/image.ashx?id=2345649&use=l&cat=p&typeid=i","cat":333657},{"id":178358,"n":"Gratin d'Endives au jambon sans nitrite Fleury michon - 280g","p":3.83,"u":"13,68 €/KG","img":"https://fd9-photos.leclercdrive.fr/image.ashx?id=3003254&use=l&cat=p&typeid=i","cat":333665},{"id":178550,"n":"Papier toilette humide Kleenex  Fresh - x42","p":1.72,"img":"https://fd9-photos.leclercdrive.fr/image.ashx?id=2317999&use=l&cat=p&typeid=i","cat":284634},{"id":178563,"n":"Lot de 2 Terrine Forestière 2x180g","p":3.46,"u":"9,61 €/KG","img":"https://fd9-photos.leclercdrive.fr/image.ashx?id=2318663&use=l&cat=p&typeid=i","cat":305149},{"id":178564,"n":"Farine de riz complet Bio Bio Village - 500g","p":3.21,"u":"6,42 €/KG","img":"https://fd9-photos.leclercdrive.fr/image.ashx?id=2801798&use=l&cat=p&typeid=i","cat":288382},{"id":178572,"n":"Patchs Chauffants Primoplast X2","p":4.99,"u":"2,50 €/P","img":"https://fd9-photos.leclercdrive.fr/image.ashx?id=2856600&use=l&cat=p&typeid=i","cat":284630},{"id":178618,"n":"Shampooing Le Petit Marseillais Reveil detox infusion - 2x250ml","p":4.27,"u":"8,54 €/L","img":"https://fd9-photos.leclercdrive.fr/image.ashx?id=2668521&use=l&cat=p&typeid=i","cat":284606},{"id":178620,"n":"Dentifrice L'Arbre Vert Bien-être - 75ml","p":2.64,"u":"35,20 €/L","img":"https://fd9-photos.leclercdrive.fr/image.ashx?id=2892808&use=l&cat=p&typeid=i","cat":284612},{"id":178625,"n":"Recharge gel douche Sanex Zéro% Tous types de peaux - 500ml","p":3.62,"u":"7,24 €/L","img":"https://fd9-photos.leclercdrive.fr/image.ashx?id=2859986&use=l&cat=p&typeid=i","cat":284594},{"id":178641,"n":"Culotte Feel Natural Menstruelles noires T36/38 x3","p":10.54,"u":"3,51 €/P","img":"https://fd9-photos.leclercdrive.fr/image.ashx?id=2795231&use=l&cat=p&typeid=i","cat":291524},{"id":178642,"n":"Culotte Feel Natural menstruelles noires T38/40","p":10.74,"u":"3,58 €/P","img":"https://fd9-photos.leclercdrive.fr/image.ashx?id=2795234&use=l&cat=p&typeid=i","cat":291524},{"id":178645,"n":"Culotte Feel Natural Menstruelles noires T40/42","p":10.26,"u":"3,42 €/P","img":"https://fd9-photos.leclercdrive.fr/image.ashx?id=2795237&use=l&cat=p&typeid=i","cat":291524},{"id":178729,"n":"Liniment Mots d'enfants Bio - 500g","p":4.05,"u":"8,10 €/L","img":"https://fd9-photos.leclercdrive.fr/image.ashx?id=2536742&use=l&cat=p&typeid=i","cat":284741},{"id":178785,"n":"Salade Caesar L'Atelier Traiteur - 300g","p":3.19,"u":"10,63 €/KG","img":"https://fd9-photos.leclercdrive.fr/image.ashx?id=2323255&use=l&cat=p&typeid=i","cat":333657},{"id":178791,"n":"Huile d'olive Terra Delyssa Bio - 75cl","p":9.65,"u":"12,87 €/L","img":"https://fd9-photos.leclercdrive.fr/image.ashx?id=2736847&use=l&cat=p&typeid=i","cat":284453},{"id":178811,"n":"Compote Andros Pomme Poire - 8x100g","p":2.51,"u":"3,14 €/KG","img":"https://fd9-photos.leclercdrive.fr/image.ashx?id=2320654&use=l&cat=p&typeid=i","cat":284416},{"id":178812,"n":"Compote Andros Pomme Abricot - 8x100g","p":2.51,"u":"3,14 €/KG","img":"https://fd9-photos.leclercdrive.fr/image.ashx?id=2320657&use=l&cat=p&typeid=i","cat":284416},{"id":178813,"n":"Compote Andros Pomme Fraise - 8x100g","p":2.51,"u":"3,14 €/KG","img":"https://fd9-photos.leclercdrive.fr/image.ashx?id=2320660&use=l&cat=p&typeid=i","cat":284416},{"id":178826,"n":"Masque anti imperfections Loua Visage en tissu x1","p":2.25,"img":"https://fd9-photos.leclercdrive.fr/image.ashx?id=2633067&use=l&cat=p&typeid=i","cat":null},{"id":178834,"n":"Masque detox Loua Visage en tissu x1","p":2.6,"img":"https://fd9-photos.leclercdrive.fr/image.ashx?id=2406094&use=l&cat=p&typeid=i","cat":null},{"id":178844,"n":"Tampon Tampax Compak Avec applicateur - Super - x24","p":3.01,"u":"0,13 €/P","img":"https://fd9-photos.leclercdrive.fr/image.ashx?id=2850246&use=l&cat=p&typeid=i","cat":284626},{"id":178845,"n":"Tampons Tampax Compak  Avec applicateur - Super+ - x22","p":2.99,"u":"0,14 €/P","img":"https://fd9-photos.leclercdrive.fr/image.ashx?id=2850405&use=l&cat=p&typeid=i","cat":284626},{"id":178862,"n":"Déodorant l'Arbre vert  Peaux sensibles - 50ml","p":3.05,"u":"61,00 €/L","img":"https://fd9-photos.leclercdrive.fr/image.ashx?id=2320737&use=l&cat=p&typeid=i","cat":284595},{"id":178872,"n":"Spray hydratant FPS 50+ Lovea Monoï de Tahiti - 150ml","p":10.58,"u":"70,53 €/L","img":"https://fd9-photos.leclercdrive.fr/image.ashx?id=2666980&use=l&cat=p&typeid=i","cat":325355},{"id":178890,"n":"Café en grains San Marco n°7 - 1kg","p":18.07,"u":"18,07 €/KG","img":"https://fd9-photos.leclercdrive.fr/image.ashx?id=2322157&use=l&cat=p&typeid=i","cat":293237},{"id":178948,"n":"Gâteau Savane Brossard Tout chocolat pocket x7 210g","p":2.5,"u":"11,90 €/KG","img":"https://fd9-photos.leclercdrive.fr/image.ashx?id=2870728&use=l&cat=p&typeid=i","cat":294776},{"id":178949,"n":"Gâteau Savane Brossard Max Barr' Pocket x7 - 210g","p":2.46,"u":"11,71 €/KG","img":"https://fd9-photos.leclercdrive.fr/image.ashx?id=2870731&use=l&cat=p&typeid=i","cat":294776},{"id":178950,"n":"Eponge Spontex  Flash - x2","p":2.42,"u":"80,67 €/KG","img":"https://fd9-photos.leclercdrive.fr/image.ashx?id=2657781&use=l&cat=p&typeid=i","cat":284667},{"id":178951,"n":"Sacs poubelle Handy Bag   Ultra résistant 50L - x10","p":3.21,"u":"0,32 €/P","img":"https://fd9-photos.leclercdrive.fr/image.ashx?id=2918970&use=l&cat=p&typeid=i","cat":285168},{"id":178954,"n":"Mouchoirs Family Kleenex® Boîte x128","p":1.93,"u":"0,02 €/P","img":"https://fd9-photos.leclercdrive.fr/image.ashx?id=3009017&use=l&cat=p&typeid=i","cat":284638},{"id":178967,"n":"Mochi glacé Vanille Mei Asia - 180g","p":5.01,"u":"27,83 €/KG","img":"https://fd9-photos.leclercdrive.fr/image.ashx?id=2322986&use=l&cat=p&typeid=i","cat":284266},{"id":178974,"n":"Mouchoirs Balsam Kleenex® Boîte x64","p":2.03,"u":"0,03 €/P","img":"https://fd9-photos.leclercdrive.fr/image.ashx?id=2853353&use=l&cat=p&typeid=i","cat":284638},{"id":178977,"n":"Bûche de Chèvre Soignon  120g","p":2.07,"u":"17,25 €/KG","img":"https://fd9-photos.leclercdrive.fr/image.ashx?id=2676717&use=l&cat=p&typeid=i","cat":314031},{"id":178989,"n":"Boulettes végétales Happyvore 176g","p":3.27,"u":"18,58 €/KG","img":"https://fd9-photos.leclercdrive.fr/image.ashx?id=2937583&use=l&cat=p&typeid=i","cat":316036},{"id":179026,"n":"Sacs poubelle 50L Handy Bag Ultra résistant - x10","p":2.81,"u":"0,28 €/P","img":"https://fd9-photos.leclercdrive.fr/image.ashx?id=2906730&use=l&cat=p&typeid=i","cat":285168},{"id":179031,"n":"Gel douche Sanex zéro 0% Peaux normales - 475ml","p":3.72,"u":"7,83 €/L","img":"https://fd9-photos.leclercdrive.fr/image.ashx?id=2648851&use=l&cat=p&typeid=i","cat":284594},{"id":179032,"n":"Sac poubelle 50L Handy Bag Fixation élastique x10","p":4.23,"u":"0,08 €/L","img":"https://fd9-photos.leclercdrive.fr/image.ashx?id=2906721&use=l&cat=p&typeid=i","cat":285168},{"id":179034,"n":"Sacs poubelle 5L Handy Bag Salle de bain - à liens - x35","p":1.98,"img":"https://fd9-photos.leclercdrive.fr/image.ashx?id=2906733&use=l&cat=p&typeid=i","cat":285168},{"id":179039,"n":"Film fraîcheur Albal 30m","p":2.08,"img":"https://fd9-photos.leclercdrive.fr/image.ashx?id=2929056&use=l&cat=p&typeid=i","cat":334134},{"id":179041,"n":"Ultra ZIP moyen modèle Albal  15 sacs","p":2.99,"img":"https://fd9-photos.leclercdrive.fr/image.ashx?id=2929068&use=l&cat=p&typeid=i","cat":334134},{"id":179056,"n":"Dentifrice Signal Integral 8  Fraîcheur et détox -75ml","p":2.24,"u":"29,87 €/L","img":"https://fd9-photos.leclercdrive.fr/image.ashx?id=2960228&use=l&cat=p&typeid=i","cat":284612},{"id":179058,"n":"Complément alimentaire Zohi Cheveux 30 jours - 180g","p":11.46,"u":"63,67 €/KG","img":"https://fd9-photos.leclercdrive.fr/image.ashx?id=2657541&use=l&cat=p&typeid=i","cat":313217},{"id":179072,"n":"Mascara Maybelline Colossal Very black","p":9.07,"img":"https://fd9-photos.leclercdrive.fr/image.ashx?id=2321959&use=l&cat=p&typeid=i","cat":287029},{"id":179085,"n":"Rhum épicé Bacardi Spiced 35° - 70cl","p":14.2,"u":"20,29 €/L","img":"https://fd9-photos.leclercdrive.fr/image.ashx?id=2322823&use=l&cat=p&typeid=i","cat":284550},{"id":179087,"n":"Liquide Vaisselle Paic Citron - 750ml","p":1.84,"u":"2,45 €/L","img":"https://fd9-photos.leclercdrive.fr/image.ashx?id=2322835&use=l&cat=p&typeid=i","cat":284655},{"id":179088,"n":"Liquide Vaisselle Paic Citron Vert - 750ml","p":1.9,"u":"2,53 €/L","img":"https://fd9-photos.leclercdrive.fr/image.ashx?id=2322838&use=l&cat=p&typeid=i","cat":284655},{"id":179183,"n":"AOP Moscato D'asti Blanc Villa Balestra - 75cl","p":6.62,"u":"8,83 €/L","img":"https://fd9-photos.leclercdrive.fr/image.ashx?id=2323871&use=l&cat=p&typeid=i","cat":289557},{"id":179256,"n":"Jus Ocean Spray Classic  Cranberry - 1L","p":1.95,"u":"1,95 €/L","img":"https://fd9-photos.leclercdrive.fr/image.ashx?id=2324021&use=l&cat=p&typeid=i","cat":284915},{"id":179261,"n":"Crème de nuit L'Oréal Paris  Dermo Revitalift - 50ml","p":24.03,"u":"480,60 €/L","img":"https://fd9-photos.leclercdrive.fr/image.ashx?id=2351849&use=l&cat=p&typeid=i","cat":325345},{"id":179262,"n":"Masque tissue yeux L'Oréal Paris Dermo Revitalift","p":3.36,"img":"https://fd9-photos.leclercdrive.fr/image.ashx?id=2505654&use=l&cat=p&typeid=i","cat":null},{"id":179263,"n":"Sérum de nuit L'Oréal Paris Age Perfect anti-âge - 30ml","p":11.97,"pp":7.9,"u":"263,33 €/L","img":"https://fd9-photos.leclercdrive.fr/image.ashx?id=2867536&use=l&cat=p&typeid=i","cat":325345},{"id":179265,"n":"Crème de Jour L'Oréal Paris Age Perfect SPF30 - 50ml","p":14.55,"u":"291,00 €/L","img":"https://fd9-photos.leclercdrive.fr/image.ashx?id=2887968&use=l&cat=p&typeid=i","cat":325345},{"id":179299,"n":"Lait bébé Candia Baby  croissance 3ème âge - 6x1L","p":10.63,"u":"1,77 €/L","img":"https://fd9-photos.leclercdrive.fr/image.ashx?id=2963349&use=l&cat=p&typeid=i","cat":284728},{"id":179326,"n":"Gel douche Sanex Zéro 0% Peaux sèches - 475ml","p":3.71,"u":"7,81 €/L","img":"https://fd9-photos.leclercdrive.fr/image.ashx?id=2692857&use=l&cat=p&typeid=i","cat":284594},{"id":179352,"n":"Eco recharge gel douche Sanex 0% Peaux sèches - 500ml","p":3.43,"u":"6,86 €/L","img":"https://fd9-photos.leclercdrive.fr/image.ashx?id=2866199&use=l&cat=p&typeid=i","cat":284594},{"id":179355,"n":"Eco recharge gel douche Sanex Zéro 0% famille hydratant - 1L","p":7.27,"u":"7,27 €/L","img":"https://fd9-photos.leclercdrive.fr/image.ashx?id=2676927&use=l&cat=p&typeid=i","cat":284594},{"id":179374,"n":"Champagne Germain Président Rosé - 75cl","p":28.8,"u":"38,40 €/L","img":"https://fd9-photos.leclercdrive.fr/image.ashx?id=2999255&use=l&cat=p&typeid=i","cat":284542},{"id":179382,"n":"Crème nutritive SO'BiO étic bio Argan Peaux matures - 50ml","p":13.52,"u":"270,40 €/L","img":"https://fd9-photos.leclercdrive.fr/image.ashx?id=2775628&use=l&cat=p&typeid=i","cat":325345},{"id":179383,"n":"Sérum SO'BiO étic rose éclat Argan Peaux matures bio - 30ml","p":13.44,"u":"448,00 €/L","img":"https://fd9-photos.leclercdrive.fr/image.ashx?id=2493526&use=l&cat=p&typeid=i","cat":325345},{"id":179384,"n":"Pâte à tartiner Eco+ 750g - aux noissettes","p":2.47,"u":"3,29 €/KG","img":"https://fd9-photos.leclercdrive.fr/image.ashx?id=2841148&use=l&cat=p&typeid=i","cat":284481},{"id":179388,"n":"Gel après-rasage SO'BiO Men Aloe vera - 100ml","p":7.45,"u":"74,50 €/L","img":"https://fd9-photos.leclercdrive.fr/image.ashx?id=2325248&use=l&cat=p&typeid=i","cat":288147},{"id":179390,"n":"Huile barbe SO'BiO étic Men nourrissante - 50ml","p":7.18,"u":"143,60 €/L","img":"https://fd9-photos.leclercdrive.fr/image.ashx?id=2694842&use=l&cat=p&typeid=i","cat":284622},{"id":179403,"n":"Eau gazeuse Vichy Célestins 6x1,15L","p":3.63,"u":"0,53 €/L","img":"https://fd9-photos.leclercdrive.fr/image.ashx?id=2376542&use=l&cat=p&typeid=i","cat":284536},{"id":179431,"n":"Brioche Pitch Chocolat x8 - 300g","p":1.79,"u":"5,97 €/KG","img":"https://fd9-photos.leclercdrive.fr/image.ashx?id=2452119&use=l&cat=p&typeid=i","cat":293505},{"id":179432,"n":"Brioches Pitch Fraise x8 - 300g","p":1.95,"u":"6,50 €/KG","img":"https://fd9-photos.leclercdrive.fr/image.ashx?id=2452116&use=l&cat=p&typeid=i","cat":293505},{"id":179433,"n":"Brioche Pitch Chocolat au lait x8 - 300g","p":2.28,"u":"7,60 €/KG","img":"https://fd9-photos.leclercdrive.fr/image.ashx?id=2452113&use=l&cat=p&typeid=i","cat":293505},{"id":179437,"n":"Brioches Pitch Pépites chocolat x8 - 300g","p":2.31,"u":"7,70 €/KG","img":"https://fd9-photos.leclercdrive.fr/image.ashx?id=2452107&use=l&cat=p&typeid=i","cat":293505},{"id":179438,"n":"Brioche Pitch Pépites de chocolat x12 - 450g","p":3.3,"u":"7,33 €/KG","img":"https://fd9-photos.leclercdrive.fr/image.ashx?id=2452104&use=l&cat=p&typeid=i","cat":293505},{"id":179440,"n":"Brioches Pitch  Choco barre lait x8 - 300g","p":2.34,"u":"7,80 €/KG","img":"https://fd9-photos.leclercdrive.fr/image.ashx?id=2454115&use=l&cat=p&typeid=i","cat":293505},{"id":179470,"n":"Brosse à dents medium bambou Feel natural - Lot de 9","p":4.84,"u":"0,54 €/P","img":"https://fd9-photos.leclercdrive.fr/image.ashx?id=2328181&use=l&cat=p&typeid=i","cat":284614},{"id":179472,"n":"Brosse à dents souple bambou Feel natural - Lot de 9","p":4.34,"u":"0,48 €/P","img":"https://fd9-photos.leclercdrive.fr/image.ashx?id=2328178&use=l&cat=p&typeid=i","cat":284614},{"id":179486,"n":"Huile Ambre Solaire Garnier IP20 - 150ml","p":11.27,"u":"75,13 €/L","img":"https://fd9-photos.leclercdrive.fr/image.ashx?id=2342478&use=l&cat=p&typeid=i","cat":null},{"id":179487,"n":"Gel douche Sanex Zéro 0% Peaux sèches - 2x475ml","p":6.3,"u":"6,63 €/L","img":"https://fd9-photos.leclercdrive.fr/image.ashx?id=2676921&use=l&cat=p&typeid=i","cat":284594},{"id":179488,"n":"Gel douche Sanex Zéro 0% Peaux normales - 2x475ml","p":6.3,"u":"6,63 €/L","img":"https://fd9-photos.leclercdrive.fr/image.ashx?id=2676924&use=l&cat=p&typeid=i","cat":284594},{"id":179529,"n":"Blanc de poulet Fleury Michon 100% Filet x2 - 65g","p":1.35,"u":"20,77 €/KG","img":"https://fd9-photos.leclercdrive.fr/image.ashx?id=2954839&use=l&cat=p&typeid=i","cat":316010},{"id":179533,"n":"Soda Fanta citron  bouteille - 1.25L","p":1.65,"u":"1,32 €/L","img":"https://fd9-photos.leclercdrive.fr/image.ashx?id=2659394&use=l&cat=p&typeid=i","cat":284532},{"id":179558,"n":"Coloration Olia Blond clair  radieux - x2","p":16.86,"u":"8,43 €/P","img":"https://fd9-photos.leclercdrive.fr/image.ashx?id=2520437&use=l&cat=p&typeid=i","cat":288899},{"id":179603,"n":"Bonbons Tic Tac  49g - Framboise myrtille","p":1.57,"u":"32,04 €/KG","img":"https://fd9-photos.leclercdrive.fr/image.ashx?id=2479492&use=l&cat=p&typeid=i","cat":304256},{"id":179645,"n":"Limonade double zest Lorina Bouteille - 1,25L","p":1.22,"u":"0,98 €/L","img":"https://fd9-photos.leclercdrive.fr/image.ashx?id=2723836&use=l&cat=p&typeid=i","cat":284531},{"id":179669,"n":"Liquide vaisselle Paic Citron - 1,5L","p":2.7,"u":"1,80 €/L","img":"https://fd9-photos.leclercdrive.fr/image.ashx?id=2328673&use=l&cat=p&typeid=i","cat":284655},{"id":179734,"n":"Huile Isio 4 Lesieur 50cl","p":2.49,"u":"4,98 €/L","img":"https://fd9-photos.leclercdrive.fr/image.ashx?id=2916027&use=l&cat=p&typeid=i","cat":284453},{"id":179833,"n":"Bâtonnets Manger Main Bio Yooji Maïs et semoule - 225g","p":3.09,"u":"13,73 €/KG","img":"https://fd9-photos.leclercdrive.fr/image.ashx?id=2529033&use=l&cat=p&typeid=i","cat":290631},{"id":179858,"n":"Mini bâtonnets Trium  Rocher Coco x4 - 202g","p":3.22,"u":"15,94 €/KG","img":"https://fd9-photos.leclercdrive.fr/image.ashx?id=2376103&use=l&cat=p&typeid=i","cat":284265},{"id":179867,"n":"Biscuits barquette Bio Chocolat Noisette Bjorg 120g","p":3.03,"u":"25,25 €/KG","img":"https://fd9-photos.leclercdrive.fr/image.ashx?id=2329040&use=l&cat=p&typeid=i","cat":284488},{"id":179881,"n":"Crème glacée Ben & Jerry's Cookie Vermont-Ster - 324g","p":5.05,"u":"15,59 €/KG","img":"https://fd9-photos.leclercdrive.fr/image.ashx?id=2793044&use=l&cat=p&typeid=i","cat":284725},{"id":179934,"n":"Chips bio Jardin Bio Nature - 125g","p":2.13,"u":"17,04 €/KG","img":"https://fd9-photos.leclercdrive.fr/image.ashx?id=2792642&use=l&cat=p&typeid=i","cat":284447},{"id":179961,"n":"Haricots verts Jardin Bio Etic Bio - sans sel ajouté - 185g","p":2.29,"u":"12,38 €/KG","img":"https://fd9-photos.leclercdrive.fr/image.ashx?id=2835421&use=l&cat=p&typeid=i","cat":312606},{"id":179967,"n":"Beurre de cacahuete Jardin Bio Bio - Creamy - 500g","p":5.26,"u":"10,52 €/KG","img":"https://fd9-photos.leclercdrive.fr/image.ashx?id=2926503&use=l&cat=p&typeid=i","cat":284481},{"id":179970,"n":"Thé noir bio Jardin Bio Etic Fruits rouges x20 - 28g","p":2.28,"u":"81,43 €/KG","img":"https://fd9-photos.leclercdrive.fr/image.ashx?id=2419089&use=l&cat=p&typeid=i","cat":293233},{"id":179974,"n":"Bianco 14,4% - 1L","p":3.5,"u":"3,50 €/L","img":"https://fd9-photos.leclercdrive.fr/image.ashx?id=2800231&use=l&cat=p&typeid=i","cat":284913},{"id":179976,"n":"Chocolat noir Lindt Excellence 28 bouchées - 154g","p":4.96,"u":"32,21 €/KG","img":"https://fd9-photos.leclercdrive.fr/image.ashx?id=2425592&use=l&cat=p&typeid=i","cat":284499},{"id":179979,"n":"AOC Crémant d'Alsace brut 75cl","p":5.35,"u":"7,13 €/L","img":"https://fd9-photos.leclercdrive.fr/image.ashx?id=2888932&use=l&cat=p&typeid=i","cat":284545},{"id":179985,"n":"Bière ambrée Ch'ti   6,2°  -75cl","p":2.85,"u":"3,80 €/L","img":"https://fd9-photos.leclercdrive.fr/image.ashx?id=2329473&use=l&cat=p&typeid=i","cat":334852},{"id":179996,"n":"Boisson arômatisée à base de Vin désacoolisé - 75cl","p":2.99,"u":"3,99 €/L","img":"https://fd9-photos.leclercdrive.fr/image.ashx?id=2825221&use=l&cat=p&typeid=i","cat":284549},{"id":179997,"n":"Vin rosé  Festalie 75cl - sans alcool","p":2.99,"u":"3,99 €/L","img":"https://fd9-photos.leclercdrive.fr/image.ashx?id=2781188&use=l&cat=p&typeid=i","cat":289558},{"id":180024,"n":"Tablette de chocolat noir Lindt Noisette caramel - 100g","p":2.18,"u":"21,80 €/KG","img":"https://fd9-photos.leclercdrive.fr/image.ashx?id=2881296&use=l&cat=p&typeid=i","cat":284956},{"id":180041,"n":"Chips Tuiles Pringles Paprika - 175g","p":1.8,"u":"10,29 €/KG","img":"https://fd9-photos.leclercdrive.fr/image.ashx?id=2902301&use=l&cat=p&typeid=i","cat":287899},{"id":180044,"n":"Filtres à café brun Melitta FSC 1x4 - 80 filtres","p":1.71,"u":"11,63 €/KG","img":"https://fd9-photos.leclercdrive.fr/image.ashx?id=2908276&use=l&cat=p&typeid=i","cat":284751},{"id":180056,"n":"Vinaigre balsamique Ponti de Modène IGP - 500 ml","p":3.0,"u":"6,00 €/L","img":"https://fd9-photos.leclercdrive.fr/image.ashx?id=2330191&use=l&cat=p&typeid=i","cat":298543},{"id":180061,"n":"Thé vert bio Bio village  36g","p":1.33,"u":"36,94 €/KG","img":"https://fd9-photos.leclercdrive.fr/image.ashx?id=2897910&use=l&cat=p&typeid=i","cat":293233},{"id":180065,"n":"Rillettes de thon Petit Navire 125g","p":2.0,"u":"16,00 €/KG","img":"https://fd9-photos.leclercdrive.fr/image.ashx?id=2533388&use=l&cat=p&typeid=i","cat":303867},{"id":180069,"n":"Rillettes au saumon  Petit Navire - 125g","p":1.97,"u":"15,76 €/KG","img":"https://fd9-photos.leclercdrive.fr/image.ashx?id=2533391&use=l&cat=p&typeid=i","cat":305147},{"id":180071,"n":"Cidre doux Eco+ 2% - 75cl","p":1.59,"u":"2,12 €/L","img":"https://fd9-photos.leclercdrive.fr/image.ashx?id=2903926&use=l&cat=p&typeid=i","cat":334880},{"id":180074,"n":"Fond de veau Maggi - 240g","p":3.43,"u":"14,29 €/KG","img":"https://fd9-photos.leclercdrive.fr/image.ashx?id=2918047&use=l&cat=p&typeid=i","cat":288379},{"id":180079,"n":"Biscuits chocolats Kinder Duo Chocolat blanc et lait - 150g","p":2.01,"u":"13,40 €/KG","img":"https://fd9-photos.leclercdrive.fr/image.ashx?id=2959127&use=l&cat=p&typeid=i","cat":284488},{"id":180083,"n":"Pastis Eco+ 40% - 1L","p":15.08,"u":"15,08 €/L","img":"https://fd9-photos.leclercdrive.fr/image.ashx?id=2637823&use=l&cat=p&typeid=i","cat":284548},{"id":180118,"n":"Mais d'aucy  Bio - 2x140g","p":2.11,"u":"7,54 €/KG","img":"https://fd9-photos.leclercdrive.fr/image.ashx?id=2651825&use=l&cat=p&typeid=i","cat":312611},{"id":180121,"n":"Riz curry et poulet individuel William Saurin - 300g","p":2.67,"u":"8,90 €/KG","img":"https://fd9-photos.leclercdrive.fr/image.ashx?id=2335184&use=l&cat=p&typeid=i","cat":284953},{"id":180128,"n":"Infusion à froid Tisea  Fruits rouges - 33g","p":1.89,"u":"57,27 €/KG","img":"https://fd9-photos.leclercdrive.fr/image.ashx?id=2897838&use=l&cat=p&typeid=i","cat":293234},{"id":180150,"n":"Crème de coco - brique de 400ml","p":2.93,"u":"7,33 €/L","img":"https://fd9-photos.leclercdrive.fr/image.ashx?id=2906901&use=l&cat=p&typeid=i","cat":288992},{"id":180154,"n":"Chewing-gum Freedent Myrtille sans sucres 5x10 dragées -70g","p":2.69,"u":"38,43 €/KG","img":"https://fd9-photos.leclercdrive.fr/image.ashx?id=2330356&use=l&cat=p&typeid=i","cat":304251},{"id":180155,"n":"Chewing-gum Freedent White Fraise 5x10 dragées - 70g","p":2.55,"u":"36,43 €/KG","img":"https://fd9-photos.leclercdrive.fr/image.ashx?id=2330359&use=l&cat=p&typeid=i","cat":304251},{"id":180169,"n":"Pain d'épices au miel Brossard 350g","p":2.16,"u":"6,17 €/KG","img":"https://fd9-photos.leclercdrive.fr/image.ashx?id=2330317&use=l&cat=p&typeid=i","cat":284493},{"id":180178,"n":"Quenelles de brochet  Petit Jean - 400g","p":2.19,"u":"5,48 €/KG","img":"https://fd9-photos.leclercdrive.fr/image.ashx?id=2677228&use=l&cat=p&typeid=i","cat":284441},{"id":180179,"n":"Sauce tomate aux champignons  Panzani Bolets et cèpes - 210g","p":1.5,"u":"7,14 €/KG","img":"https://fd9-photos.leclercdrive.fr/image.ashx?id=2880676&use=l&cat=p&typeid=i","cat":299047},{"id":180181,"n":"Sardines à l'huile d'olive Connétable - 135g","p":2.87,"u":"21,26 €/KG","img":"https://fd9-photos.leclercdrive.fr/image.ashx?id=2762115&use=l&cat=p&typeid=i","cat":305146},{"id":180182,"n":"Sardines Connétable huile  d'olive piment de Cayenne -135g","p":2.71,"u":"20,07 €/KG","img":"https://fd9-photos.leclercdrive.fr/image.ashx?id=2902714&use=l&cat=p&typeid=i","cat":305146},{"id":180183,"n":"Sardines Connétable sauce aux   tomates séchées - 135g","p":2.74,"u":"20,30 €/KG","img":"https://fd9-photos.leclercdrive.fr/image.ashx?id=2902717&use=l&cat=p&typeid=i","cat":305146},{"id":180187,"n":"Sauce Pesto Tomates Basilic Panzani - 200G","p":1.62,"u":"8,10 €/KG","img":"https://fd9-photos.leclercdrive.fr/image.ashx?id=2977930&use=l&cat=p&typeid=i","cat":287599},{"id":180193,"n":"Soupe déshydratée Knorr Cèpes  champignons  - 75cl","p":1.63,"u":"17,91 €/KG","img":"https://fd9-photos.leclercdrive.fr/image.ashx?id=2790318&use=l&cat=p&typeid=i","cat":284463},{"id":180194,"n":"Tartinades de thon Petit Navire Tomates séchées thym - 125G","p":2.22,"u":"17,76 €/KG","img":"https://fd9-photos.leclercdrive.fr/image.ashx?id=2522566&use=l&cat=p&typeid=i","cat":303867},{"id":180199,"n":"Pandawaï Pik Haribo Sachet bonbons acidulés - 200g","p":1.92,"u":"9,60 €/KG","img":"https://fd9-photos.leclercdrive.fr/image.ashx?id=2806120&use=l&cat=p&typeid=i","cat":304250},{"id":180201,"n":"Thé Earl Grey Twinings 50 sachets - 100g","p":4.09,"u":"40,90 €/KG","img":"https://fd9-photos.leclercdrive.fr/image.ashx?id=2893018&use=l&cat=p&typeid=i","cat":293233},{"id":180202,"n":"Purée de tomate Panzani Tomacouli ail & herbes - 500g","p":1.4,"u":"2,80 €/KG","img":"https://fd9-photos.leclercdrive.fr/image.ashx?id=2890610&use=l&cat=p&typeid=i","cat":288384},{"id":180203,"n":"Nouilles instantanées Tanoshi Blé poulet - sachet 85g","p":0.91,"u":"10,71 €/KG","img":"https://fd9-photos.leclercdrive.fr/image.ashx?id=2912044&use=l&cat=p&typeid=i","cat":284427},{"id":180204,"n":"Nouilles instantanées Tanoshi Blé bœuf - sachet 85g","p":0.92,"u":"10,82 €/KG","img":"https://fd9-photos.leclercdrive.fr/image.ashx?id=2955791&use=l&cat=p&typeid=i","cat":288992},{"id":180217,"n":"Assaisonnement déshydraté Knorr Origan basilic romarin - 145g","p":3.02,"u":"20,83 €/KG","img":"https://fd9-photos.leclercdrive.fr/image.ashx?id=3014653&use=l&cat=p&typeid=i","cat":298297},{"id":180220,"n":"Thon entier Saupiquet nature  MSC - 2x112g","p":4.17,"u":"1,86 €/L","img":"https://fd9-photos.leclercdrive.fr/image.ashx?id=2860877&use=l&cat=p&typeid=i","cat":303867},{"id":180233,"n":"Crème de marrons vanille  Douceur du Verger - 500g","p":2.12,"u":"4,24 €/KG","img":"https://fd9-photos.leclercdrive.fr/image.ashx?id=2691471&use=l&cat=p&typeid=i","cat":284506},{"id":180241,"n":"Sucre glace Saint Louis - 1kg","p":3.05,"u":"3,05 €/KG","img":"https://fd9-photos.leclercdrive.fr/image.ashx?id=2939382&use=l&cat=p&typeid=i","cat":284502},{"id":180247,"n":"Double concentré de tomates  Eco+ - 440g","p":1.31,"u":"2,98 €/KG","img":"https://fd9-photos.leclercdrive.fr/image.ashx?id=2669648&use=l&cat=p&typeid=i","cat":288384},{"id":180278,"n":"Sauce tomate pour pizza Zapetti - 300g","p":1.61,"u":"5,37 €/KG","img":"https://fd9-photos.leclercdrive.fr/image.ashx?id=2579990&use=l&cat=p&typeid=i","cat":288384},{"id":180284,"n":"Brownie St Michel au chocolat ultra fondant - 240g","p":2.47,"u":"10,29 €/KG","img":"https://fd9-photos.leclercdrive.fr/image.ashx?id=2936167&use=l&cat=p&typeid=i","cat":294776},{"id":180291,"n":"Complément alimentaire Juvamine Lutéine myrtille pour yeux -x40","p":5.12,"u":"0,13 €/P","img":"https://fd9-photos.leclercdrive.fr/image.ashx?id=2455918&use=l&cat=p&typeid=i","cat":284632},{"id":180302,"n":"Biscuits Palmier St Michel  au beurre - 87g","p":1.25,"u":"14,37 €/KG","img":"https://fd9-photos.leclercdrive.fr/image.ashx?id=2555379&use=l&cat=p&typeid=i","cat":284487},{"id":180304,"n":"Semoule de couscous moyen Eco+ - 1kg","p":1.05,"u":"1,05 €/KG","img":"https://fd9-photos.leclercdrive.fr/image.ashx?id=2790858&use=l&cat=p&typeid=i","cat":284429},{"id":180305,"n":"Pâté de foie Eco+ x3 - 234g","p":1.33,"u":"5,68 €/KG","img":"https://fd9-photos.leclercdrive.fr/image.ashx?id=2852940&use=l&cat=p&typeid=i","cat":305149},{"id":180317,"n":"Pistaches non salées Tokapi 125g","p":2.33,"u":"18,64 €/KG","img":"https://fd9-photos.leclercdrive.fr/image.ashx?id=2793302&use=l&cat=p&typeid=i","cat":284448},{"id":180333,"n":"Grignot' cacahuètes Tokapi - 140g","p":0.99,"u":"7,07 €/KG","img":"https://fd9-photos.leclercdrive.fr/image.ashx?id=2331066&use=l&cat=p&typeid=i","cat":284449},{"id":180336,"n":"Répulsif Corporel Spray Autan Anti Tiques - 100 ml","p":6.99,"u":"69,90 €/L","img":"https://fd9-photos.leclercdrive.fr/image.ashx?id=2791587&use=l&cat=p&typeid=i","cat":298368},{"id":180344,"n":"Fromage enfant Mini Babybel 6 portions goûter - 132g","p":2.38,"u":"18,03 €/KG","img":"https://fd9-photos.leclercdrive.fr/image.ashx?id=2970822&use=l&cat=p&typeid=i","cat":314030},{"id":180345,"n":"Fromage enfant Mini Babybel 12 portions goûter - 264g","p":4.38,"u":"16,59 €/KG","img":"https://fd9-photos.leclercdrive.fr/image.ashx?id=2970825&use=l&cat=p&typeid=i","cat":314030},{"id":180347,"n":"Chips Pom'lisse nature sans sel - 125g","p":1.19,"u":"9,52 €/KG","img":"https://fd9-photos.leclercdrive.fr/image.ashx?id=2919661&use=l&cat=p&typeid=i","cat":284447},{"id":180348,"n":"Rondelles de cornichons Rustica aigres doux - 185g","p":1.6,"u":"8,65 €/KG","img":"https://fd9-photos.leclercdrive.fr/image.ashx?id=2916725&use=l&cat=p&typeid=i","cat":284458},{"id":180350,"n":"Vinaigre d'alcool Bio Village  blanc 8% Bio - 1L","p":1.05,"u":"1,05 €/L","img":"https://fd9-photos.leclercdrive.fr/image.ashx?id=2869528&use=l&cat=p&typeid=i","cat":325365},{"id":180352,"n":"Friandises chat Sheba Creamy snacks saumon - 4x12g","p":2.91,"u":"60,63 €/KG","img":"https://fd9-photos.leclercdrive.fr/image.ashx?id=2331150&use=l&cat=p&typeid=i","cat":285285},{"id":180356,"n":"Muesli croustillant chocolat  bio Terres et Céréales-1kg","p":5.76,"u":"5,76 €/KG","img":"https://fd9-photos.leclercdrive.fr/image.ashx?id=2802458&use=l&cat=p&typeid=i","cat":309512},{"id":180414,"n":"Chips Tuiles Pringles Pizza - 175g","p":2.38,"u":"13,60 €/KG","img":"https://fd9-photos.leclercdrive.fr/image.ashx?id=2661748&use=l&cat=p&typeid=i","cat":287899},{"id":180418,"n":"Pois chiches Sultanines 530g","p":1.58,"u":"2,98 €/KG","img":"https://fd9-photos.leclercdrive.fr/image.ashx?id=2331363&use=l&cat=p&typeid=i","cat":312609},{"id":180421,"n":"Bûchettes de sucre Saint Louis 4g x 125 - coffret de 500g","p":2.95,"u":"5,90 €/KG","img":"https://fd9-photos.leclercdrive.fr/image.ashx?id=2331387&use=l&cat=p&typeid=i","cat":284502},{"id":180429,"n":"Agar Bio Village  Bio - 8g","p":2.09,"u":"261,25 €/KG","img":"https://fd9-photos.leclercdrive.fr/image.ashx?id=2343225&use=l&cat=p&typeid=i","cat":284504},{"id":180432,"n":"Thé noir Twinings vanille x20 - 32g","p":2.7,"u":"84,38 €/KG","img":"https://fd9-photos.leclercdrive.fr/image.ashx?id=2893057&use=l&cat=p&typeid=i","cat":293233},{"id":180433,"n":"Sérum Physiologique  Mercurochrome 30x5ml","p":4.54,"u":"30,27 €/L","img":"https://fd9-photos.leclercdrive.fr/image.ashx?id=2731474&use=l&cat=p&typeid=i","cat":284741},{"id":180453,"n":"Thé glacé Fuze Tea  Pêche Intense - 6x33cl","p":3.64,"u":"1,84 €/L","img":"https://fd9-photos.leclercdrive.fr/image.ashx?id=2940405&use=l&cat=p&typeid=i","cat":295019},{"id":180458,"n":"Amandes en poudre Vahiné 125g","p":2.9,"u":"23,20 €/KG","img":"https://fd9-photos.leclercdrive.fr/image.ashx?id=2785934&use=l&cat=p&typeid=i","cat":284504},{"id":180464,"n":"Caramels tendres Werthers 165g","p":2.05,"u":"12,42 €/KG","img":"https://fd9-photos.leclercdrive.fr/image.ashx?id=2660164&use=l&cat=p&typeid=i","cat":304252},{"id":180498,"n":"Chips ancienne nature Lay's Sel - 155g","p":1.34,"u":"8,65 €/KG","img":"https://fd9-photos.leclercdrive.fr/image.ashx?id=2996596&use=l&cat=p&typeid=i","cat":284447},{"id":180519,"n":"Bière aromatisée Corona Sunset 5,9% - 6x33cl","p":8.51,"u":"4,30 €/L","img":"https://fd9-photos.leclercdrive.fr/image.ashx?id=2564749&use=l&cat=p&typeid=i","cat":334878},{"id":180545,"n":"Serviettes hygiéniques Nana Ultra - Régulier+ - x14","p":2.2,"u":"0,16 €/P","img":"https://fd9-photos.leclercdrive.fr/image.ashx?id=3011881&use=l&cat=p&typeid=i","cat":284624},{"id":180547,"n":"Serviettes hygiéniques Nana Ultra - Régulier- x16","p":2.12,"u":"0,13 €/P","img":"https://fd9-photos.leclercdrive.fr/image.ashx?id=3000860&use=l&cat=p&typeid=i","cat":284624},{"id":180549,"n":"Serviettes Ultra Régulier Nana Deo Ailettes Flux modéré - x28","p":3.74,"u":"0,13 €/P","img":"https://fd9-photos.leclercdrive.fr/image.ashx?id=3005299&use=l&cat=p&typeid=i","cat":284624},{"id":180550,"n":"Serviettes hygiéniques Nana Ultra - Spécial Nuit - x10","p":2.1,"u":"0,21 €/P","img":"https://fd9-photos.leclercdrive.fr/image.ashx?id=2944990&use=l&cat=p&typeid=i","cat":284624},{"id":180551,"n":"Serviettes hygiéniques Nana Ultra - Spécial Nuit - x20","p":3.28,"u":"0,16 €/P","img":"https://fd9-photos.leclercdrive.fr/image.ashx?id=2756401&use=l&cat=p&typeid=i","cat":284624},{"id":180552,"n":"Soda à l'orange Orangina 6x25cl verre","p":5.32,"u":"3,55 €/L","img":"https://fd9-photos.leclercdrive.fr/image.ashx?id=2476431&use=l&cat=p&typeid=i","cat":284532},{"id":180563,"n":"Viande des Grisons Aoste 10 Tranches - 70g","p":4.87,"u":"69,57 €/KG","img":"https://fd9-photos.leclercdrive.fr/image.ashx?id=2939838&use=l&cat=p&typeid=i","cat":316007},{"id":180602,"n":"Kit racines Schwarzkopf Châtain foncé R4","p":5.65,"img":"https://fd9-photos.leclercdrive.fr/image.ashx?id=2986251&use=l&cat=p&typeid=i","cat":288899},{"id":180797,"n":"Mouchoirs UltraSoft Kleenex® Boîte x64","p":1.83,"img":"https://fd9-photos.leclercdrive.fr/image.ashx?id=2853350&use=l&cat=p&typeid=i","cat":284638},{"id":180803,"n":"Lait Corps Le Petit Marseillais  Bio amande douce - 250ml","p":5.47,"u":"21,88 €/L","img":"https://fd9-photos.leclercdrive.fr/image.ashx?id=2339751&use=l&cat=p&typeid=i","cat":null},{"id":180871,"n":"AOP Bourgogne Aligoté BIB 2.25L","p":18.49,"u":"8,22 €/L","img":"https://fd9-photos.leclercdrive.fr/image.ashx?id=2671426&use=l&cat=p&typeid=i","cat":289557},{"id":180872,"n":"Miettes de thon huile d'olive 2x160g","p":5.4,"u":"16,88 €/KG","img":"https://fd9-photos.leclercdrive.fr/image.ashx?id=2340509&use=l&cat=p&typeid=i","cat":303867},{"id":181347,"n":"Sac à dos om sac à dos - droit au but","p":22.95,"img":"https://fd9-photos.leclercdrive.fr/image.ashx?id=2379048&use=l&cat=p&typeid=i","cat":334133},{"id":181729,"n":"Bière Blanche Slash Mangue - 50cl  8% vol.","p":2.0,"u":"4,00 €/L","img":"https://fd9-photos.leclercdrive.fr/image.ashx?id=2341534&use=l&cat=p&typeid=i","cat":334853},{"id":181755,"n":"Complément alimentaire  Confort Urinaire  Pépins courge","p":5.13,"u":"135,00 €/KG","img":"https://fd9-photos.leclercdrive.fr/image.ashx?id=2341489&use=l&cat=p&typeid=i","cat":313217},{"id":181962,"n":"Lave glace été Eco+ 5 L","p":1.97,"u":"0,39 €/L","img":"https://fd9-photos.leclercdrive.fr/image.ashx?id=2499519&use=l&cat=p&typeid=i","cat":298252},{"id":182013,"n":"Café Moulu  Espresso - Méo - 1kg","p":15.25,"u":"15,25 €/KG","img":"https://fd9-photos.leclercdrive.fr/image.ashx?id=2571293&use=l&cat=p&typeid=i","cat":284750},{"id":182034,"n":"Culotte menstruelle Love&Green Taille XXS","p":28.73,"img":"https://fd9-photos.leclercdrive.fr/image.ashx?id=2342099&use=l&cat=p&typeid=i","cat":291524},{"id":182039,"n":"Culotte menstruelle Love&Green Taille XS flux normal","p":29.07,"img":"https://fd9-photos.leclercdrive.fr/image.ashx?id=2342102&use=l&cat=p&typeid=i","cat":291524},{"id":182047,"n":"Jambon de Bayonne Saint Azay 6 tranches - 150g","p":3.72,"u":"24,80 €/KG","img":"https://fd9-photos.leclercdrive.fr/image.ashx?id=2342190&use=l&cat=p&typeid=i","cat":316007},{"id":182071,"n":"Croquettes chien Ultima Mini Adulte poulet - 1.35kg","p":5.32,"u":"3,94 €/KG","img":"https://fd9-photos.leclercdrive.fr/image.ashx?id=2926645&use=l&cat=p&typeid=i","cat":294526},{"id":182107,"n":"DOC Prosecco Perlino vin Pétillant rosé - 75cl","p":6.3,"u":"8,40 €/L","img":"https://fd9-photos.leclercdrive.fr/image.ashx?id=2612784&use=l&cat=p&typeid=i","cat":289461},{"id":182158,"n":"Galettes Normandes NRT Caramel - 100g","p":1.69,"u":"16,90 €/KG","img":"https://fd9-photos.leclercdrive.fr/image.ashx?id=2704915&use=l&cat=p&typeid=i","cat":284487},{"id":182160,"n":"Maïs croquant d'Aucy 4x285g","p":3.67,"u":"3,22 €/KG","img":"https://fd9-photos.leclercdrive.fr/image.ashx?id=2478526&use=l&cat=p&typeid=i","cat":312611},{"id":182164,"n":"Shorty menstruel Love&Green Taille XXL flux abondant","p":30.08,"img":"https://fd9-photos.leclercdrive.fr/image.ashx?id=2343360&use=l&cat=p&typeid=i","cat":291524},{"id":182166,"n":"Culotte menstruelle lavage  Love&Green Taille M flux normal","p":22.18,"img":"https://fd9-photos.leclercdrive.fr/image.ashx?id=2343345&use=l&cat=p&typeid=i","cat":291524},{"id":182167,"n":"Culotte menstruelle Love&Green Flux normal - Taille L","p":28.73,"img":"https://fd9-photos.leclercdrive.fr/image.ashx?id=2343348&use=l&cat=p&typeid=i","cat":291524},{"id":182169,"n":"Shorty menstruel Love&Green  lavable Taille XL","p":20.11,"img":"https://fd9-photos.leclercdrive.fr/image.ashx?id=2343357&use=l&cat=p&typeid=i","cat":291524},{"id":182176,"n":"Shorty menstruel Love&Green Lavable  taille L flux abondant","p":24.73,"img":"https://fd9-photos.leclercdrive.fr/image.ashx?id=2343354&use=l&cat=p&typeid=i","cat":291524},{"id":182181,"n":"Sirop de Menthe Bio Village Bio - 50cl","p":2.45,"u":"4,90 €/L","img":"https://fd9-photos.leclercdrive.fr/image.ashx?id=2873189&use=l&cat=p&typeid=i","cat":295020},{"id":182192,"n":"Shorty Love&Green","p":28.26,"img":"https://fd9-photos.leclercdrive.fr/image.ashx?id=2343678&use=l&cat=p&typeid=i","cat":291524},{"id":182193,"n":"Shorty Love&Green  Taile M flux abondant","p":20.11,"img":"https://fd9-photos.leclercdrive.fr/image.ashx?id=2343684&use=l&cat=p&typeid=i","cat":291524},{"id":182194,"n":"Shorty menstruel Love&Green  Taille S flux abondant","p":28.73,"img":"https://fd9-photos.leclercdrive.fr/image.ashx?id=2343681&use=l&cat=p&typeid=i","cat":291524},{"id":182212,"n":"Semoule moyenne panzani 500g","p":1.35,"u":"2,70 €/KG","img":"https://fd9-photos.leclercdrive.fr/image.ashx?id=2745562&use=l&cat=p&typeid=i","cat":284429},{"id":182218,"n":"Chips paysanne nature Lay's Sel - 155g","p":1.24,"u":"8,00 €/KG","img":"https://fd9-photos.leclercdrive.fr/image.ashx?id=2818602&use=l&cat=p&typeid=i","cat":284447},{"id":182259,"n":"Chips ancienne nature Lay's Sel format familial - 295g","p":2.21,"u":"7,49 €/KG","img":"https://fd9-photos.leclercdrive.fr/image.ashx?id=2999243&use=l&cat=p&typeid=i","cat":284447},{"id":182261,"n":"Lay's  Nature - 6x28g","p":1.95,"u":"11,61 €/KG","img":"https://fd9-photos.leclercdrive.fr/image.ashx?id=2996605&use=l&cat=p&typeid=i","cat":284447},{"id":182340,"n":"Lait en poudre Guigoz Optipro 2ème âge - 6-12 mois - 830g","p":14.94,"u":"18,00 €/KG","img":"https://fd9-photos.leclercdrive.fr/image.ashx?id=2737747&use=l&cat=p&typeid=i","cat":284727},{"id":182342,"n":"Lait bébé en poudre Guigoz Gest 2ème âge - 6-12 mois - 830g","p":16.53,"u":"19,92 €/KG","img":"https://fd9-photos.leclercdrive.fr/image.ashx?id=2469478&use=l&cat=p&typeid=i","cat":284727},{"id":182362,"n":"Cheddar Bristish Heritage AOP  Extra Mature 5 Tranches - 125g","p":2.45,"u":"19,60 €/KG","img":"https://fd9-photos.leclercdrive.fr/image.ashx?id=2766532&use=l&cat=p&typeid=i","cat":314034},{"id":182364,"n":"Jambon sec Saint Azay Label Rouge - 6 tranches - 100g","p":3.69,"u":"36,90 €/KG","img":"https://fd9-photos.leclercdrive.fr/image.ashx?id=2345845&use=l&cat=p&typeid=i","cat":316007},{"id":182365,"n":"Jambon de Bayonne Saint Azay 4 tranches - 100g","p":2.48,"u":"24,80 €/KG","img":"https://fd9-photos.leclercdrive.fr/image.ashx?id=2345848&use=l&cat=p&typeid=i","cat":316007},{"id":182371,"n":"Mayonnaise bio Bio Village 238g","p":2.05,"u":"8,61 €/KG","img":"https://fd9-photos.leclercdrive.fr/image.ashx?id=2664872&use=l&cat=p&typeid=i","cat":298295},{"id":182373,"n":"Skyr Siggi's  Mangue Passion - 2x140g","p":2.25,"u":"8,04 €/KG","img":"https://fd9-photos.leclercdrive.fr/image.ashx?id=2792027&use=l&cat=p&typeid=i","cat":315000},{"id":182460,"n":"Pâtes de semoule Rigatoni N°24 - 500g","p":1.34,"u":"2,68 €/KG","img":"https://fd9-photos.leclercdrive.fr/image.ashx?id=2348186&use=l&cat=p&typeid=i","cat":284427},{"id":182465,"n":"Bière sans alcool Tourtel Twist Ananas 0,0° - 6x27,5cl","p":4.1,"u":"2,48 €/L","img":"https://fd9-photos.leclercdrive.fr/image.ashx?id=2684925&use=l&cat=p&typeid=i","cat":334877},{"id":182469,"n":"Gnocchi di Patate Rummo 500g","p":2.61,"u":"5,22 €/KG","img":"https://fd9-photos.leclercdrive.fr/image.ashx?id=2348213&use=l&cat=p&typeid=i","cat":333682},{"id":182479,"n":"Huile d'Olive Tramier Vierge  Extra Sans Pesticides 75cl","p":8.84,"u":"11,79 €/L","img":"https://fd9-photos.leclercdrive.fr/image.ashx?id=2647188&use=l&cat=p&typeid=i","cat":284453},{"id":182480,"n":"Lait bébé en poudre Guigoz Gest 1er âge - 0-6 mois - 830g","p":17.73,"u":"21,36 €/KG","img":"https://fd9-photos.leclercdrive.fr/image.ashx?id=2895047&use=l&cat=p&typeid=i","cat":284726},{"id":182507,"n":"Chocolat noir Bio Ethiquable  100% Pérou - 100g","p":3.27,"u":"32,70 €/KG","img":"https://fd9-photos.leclercdrive.fr/image.ashx?id=2870971&use=l&cat=p&typeid=i","cat":284956},{"id":182519,"n":"Croquettes petit chien Ultima  Adulte bœuf - 1,35kg","p":4.8,"u":"3,56 €/KG","img":"https://fd9-photos.leclercdrive.fr/image.ashx?id=2921909&use=l&cat=p&typeid=i","cat":294526},{"id":182542,"n":"Céréales Oreo 350g","p":3.84,"u":"10,97 €/KG","img":"https://fd9-photos.leclercdrive.fr/image.ashx?id=2764583&use=l&cat=p&typeid=i","cat":309513},{"id":182651,"n":"Sucre blond de canne Ethiquable poudre Bio Doypack 750g","p":3.74,"u":"4,99 €/KG","img":"https://fd9-photos.leclercdrive.fr/image.ashx?id=2875489&use=l&cat=p&typeid=i","cat":284502},{"id":182657,"n":"Huile de Colza Paysans d'ici Bretagne Bio - 75cl","p":6.24,"u":"8,32 €/L","img":"https://fd9-photos.leclercdrive.fr/image.ashx?id=2965217&use=l&cat=p&typeid=i","cat":284453},{"id":182661,"n":"Boisson Bundaberg Lemonade Au citron - 37,5cl","p":1.64,"u":"4,37 €/L","img":"https://fd9-photos.leclercdrive.fr/image.ashx?id=2348628&use=l&cat=p&typeid=i","cat":284532},{"id":182662,"n":"Boisson Bundaberg Blood Orange 37,5cl","p":1.67,"u":"4,45 €/L","img":"https://fd9-photos.leclercdrive.fr/image.ashx?id=2348625&use=l&cat=p&typeid=i","cat":284532},{"id":182692,"n":"Nappage Caramel Vahiné 200g","p":1.83,"u":"9,15 €/KG","img":"https://fd9-photos.leclercdrive.fr/image.ashx?id=2833336&use=l&cat=p&typeid=i","cat":284504},{"id":182713,"n":"IGP Pommes Alpes Haute Durance Nos Régions ont du Talent x4","p":2.49,"u":"0,62 €/P","img":"https://fd9-photos.leclercdrive.fr/image.ashx?id=2934850&use=l&cat=p&typeid=i","cat":284356},{"id":182790,"n":"Bière blonde Leffe sans alcool 0,0% - 12x25cl","p":9.27,"u":"3,09 €/L","img":"https://fd9-photos.leclercdrive.fr/image.ashx?id=2548306&use=l&cat=p&typeid=i","cat":334877},{"id":182791,"n":"Croquettes chiens adultes Poulet - 7kg","p":23.01,"u":"3,29 €/KG","img":"https://fd9-photos.leclercdrive.fr/image.ashx?id=2894968&use=l&cat=p&typeid=i","cat":294526},{"id":182799,"n":"Cumin Moulu Ducros 40g","p":2.78,"u":"69,50 €/KG","img":"https://fd9-photos.leclercdrive.fr/image.ashx?id=2983222&use=l&cat=p&typeid=i","cat":298297},{"id":182808,"n":"Croquettes chiens Ultima Mini Senior Agevital - 1.35kg","p":5.56,"u":"4,12 €/KG","img":"https://fd9-photos.leclercdrive.fr/image.ashx?id=2921918&use=l&cat=p&typeid=i","cat":294526},{"id":182820,"n":"Céréales Weetabix original  430g","p":3.17,"u":"7,37 €/KG","img":"https://fd9-photos.leclercdrive.fr/image.ashx?id=2853347&use=l&cat=p&typeid=i","cat":309512},{"id":182833,"n":"Biscuits sablés Guet Apens LU Chocolat noisette - 105g","p":2.02,"u":"19,24 €/KG","img":"https://fd9-photos.leclercdrive.fr/image.ashx?id=3002219&use=l&cat=p&typeid=i","cat":284487},{"id":182855,"n":"Saucisse de Strasbourg  Tradilège x10 - 350g","p":1.89,"u":"5,40 €/KG","img":"https://fd9-photos.leclercdrive.fr/image.ashx?id=2349382&use=l&cat=p&typeid=i","cat":316012},{"id":182887,"n":"Fromage à tartiner Boursin Ail & fines herbes - 150g","p":2.29,"u":"15,27 €/KG","img":"https://fd9-photos.leclercdrive.fr/image.ashx?id=2964449&use=l&cat=p&typeid=i","cat":314029},{"id":182888,"n":"Lait bébé poudre Guigoz Optipro 1er âge - 0-6mois - 830g","p":15.99,"u":"19,27 €/KG","img":"https://fd9-photos.leclercdrive.fr/image.ashx?id=2806423&use=l&cat=p&typeid=i","cat":284726},{"id":182910,"n":"Curry thai bio Céréal Bio  Lentilles repas express - 240g","p":2.3,"u":"9,58 €/KG","img":"https://fd9-photos.leclercdrive.fr/image.ashx?id=2664079&use=l&cat=p&typeid=i","cat":287600},{"id":182912,"n":"Yakisoba Céréal Bio   Bio légumes repas express 240g","p":2.34,"u":"9,75 €/KG","img":"https://fd9-photos.leclercdrive.fr/image.ashx?id=2665628&use=l&cat=p&typeid=i","cat":287600},{"id":182914,"n":"Foie de morue Connetable MSC -50% de sel - 121g","p":2.23,"u":"18,43 €/KG","img":"https://fd9-photos.leclercdrive.fr/image.ashx?id=2757310&use=l&cat=p&typeid=i","cat":305147},{"id":182938,"n":"Sauce crudités Caesar Amora 380ml","p":3.14,"u":"8,26 €/L","img":"https://fd9-photos.leclercdrive.fr/image.ashx?id=2655223&use=l&cat=p&typeid=i","cat":284456},{"id":182939,"n":"Chips Tuiles Pringles Barbecue - 175g","p":2.28,"u":"13,03 €/KG","img":"https://fd9-photos.leclercdrive.fr/image.ashx?id=2662502&use=l&cat=p&typeid=i","cat":287899},{"id":182951,"n":"Coteaux d'Aix en Provence Rosé Prestige Château Magnan 75cl","p":4.68,"u":"6,24 €/L","img":"https://fd9-photos.leclercdrive.fr/image.ashx?id=2763658&use=l&cat=p&typeid=i","cat":289558},{"id":183049,"n":"Masque Tissu Skinactive Garnier Booster d'éclat Vitamine C","p":2.39,"img":"https://fd9-photos.leclercdrive.fr/image.ashx?id=2849100&use=l&cat=p&typeid=i","cat":325346},{"id":183067,"n":"AOP Entre Deux Mers blanc sec Le Coup de Bar - 75cl","p":3.49,"u":"4,65 €/L","img":"https://fd9-photos.leclercdrive.fr/image.ashx?id=2620260&use=l&cat=p&typeid=i","cat":289557},{"id":183104,"n":"Nutella Biscuit pâte à tartiner Cacao Noisettes - 207g","p":2.43,"u":"11,74 €/KG","img":"https://fd9-photos.leclercdrive.fr/image.ashx?id=2834035&use=l&cat=p&typeid=i","cat":284488},{"id":183105,"n":"Eau gazeuse San Pellegrino Essenza citron - 6x33cL","p":3.2,"u":"1,62 €/L","img":"https://fd9-photos.leclercdrive.fr/image.ashx?id=2864203&use=l&cat=p&typeid=i","cat":284536},{"id":183106,"n":"Eau gazeuse San Pellegrino Essenza sanguine - 6x33cl","p":3.69,"u":"1,86 €/L","img":"https://fd9-photos.leclercdrive.fr/image.ashx?id=2852010&use=l&cat=p&typeid=i","cat":284536},{"id":183107,"n":"Eau gazeuse San Pellegrino Essenza Pêche melon - 6x33cl","p":3.51,"u":"1,77 €/L","img":"https://fd9-photos.leclercdrive.fr/image.ashx?id=2997292&use=l&cat=p&typeid=i","cat":284536},{"id":183117,"n":"Boisson Citronnade Pulco Saveur Citron et Framboise - 1L","p":2.01,"u":"2,01 €/L","img":"https://fd9-photos.leclercdrive.fr/image.ashx?id=2942266&use=l&cat=p&typeid=i","cat":295018},{"id":183128,"n":"Epinards hachés à la crème  Findus légume - 500g","p":2.38,"u":"4,76 €/KG","img":"https://fd9-photos.leclercdrive.fr/image.ashx?id=3008767&use=l&cat=p&typeid=i","cat":319805},{"id":183129,"n":"Epinards Légumes Findus branches à la crème - 480g","p":2.78,"u":"5,79 €/KG","img":"https://fd9-photos.leclercdrive.fr/image.ashx?id=2937349&use=l&cat=p&typeid=i","cat":319805},{"id":183130,"n":"Epinards hachés Findus À la crème fraîche - 900g","p":3.44,"u":"3,82 €/KG","img":"https://fd9-photos.leclercdrive.fr/image.ashx?id=2904245&use=l&cat=p&typeid=i","cat":319805},{"id":183136,"n":"Gâteaux Savane Brossard À base de yaourt - 7x30g","p":2.46,"u":"11,71 €/KG","img":"https://fd9-photos.leclercdrive.fr/image.ashx?id=2870725&use=l&cat=p&typeid=i","cat":284495},{"id":183138,"n":"Brownie Familial Brossard Chocolat Noisette - 285g","p":3.24,"u":"11,37 €/KG","img":"https://fd9-photos.leclercdrive.fr/image.ashx?id=2977495&use=l&cat=p&typeid=i","cat":294776},{"id":183139,"n":"Mini cakes aux fruits Brossard 10x30g","p":3.42,"u":"11,40 €/KG","img":"https://fd9-photos.leclercdrive.fr/image.ashx?id=2976827&use=l&cat=p&typeid=i","cat":284493},{"id":183193,"n":"Pile alcaline Varta  Longlife power 9V 6LR61 - x2","p":7.85,"u":"3,93 €/P","img":"https://fd9-photos.leclercdrive.fr/image.ashx?id=2353821&use=l&cat=p&typeid=i","cat":300572},{"id":183211,"n":"Madeleines longues Le Ster Marbrées choco - 4x250g","p":4.63,"u":"4,63 €/KG","img":"https://fd9-photos.leclercdrive.fr/image.ashx?id=2827224&use=l&cat=p&typeid=i","cat":284492},{"id":183212,"n":"Madeleines longues Le Ster Sucre - 4x250g","p":4.9,"u":"4,90 €/KG","img":"https://fd9-photos.leclercdrive.fr/image.ashx?id=2827221&use=l&cat=p&typeid=i","cat":284492},{"id":183213,"n":"Eau Micellaire Garnier Tout en 1 Vitamine C - 400mL","p":5.37,"u":"13,43 €/L","img":"https://fd9-photos.leclercdrive.fr/image.ashx?id=2353782&use=l&cat=p&typeid=i","cat":284603},{"id":183262,"n":"Sérum Éclat Vitamine C Garnier Anti-taches - 30ml","p":8.86,"u":"295,33 €/L","img":"https://fd9-photos.leclercdrive.fr/image.ashx?id=2908180&use=l&cat=p&typeid=i","cat":325345},{"id":183301,"n":"Macarons chocolatés  x12 - 145g","p":5.41,"u":"37,31 €/KG","img":"https://fd9-photos.leclercdrive.fr/image.ashx?id=2801926&use=l&cat=p&typeid=i","cat":284360},{"id":183304,"n":"Macarons douceurs x12 - 145g","p":5.58,"u":"38,48 €/KG","img":"https://fd9-photos.leclercdrive.fr/image.ashx?id=2355869&use=l&cat=p&typeid=i","cat":284360},{"id":183357,"n":"Cœurs de Palmiers Rochefontaine - 220g","p":2.85,"u":"12,95 €/KG","img":"https://fd9-photos.leclercdrive.fr/image.ashx?id=2650513&use=l&cat=p&typeid=i","cat":312611},{"id":183375,"n":"Minis brownies choc au lait Brossard - 240g","p":2.84,"u":"11,83 €/KG","img":"https://fd9-photos.leclercdrive.fr/image.ashx?id=2977498&use=l&cat=p&typeid=i","cat":294776},{"id":183414,"n":"Croquettes Ultima Light Petit chien - 1,35kg","p":5.36,"u":"3,97 €/KG","img":"https://fd9-photos.leclercdrive.fr/image.ashx?id=2921912&use=l&cat=p&typeid=i","cat":294526},{"id":183496,"n":"Brocolis fleurette Notre Jardin 900g","p":1.99,"u":"2,21 €/KG","img":"https://fd9-photos.leclercdrive.fr/image.ashx?id=2873168&use=l&cat=p&typeid=i","cat":319805},{"id":183520,"n":"Déodorant Spray Rexona Anti- Transpirant 72H Invisible 200ml","p":3.15,"u":"15,75 €/L","img":"https://fd9-photos.leclercdrive.fr/image.ashx?id=2850306&use=l&cat=p&typeid=i","cat":284595},{"id":183610,"n":"San Marco Intenso Grain N°9 500G","p":11.14,"u":"22,28 €/KG","img":"https://fd9-photos.leclercdrive.fr/image.ashx?id=2463501&use=l&cat=p&typeid=i","cat":293237},{"id":183839,"n":"Mélange à l'espagnole Ducros 48g","p":2.01,"u":"41,88 €/KG","img":"https://fd9-photos.leclercdrive.fr/image.ashx?id=2559508&use=l&cat=p&typeid=i","cat":298297},{"id":183840,"n":"Curcuma moulu Ducros 45g","p":2.42,"u":"53,78 €/KG","img":"https://fd9-photos.leclercdrive.fr/image.ashx?id=2486644&use=l&cat=p&typeid=i","cat":298297},{"id":183849,"n":"Déodorant L'Arbre Vert Argan   Hamamélis - 50ml","p":3.11,"u":"62,20 €/L","img":"https://fd9-photos.leclercdrive.fr/image.ashx?id=2862491&use=l&cat=p&typeid=i","cat":284595},{"id":183854,"n":"Déodorant Rexona Men anti transpirant Cobalt Dry - 200ml","p":3.68,"u":"18,40 €/L","img":"https://fd9-photos.leclercdrive.fr/image.ashx?id=2858711&use=l&cat=p&typeid=i","cat":284618},{"id":183856,"n":"Yaourt Gourmand Mamie Nova Mandarine Citron x2 - 300g","p":1.53,"u":"5,10 €/KG","img":"https://fd9-photos.leclercdrive.fr/image.ashx?id=2879053&use=l&cat=p&typeid=i","cat":284410},{"id":183857,"n":"Gel Douche Le Petit Marseillais  Lait d'amande douce - 650ml","p":3.18,"u":"4,89 €/L","img":"https://fd9-photos.leclercdrive.fr/image.ashx?id=2684197&use=l&cat=p&typeid=i","cat":284594},{"id":183862,"n":"Bloc WC Bref Brilliant Gel Toilettes propres - 42g x1","p":2.32,"u":"55,24 €/KG","img":"https://fd9-photos.leclercdrive.fr/image.ashx?id=2976782&use=l&cat=p&typeid=i","cat":284662},{"id":183866,"n":"Dentifrice blancheur Colgate Max white one - 75ml","p":2.76,"u":"36,80 €/L","img":"https://fd9-photos.leclercdrive.fr/image.ashx?id=2767255&use=l&cat=p&typeid=i","cat":284612},{"id":183873,"n":"Détachant poudre Vanish  Stop Odeurs - 470g","p":5.4,"u":"11,49 €/KG","img":"https://fd9-photos.leclercdrive.fr/image.ashx?id=2679936&use=l&cat=p&typeid=i","cat":284651},{"id":183877,"n":"Désodorisant diffuseur Airwick  Electrique Vanille - 19ml","p":4.25,"u":"223,68 €/L","img":"https://fd9-photos.leclercdrive.fr/image.ashx?id=2768237&use=l&cat=p&typeid=i","cat":311629},{"id":183885,"n":"AOP Saint-Nicolas de Bourgueil  Dumnacus -75cl","p":7.12,"u":"9,49 €/L","img":"https://fd9-photos.leclercdrive.fr/image.ashx?id=2398478&use=l&cat=p&typeid=i","cat":289556},{"id":183937,"n":"Sachets armoire Soupline Grand  air - x3","p":3.29,"u":"1,10 €/P","img":"https://fd9-photos.leclercdrive.fr/image.ashx?id=2944470&use=l&cat=p&typeid=i","cat":325302},{"id":183991,"n":"Masque réparation N.A.E. bio cheveux abimés - 300ml","p":6.84,"u":"22,80 €/L","img":"https://fd9-photos.leclercdrive.fr/image.ashx?id=2466550&use=l&cat=p&typeid=i","cat":284608},{"id":183994,"n":"Masque gel visage N.A.E. bio hydratation éclat - 75ml","p":9.67,"u":"128,93 €/L","img":"https://fd9-photos.leclercdrive.fr/image.ashx?id=2358399&use=l&cat=p&typeid=i","cat":325346},{"id":183997,"n":"Crème gel N.A.E. bio hydratation éclat - 50ml","p":9.6,"u":"192,00 €/L","img":"https://fd9-photos.leclercdrive.fr/image.ashx?id=2358405&use=l&cat=p&typeid=i","cat":325345},{"id":184000,"n":"Déodorant L'Arbre Vert Fleurs de cerisiers, Hamamélis - 50ml","p":3.54,"u":"70,80 €/L","img":"https://fd9-photos.leclercdrive.fr/image.ashx?id=2865824&use=l&cat=p&typeid=i","cat":284595},{"id":184027,"n":"Cassolette merlu blanc saumon D'Aucy - 300g","p":2.62,"u":"8,73 €/KG","img":"https://fd9-photos.leclercdrive.fr/image.ashx?id=2358357&use=l&cat=p&typeid=i","cat":284953},{"id":184056,"n":"Cacahuètes enrobées Salées -  Menguy's - 170g","p":1.84,"u":"10,82 €/KG","img":"https://fd9-photos.leclercdrive.fr/image.ashx?id=2762154&use=l&cat=p&typeid=i","cat":284448},{"id":184071,"n":"Infusion Twinings Ayurveda pêche vanille fleur oranger x20","p":2.91,"u":"97,00 €/KG","img":"https://fd9-photos.leclercdrive.fr/image.ashx?id=2922122&use=l&cat=p&typeid=i","cat":293234},{"id":184096,"n":"Barre de céréales Trésor Stix Chocolat noisettes - 5x20,5g","p":2.51,"u":"24,61 €/KG","img":"https://fd9-photos.leclercdrive.fr/image.ashx?id=2358647&use=l&cat=p&typeid=i","cat":284488},{"id":184141,"n":"Desserts Lactés P'TIT BRASSE Mangue 6M+ - 4x90g","p":2.01,"u":"5,58 €/KG","img":"https://fd9-photos.leclercdrive.fr/image.ashx?id=2594226&use=l&cat=p&typeid=i","cat":312392},{"id":184142,"n":"Desserts Lactés P'TIT BRASSE Fruits rouges 6M+ - 4x90g","p":1.88,"u":"5,22 €/KG","img":"https://fd9-photos.leclercdrive.fr/image.ashx?id=2599943&use=l&cat=p&typeid=i","cat":312392},{"id":184145,"n":"Galettes bretonnes sarrasin NRT 100g","p":1.89,"u":"18,90 €/KG","img":"https://fd9-photos.leclercdrive.fr/image.ashx?id=2622356&use=l&cat=p&typeid=i","cat":284487},{"id":184181,"n":"Purée mangue bébé Good Goût bio - 120g - dès 4 mois","p":1.59,"u":"13,25 €/KG","img":"https://fd9-photos.leclercdrive.fr/image.ashx?id=2640707&use=l&cat=p&typeid=i","cat":312387},{"id":184182,"n":"Purée poire bébé Good Goût bio - 120g - dès 4 mois","p":1.59,"u":"13,25 €/L","img":"https://fd9-photos.leclercdrive.fr/image.ashx?id=2640043&use=l&cat=p&typeid=i","cat":312387},{"id":184192,"n":"Purée fraise banane bébé Good Goût bio - 120g - dès 4 mois","p":1.59,"u":"13,25 €/KG","img":"https://fd9-photos.leclercdrive.fr/image.ashx?id=2640046&use=l&cat=p&typeid=i","cat":312387},{"id":184198,"n":"Complément alimentaire Vitea Multi'Vit énergie - x30","p":4.49,"u":"0,15 €/P","img":"https://fd9-photos.leclercdrive.fr/image.ashx?id=2369472&use=l&cat=p&typeid=i","cat":284632},{"id":184201,"n":"Comprimé effervescent Vitea Magnésium vitamines B+ - x24","p":4.83,"u":"0,20 €/P","img":"https://fd9-photos.leclercdrive.fr/image.ashx?id=2802410&use=l&cat=p&typeid=i","cat":313217},{"id":184208,"n":"Echalote Ducros  1ère Saveur - 10g","p":2.58,"u":"258,00 €/KG","img":"https://fd9-photos.leclercdrive.fr/image.ashx?id=2490506&use=l&cat=p&typeid=i","cat":298297},{"id":184228,"n":"AOC Bordeaux rouge  La Petite Chapelle - 75cl","p":4.9,"pp":3.23,"u":"4,31 €/L","img":"https://fd9-photos.leclercdrive.fr/image.ashx?id=2811314&use=l&cat=p&typeid=i","cat":289556},{"id":184305,"n":"Carré de porc sans os L'Atelier Boucherie x10 - 440g","p":4.94,"u":"11,23 €/KG","img":"https://fd9-photos.leclercdrive.fr/image.ashx?id=2932701&use=l&cat=p&typeid=i","cat":284331},{"id":184308,"n":"Côtes de porc échine L'Atelier Boucherie x4 - 680g","p":5.14,"u":"7,56 €/KG","img":"https://fd9-photos.leclercdrive.fr/image.ashx?id=2930555&use=l&cat=p&typeid=i","cat":284331},{"id":184310,"n":"Entrecôte de boeuf*** L'Atelier Boucherie x1 - 200g","p":6.09,"u":"30,45 €/KG","img":"https://fd9-photos.leclercdrive.fr/image.ashx?id=2913781&use=l&cat=p&typeid=i","cat":284328},{"id":184312,"n":"Faux-filet de boeuf*** L'Atelier Boucherie x1 - 180g","p":5.12,"u":"28,44 €/KG","img":"https://fd9-photos.leclercdrive.fr/image.ashx?id=2913784&use=l&cat=p&typeid=i","cat":284328},{"id":184315,"n":"Steak de boeuf** L'Atelier Boucherie x2 - 260g","p":5.39,"u":"20,73 €/KG","img":"https://fd9-photos.leclercdrive.fr/image.ashx?id=2930582&use=l&cat=p&typeid=i","cat":284328},{"id":184317,"n":"Rumsteck en tournedos*** L'Atelier Boucherie x2 - 280g","p":7.19,"u":"25,68 €/KG","img":"https://fd9-photos.leclercdrive.fr/image.ashx?id=2930588&use=l&cat=p&typeid=i","cat":284328},{"id":184318,"n":"Rôti de boeuf*** L'Atelier Boucherie - 600g","p":13.49,"u":"22,48 €/KG","img":"https://fd9-photos.leclercdrive.fr/image.ashx?id=2930591&use=l&cat=p&typeid=i","cat":284328},{"id":184319,"n":"Pièce à fondue / Brochette L'Atelier Boucherie - 500g","p":11.49,"u":"22,98 €/KG","img":"https://fd9-photos.leclercdrive.fr/image.ashx?id=2930594&use=l&cat=p&typeid=i","cat":284328},{"id":184320,"n":"Rôti de porc L'Atelier Boucherie - 600g","p":6.59,"u":"10,98 €/KG","img":"https://fd9-photos.leclercdrive.fr/image.ashx?id=2953749&use=l&cat=p&typeid=i","cat":284331},{"id":184321,"n":"Filet mignon de porc L'Atelier Boucherie x2 - 990g","p":13.59,"u":"13,73 €/KG","img":"https://fd9-photos.leclercdrive.fr/image.ashx?id=2932704&use=l&cat=p&typeid=i","cat":284331},{"id":184323,"n":"Sauté de veau*** à mijoter L'Atelier Boucherie - 500g","p":9.99,"u":"19,98 €/KG","img":"https://fd9-photos.leclercdrive.fr/image.ashx?id=2930600&use=l&cat=p&typeid=i","cat":284329},{"id":184326,"n":"Tendresse de cuisse de dinde  à l'ail et persil Aldelis 400g","p":6.03,"u":"15,08 €/KG","img":"https://fd9-photos.leclercdrive.fr/image.ashx?id=2417944&use=l&cat=p&typeid=i","cat":284337},{"id":184351,"n":"Oignons frits Kühne Goût Bacon - 100g","p":1.73,"u":"17,30 €/KG","img":"https://fd9-photos.leclercdrive.fr/image.ashx?id=2868897&use=l&cat=p&typeid=i","cat":298297},{"id":184353,"n":"Soda Coca-Cola Vanille Canette - Pack 6x33CL","p":8.22,"u":"4,15 €/L","img":"https://fd9-photos.leclercdrive.fr/image.ashx?id=2997238&use=l&cat=p&typeid=i","cat":284530},{"id":184354,"n":"Boisson energisante Monster juiced Monarch 50cl","p":1.67,"u":"3,34 €/L","img":"https://fd9-photos.leclercdrive.fr/image.ashx?id=2759041&use=l&cat=p&typeid=i","cat":284533},{"id":184355,"n":"Boisson énergisante Red Bull  Goût Fruit du Dragon, 250ml","p":1.33,"u":"5,32 €/L","img":"https://fd9-photos.leclercdrive.fr/image.ashx?id=3011992&use=l&cat=p&typeid=i","cat":284533},{"id":184393,"n":"Gousses de vanille Vahiné En poudre sucrées - 8g","p":5.17,"u":"646,25 €/KG","img":"https://fd9-photos.leclercdrive.fr/image.ashx?id=2490587&use=l&cat=p&typeid=i","cat":284504},{"id":184396,"n":"Vanille en poudre Vahiné - 5g","p":7.83,"img":"https://fd9-photos.leclercdrive.fr/image.ashx?id=2559856&use=l&cat=p&typeid=i","cat":284504},{"id":184406,"n":"Romarin de Provence Ducros - 18g","p":2.28,"u":"126,67 €/KG","img":"https://fd9-photos.leclercdrive.fr/image.ashx?id=2486614&use=l&cat=p&typeid=i","cat":298297},{"id":184411,"n":"Croquettes chiens Ultima mini stérilisé poulet - 1,35kg","p":5.36,"u":"3,97 €/KG","img":"https://fd9-photos.leclercdrive.fr/image.ashx?id=2902184&use=l&cat=p&typeid=i","cat":294526},{"id":184427,"n":"Thé glacé Oasis Ice Tea Saveur Pêche - 1,5L","p":1.73,"u":"1,15 €/L","img":"https://fd9-photos.leclercdrive.fr/image.ashx?id=2688836&use=l&cat=p&typeid=i","cat":295019},{"id":184490,"n":"Sardine Parmentier  Sauce Arrabiata - 135g","p":1.54,"u":"11,41 €/KG","img":"https://fd9-photos.leclercdrive.fr/image.ashx?id=2961840&use=l&cat=p&typeid=i","cat":305146},{"id":184491,"n":"Sardine Parmentier Sans arêtes au naturel 135g","p":1.92,"u":"14,22 €/KG","img":"https://fd9-photos.leclercdrive.fr/image.ashx?id=2831336&use=l&cat=p&typeid=i","cat":305146},{"id":184506,"n":"AOP Terroir Daronton 75cl","p":7.15,"u":"9,53 €/L","img":"https://fd9-photos.leclercdrive.fr/image.ashx?id=2385485&use=l&cat=p&typeid=i","cat":289556},{"id":184551,"n":"Lessive en poudre Xeor fraîcheur x50 - 2.5kg","p":5.99,"u":"2,40 €/KG","img":"https://fd9-photos.leclercdrive.fr/image.ashx?id=2450101&use=l&cat=p&typeid=i","cat":284642},{"id":184553,"n":"Blocs WC Syphon fraîcheur marine x2 - 110g","p":2.0,"u":"18,18 €/KG","img":"https://fd9-photos.leclercdrive.fr/image.ashx?id=2670359&use=l&cat=p&typeid=i","cat":284662},{"id":184555,"n":"Blocs WC Syphon fraîcheur pin - x2","p":2.09,"u":"1,05 €/P","img":"https://fd9-photos.leclercdrive.fr/image.ashx?id=2670362&use=l&cat=p&typeid=i","cat":284662},{"id":184561,"n":"Glaces Kinder Bueno x4 noisettes chocolat blanc - 248g","p":3.78,"u":"15,24 €/KG","img":"https://fd9-photos.leclercdrive.fr/image.ashx?id=2759071&use=l&cat=p&typeid=i","cat":284264},{"id":184566,"n":"Boisson végétale Bio Village Noisette bio - 1l","p":1.87,"u":"1,87 €/L","img":"https://fd9-photos.leclercdrive.fr/image.ashx?id=2362504&use=l&cat=p&typeid=i","cat":316067},{"id":184568,"n":"Muesli croustillant Bio village Bio Chocolat quinoa - 500g","p":4.2,"u":"8,40 €/KG","img":"https://fd9-photos.leclercdrive.fr/image.ashx?id=2720196&use=l&cat=p&typeid=i","cat":309512},{"id":184569,"n":"Muesli croustillant Bio Village Bio Chocolat - 500g","p":3.72,"u":"7,44 €/KG","img":"https://fd9-photos.leclercdrive.fr/image.ashx?id=2559984&use=l&cat=p&typeid=i","cat":309512},{"id":184571,"n":"Sauce barbecue Amora 285g","p":1.82,"u":"6,39 €/KG","img":"https://fd9-photos.leclercdrive.fr/image.ashx?id=3004447&use=l&cat=p&typeid=i","cat":318431},{"id":184583,"n":"Brumisateur Evian - 150ml","p":2.71,"u":"18,07 €/L","img":"https://fd9-photos.leclercdrive.fr/image.ashx?id=2862500&use=l&cat=p&typeid=i","cat":290295},{"id":184584,"n":"Brumisateur Evian - 400ml","p":3.99,"u":"9,98 €/L","img":"https://fd9-photos.leclercdrive.fr/image.ashx?id=2363431&use=l&cat=p&typeid=i","cat":290295},{"id":184658,"n":"Vin France Chardonnay blanc Le coteau blanc - 75cl","p":4.06,"u":"5,41 €/L","img":"https://fd9-photos.leclercdrive.fr/image.ashx?id=2985405&use=l&cat=p&typeid=i","cat":289557},{"id":184664,"n":"AOP Gigondas rouge Bio Remy Ferbras - 75cl","p":14.68,"u":"19,57 €/L","img":"https://fd9-photos.leclercdrive.fr/image.ashx?id=2375229&use=l&cat=p&typeid=i","cat":289556},{"id":184828,"n":"Persillade Ducros Première saveur 19g","p":3.92,"u":"206,32 €/KG","img":"https://fd9-photos.leclercdrive.fr/image.ashx?id=2559502&use=l&cat=p&typeid=i","cat":298297},{"id":184829,"n":"Fines herbes Ducros Première saveur - 16g","p":3.04,"u":"190,00 €/KG","img":"https://fd9-photos.leclercdrive.fr/image.ashx?id=2486626&use=l&cat=p&typeid=i","cat":298297},{"id":184830,"n":"Persillade provençale Ducros Première saveur 19g","p":3.78,"u":"198,95 €/KG","img":"https://fd9-photos.leclercdrive.fr/image.ashx?id=2486629&use=l&cat=p&typeid=i","cat":298297},{"id":184831,"n":"Ail semoule Ducros 140g","p":2.44,"u":"17,43 €/KG","img":"https://fd9-photos.leclercdrive.fr/image.ashx?id=2559511&use=l&cat=p&typeid=i","cat":298297},{"id":184834,"n":"Macédoine fruits confits Vahiné 150g","p":2.61,"u":"17,40 €/KG","img":"https://fd9-photos.leclercdrive.fr/image.ashx?id=2490569&use=l&cat=p&typeid=i","cat":284504},{"id":184835,"n":"Ecorces oranges confites Vahiné 100g","p":3.14,"u":"31,40 €/KG","img":"https://fd9-photos.leclercdrive.fr/image.ashx?id=2490572&use=l&cat=p&typeid=i","cat":284504},{"id":184837,"n":"Compotes Pom'Potes Gourdes  Pomme Banane - 4x90g","p":2.27,"u":"6,31 €/KG","img":"https://fd9-photos.leclercdrive.fr/image.ashx?id=2978637&use=l&cat=p&typeid=i","cat":284508},{"id":184905,"n":"Soda Coca Cola Zero Canette 33cl","p":0.86,"u":"2,61 €/L","img":"https://fd9-photos.leclercdrive.fr/image.ashx?id=2798265&use=l&cat=p&typeid=i","cat":284530},{"id":184917,"n":"Saucisses cocktail Madrange Classique x30 - 225g","p":2.67,"u":"11,87 €/KG","img":"https://fd9-photos.leclercdrive.fr/image.ashx?id=2941562&use=l&cat=p&typeid=i","cat":316012},{"id":184928,"n":"Sauce Tradizioni d'Italia Arrabbiata - 340g","p":1.86,"u":"5,47 €/KG","img":"https://fd9-photos.leclercdrive.fr/image.ashx?id=2840031&use=l&cat=p&typeid=i","cat":288384},{"id":184959,"n":"Moules du Pacifique ASC Costa 800g","p":8.77,"u":"10,96 €/KG","img":"https://fd9-photos.leclercdrive.fr/image.ashx?id=2741135&use=l&cat=p&typeid=i","cat":319787},{"id":184978,"n":"Pizza La Gourmande de Manosque Royale - 550g","p":6.76,"u":"12,29 €/KG","img":"https://fd9-photos.leclercdrive.fr/image.ashx?id=2370290&use=l&cat=p&typeid=i","cat":284256},{"id":184996,"n":"Infusion verveine Elephant Menthe, bio - x20","p":2.11,"u":"81,15 €/KG","img":"https://fd9-photos.leclercdrive.fr/image.ashx?id=2507578&use=l&cat=p&typeid=i","cat":293234},{"id":184997,"n":"Infusion bio Elephant Detox - x20","p":1.87,"u":"55,00 €/KG","img":"https://fd9-photos.leclercdrive.fr/image.ashx?id=2507566&use=l&cat=p&typeid=i","cat":293234},{"id":184998,"n":"Infusion Bio Elephant Gingembre Citron - 20 Sachets","p":1.87,"u":"55,00 €/KG","img":"https://fd9-photos.leclercdrive.fr/image.ashx?id=2507575&use=l&cat=p&typeid=i","cat":293234},{"id":184999,"n":"Infusion bio Elephant Relax - x20","p":2.3,"u":"88,46 €/KG","img":"https://fd9-photos.leclercdrive.fr/image.ashx?id=2507572&use=l&cat=p&typeid=i","cat":293234},{"id":185000,"n":"Infusion Bio Eléphant Menthe Thym - x20 sachets","p":2.36,"u":"90,77 €/KG","img":"https://fd9-photos.leclercdrive.fr/image.ashx?id=2507563&use=l&cat=p&typeid=i","cat":293234},{"id":185003,"n":"Infusion Eléphant Douce Nuit x20- 32g","p":2.22,"u":"69,38 €/KG","img":"https://fd9-photos.leclercdrive.fr/image.ashx?id=2507569&use=l&cat=p&typeid=i","cat":293234},{"id":185004,"n":"Infusion Bio Elephant Verveine - x20 sachets","p":2.43,"u":"93,46 €/KG","img":"https://fd9-photos.leclercdrive.fr/image.ashx?id=2520755&use=l&cat=p&typeid=i","cat":293234},{"id":185153,"n":"Limonade Ogeu Canette 6x33cl","p":3.25,"u":"1,64 €/L","img":"https://fd9-photos.leclercdrive.fr/image.ashx?id=2965001&use=l&cat=p&typeid=i","cat":284531},{"id":185156,"n":"AOP Côtes de Duras moelleux Secret de Berticot  - 75cl","p":4.67,"u":"6,23 €/L","img":"https://fd9-photos.leclercdrive.fr/image.ashx?id=2370753&use=l&cat=p&typeid=i","cat":289557},{"id":185165,"n":"Skyr Yoplait  Coco 1%Mg - 4x100g","p":2.23,"u":"5,58 €/KG","img":"https://fd9-photos.leclercdrive.fr/image.ashx?id=2884459&use=l&cat=p&typeid=i","cat":315000},{"id":185166,"n":"Skyr Yoplait  Vanille 0%MG - 4x100G","p":2.32,"u":"5,80 €/KG","img":"https://fd9-photos.leclercdrive.fr/image.ashx?id=2884456&use=l&cat=p&typeid=i","cat":315000},{"id":185185,"n":"Barre Chocolat au Lait KitKat Chunky x4 barres - 160g","p":2.17,"u":"13,56 €/KG","img":"https://fd9-photos.leclercdrive.fr/image.ashx?id=2985453&use=l&cat=p&typeid=i","cat":284498},{"id":185274,"n":"Chips Tuiles Pringles Bacon - 175g","p":2.31,"u":"13,20 €/KG","img":"https://fd9-photos.leclercdrive.fr/image.ashx?id=2661754&use=l&cat=p&typeid=i","cat":287899},{"id":185276,"n":"Soufflés Donuts Curly Cacahuètes caramélisées - 160g","p":1.77,"u":"11,06 €/KG","img":"https://fd9-photos.leclercdrive.fr/image.ashx?id=2373125&use=l&cat=p&typeid=i","cat":284449},{"id":185407,"n":"Tartelettes aux fraises Élaboré dans nos ateliers x2","p":3.99,"u":"10,78 €/KG","img":"https://fd9-photos.leclercdrive.fr/image.ashx?id=2373771&use=l&cat=p&typeid=i","cat":284360},{"id":185443,"n":"Thé vert citron Yate x25 - 37,5g","p":0.79,"u":"20,79 €/KG","img":"https://fd9-photos.leclercdrive.fr/image.ashx?id=2646008&use=l&cat=p&typeid=i","cat":293233},{"id":185460,"n":"Crème dessert La Laitière  Frais Fondant vanille - 4x115g","p":2.09,"u":"4,54 €/KG","img":"https://fd9-photos.leclercdrive.fr/image.ashx?id=2674548&use=l&cat=p&typeid=i","cat":285041},{"id":185494,"n":"Herbes de provence Ducros 35g","p":3.14,"u":"89,71 €/KG","img":"https://fd9-photos.leclercdrive.fr/image.ashx?id=2559505&use=l&cat=p&typeid=i","cat":298297},{"id":185508,"n":"Biscuits fourrés BN  Vanille - 285g","p":1.47,"u":"5,16 €/KG","img":"https://fd9-photos.leclercdrive.fr/image.ashx?id=2475005&use=l&cat=p&typeid=i","cat":284488},{"id":185520,"n":"Panini XXL La Boulangère x2 - 260g","p":1.79,"u":"6,88 €/KG","img":"https://fd9-photos.leclercdrive.fr/image.ashx?id=2639011&use=l&cat=p&typeid=i","cat":284985},{"id":185568,"n":"Gel Lavant Biolane Corps et cheveux 750 ml","p":6.01,"u":"8,01 €/L","img":"https://fd9-photos.leclercdrive.fr/image.ashx?id=2586867&use=l&cat=p&typeid=i","cat":284740},{"id":185571,"n":"Eau pure H2O Biolane 750 ml","p":5.88,"u":"7,84 €/L","img":"https://fd9-photos.leclercdrive.fr/image.ashx?id=2733247&use=l&cat=p&typeid=i","cat":284741},{"id":185572,"n":"Confitures Léonce Blanc 70% Figues - 320g","p":2.96,"u":"9,25 €/KG","img":"https://fd9-photos.leclercdrive.fr/image.ashx?id=2504188&use=l&cat=p&typeid=i","cat":284480},{"id":185649,"n":"AOP Coteaux Varois Rosé Révélation Bio - 75cl","p":7.19,"u":"9,59 €/L","img":"https://fd9-photos.leclercdrive.fr/image.ashx?id=2871874&use=l&cat=p&typeid=i","cat":289558},{"id":185768,"n":"Riz forestière individuel William Saurin - 300g","p":2.67,"u":"8,90 €/KG","img":"https://fd9-photos.leclercdrive.fr/image.ashx?id=2528726&use=l&cat=p&typeid=i","cat":284953},{"id":185789,"n":"Myrtilles Panier du Primeur 125g","p":1.99,"u":"15,92 €/KG","img":"https://fd9-photos.leclercdrive.fr/image.ashx?id=2375773&use=l&cat=p&typeid=i","cat":284356},{"id":185791,"n":"Groseilles Panier du Primeur 125g","p":2.49,"u":"19,92 €/KG","img":"https://fd9-photos.leclercdrive.fr/image.ashx?id=2928297&use=l&cat=p&typeid=i","cat":284356},{"id":185831,"n":"Préparation Gâteau alsa Moelleux Marbré - 435g","p":2.19,"u":"5,03 €/KG","img":"https://fd9-photos.leclercdrive.fr/image.ashx?id=2996428&use=l&cat=p&typeid=i","cat":284505},{"id":185840,"n":"RECH SPRAY AUTO BIEN AIR AGRUMES 250ML","p":2.39,"u":"9,56 €/L","img":"https://fd9-photos.leclercdrive.fr/image.ashx?id=2531104&use=l&cat=p&typeid=i","cat":311629},{"id":185842,"n":"Soufflés Snack's Tokapi  Cacahuète - 160g","p":0.72,"u":"4,50 €/KG","img":"https://fd9-photos.leclercdrive.fr/image.ashx?id=2864942&use=l&cat=p&typeid=i","cat":284449},{"id":185950,"n":"Cristaline fontaine 8L","p":2.37,"u":"0,30 €/L","img":"https://fd9-photos.leclercdrive.fr/image.ashx?id=2418891&use=l&cat=p&typeid=i","cat":284535},{"id":185999,"n":"Boisson végétale Bio Village Riz nature bio - 1l","p":1.65,"u":"1,65 €/L","img":"https://fd9-photos.leclercdrive.fr/image.ashx?id=2381581&use=l&cat=p&typeid=i","cat":316067},{"id":186043,"n":"Lardons Nature Herta  Sans nitrite - 2x75g","p":2.06,"u":"13,73 €/KG","img":"https://fd9-photos.leclercdrive.fr/image.ashx?id=2785802&use=l&cat=p&typeid=i","cat":316011},{"id":186055,"n":"Boisson énergisante Red Bull Goût Pastèque, 250ml","p":1.33,"u":"5,32 €/L","img":"https://fd9-photos.leclercdrive.fr/image.ashx?id=2471655&use=l&cat=p&typeid=i","cat":284533},{"id":186056,"n":"Boisson énergisante Red Bull Goût Coco-Acaï, 250ml","p":1.33,"u":"5,32 €/L","img":"https://fd9-photos.leclercdrive.fr/image.ashx?id=2471658&use=l&cat=p&typeid=i","cat":284533},{"id":186057,"n":"Détachant poudre Vanish  Stop Odeurs - 750g","p":7.41,"u":"9,88 €/KG","img":"https://fd9-photos.leclercdrive.fr/image.ashx?id=2679939&use=l&cat=p&typeid=i","cat":284651},{"id":186078,"n":"Tartinade de thon Petit Navire Tomates séchées et Thym 2x125g","p":3.5,"u":"14,00 €/KG","img":"https://fd9-photos.leclercdrive.fr/image.ashx?id=2835845&use=l&cat=p&typeid=i","cat":303867},{"id":186099,"n":"Sandwich Stellato Tramezziono Poulet rôti Bacon Tomate - 170g","p":3.55,"u":"20,88 €/KG","img":"https://fd9-photos.leclercdrive.fr/image.ashx?id=2799665&use=l&cat=p&typeid=i","cat":333658},{"id":186187,"n":"Bonbons Krema Tropical Party - 580g","p":3.68,"u":"6,34 €/KG","img":"https://fd9-photos.leclercdrive.fr/image.ashx?id=2383139&use=l&cat=p&typeid=i","cat":304250},{"id":186188,"n":"Bonbons Krema Soda Mania - 580g","p":3.49,"u":"6,02 €/KG","img":"https://fd9-photos.leclercdrive.fr/image.ashx?id=2484969&use=l&cat=p&typeid=i","cat":304250},{"id":186202,"n":"Mozzarella Les Croisés Tranchettes - 200g","p":1.99,"u":"9,95 €/KG","img":"https://fd9-photos.leclercdrive.fr/image.ashx?id=2383094&use=l&cat=p&typeid=i","cat":314026},{"id":186227,"n":"Vinaigre de cidre Bio Ponti 500ml","p":2.42,"u":"4,84 €/L","img":"https://fd9-photos.leclercdrive.fr/image.ashx?id=2384496&use=l&cat=p&typeid=i","cat":298543},{"id":186258,"n":"Lessive Capsules Tout-en-1 Skip Fraîcheur Intense x26 Capsules","p":10.69,"u":"19,40 €/KG","img":"https://fd9-photos.leclercdrive.fr/image.ashx?id=2978934&use=l&cat=p&typeid=i","cat":284641},{"id":186263,"n":"Lessive Capsules Tout-en-1 Skip Fraîcheur Intense 38 Lavages","p":14.68,"u":"18,21 €/KG","img":"https://fd9-photos.leclercdrive.fr/image.ashx?id=2929236&use=l&cat=p&typeid=i","cat":284641},{"id":186265,"n":"Lingettes bébé Harmonie Aqua Pampers - 48 lingettes","p":3.19,"u":"0,07 €/P","img":"https://fd9-photos.leclercdrive.fr/image.ashx?id=2805903&use=l&cat=p&typeid=i","cat":284738},{"id":186267,"n":"Lingettes bébé visage et mains Biolane - 64 lingettes","p":2.51,"u":"0,04 €/P","img":"https://fd9-photos.leclercdrive.fr/image.ashx?id=2876539&use=l&cat=p&typeid=i","cat":284738},{"id":186296,"n":"Lessive Capsules Skip Tout-en-1 Active Clean x38","p":14.68,"u":"18,21 €/KG","img":"https://fd9-photos.leclercdrive.fr/image.ashx?id=2757114&use=l&cat=p&typeid=i","cat":284641},{"id":186306,"n":"Liniment oléo-calcaire Biolane 300ml","p":4.16,"u":"13,87 €/L","img":"https://fd9-photos.leclercdrive.fr/image.ashx?id=2586861&use=l&cat=p&typeid=i","cat":284741},{"id":186322,"n":"Lingettes pour bébé Pampers Harmonie Aqua - 3x48","p":6.45,"u":"0,04 €/P","img":"https://fd9-photos.leclercdrive.fr/image.ashx?id=2903809&use=l&cat=p&typeid=i","cat":284738},{"id":186459,"n":"Pâtes Tortiglioni Panzani 500g","p":1.37,"u":"2,74 €/KG","img":"https://fd9-photos.leclercdrive.fr/image.ashx?id=2902951&use=l&cat=p&typeid=i","cat":284427},{"id":186460,"n":"Pâtes Pipe Rigate Panzani 500g","p":1.15,"u":"2,30 €/KG","img":"https://fd9-photos.leclercdrive.fr/image.ashx?id=2902954&use=l&cat=p&typeid=i","cat":284427},{"id":186461,"n":"Ail lyophilisé Ducros 19g","p":3.69,"u":"194,21 €/KG","img":"https://fd9-photos.leclercdrive.fr/image.ashx?id=2486617&use=l&cat=p&typeid=i","cat":298297},{"id":186462,"n":"Ciboulette lyophilisée Ducros 3g","p":2.76,"u":"920,00 €/KG","img":"https://fd9-photos.leclercdrive.fr/image.ashx?id=2486620&use=l&cat=p&typeid=i","cat":298297},{"id":186481,"n":"Sachet repas chat stérilisé  Poulet/Boeuf/Thon/Poiss - 4x85g","p":2.64,"u":"31,06 €/KG","img":"https://fd9-photos.leclercdrive.fr/image.ashx?id=2985636&use=l&cat=p&typeid=i","cat":285286},{"id":186497,"n":"Capsules café L'Or Espresso Saveur Caramel x10","p":3.42,"u":"65,77 €/KG","img":"https://fd9-photos.leclercdrive.fr/image.ashx?id=2387049&use=l&cat=p&typeid=i","cat":293241},{"id":186502,"n":"Sachet Chat Stérilisé Ultima Poulet, Dinde, Saumon - 4x85g","p":2.63,"u":"30,94 €/KG","img":"https://fd9-photos.leclercdrive.fr/image.ashx?id=2985633&use=l&cat=p&typeid=i","cat":285286},{"id":186531,"n":"Lot de 3 culottes menstruelles  Feel Natural - x1","p":13.71,"img":"https://fd9-photos.leclercdrive.fr/image.ashx?id=2608250&use=l&cat=p&typeid=i","cat":284624},{"id":186536,"n":"Gel douche Ushuaïa Bio Vanille - 2x250ml","p":6.16,"u":"12,32 €/L","img":"https://fd9-photos.leclercdrive.fr/image.ashx?id=2387188&use=l&cat=p&typeid=i","cat":284594},{"id":186548,"n":"Bougie Floral 30h Bien Air","p":2.34,"img":"https://fd9-photos.leclercdrive.fr/image.ashx?id=2939091&use=l&cat=p&typeid=i","cat":284666},{"id":186569,"n":"Calamars Romana MSC Escal - 700g","p":9.88,"u":"14,11 €/KG","img":"https://fd9-photos.leclercdrive.fr/image.ashx?id=2833447&use=l&cat=p&typeid=i","cat":319788},{"id":186657,"n":"Crème dessert Delisse Chocolat - 6x125g","p":1.42,"u":"1,89 €/KG","img":"https://fd9-photos.leclercdrive.fr/image.ashx?id=2441492&use=l&cat=p&typeid=i","cat":285041},{"id":186660,"n":"Dessert végétal soja Alpro  Citron et Citron Vert - 500g","p":2.07,"u":"4,14 €/KG","img":"https://fd9-photos.leclercdrive.fr/image.ashx?id=2977678&use=l&cat=p&typeid=i","cat":316071},{"id":186661,"n":"Crème dessert Delisse Caramel - 6x125g","p":1.39,"u":"1,85 €/KG","img":"https://fd9-photos.leclercdrive.fr/image.ashx?id=2441504&use=l&cat=p&typeid=i","cat":285041},{"id":186664,"n":"Coloration permanente Olia  1.0 Noir Absolu - Lot de 2","p":16.86,"u":"8,43 €/P","img":"https://fd9-photos.leclercdrive.fr/image.ashx?id=2422899&use=l&cat=p&typeid=i","cat":288899},{"id":186665,"n":"Coloration permanente Olia 6.0 Châtain très clair - x2","p":16.86,"u":"8,43 €/P","img":"https://fd9-photos.leclercdrive.fr/image.ashx?id=2422902&use=l&cat=p&typeid=i","cat":288899},{"id":186693,"n":"Vin de France rouge Nous Cinq - 75cl","p":5.99,"u":"7,99 €/L","img":"https://fd9-photos.leclercdrive.fr/image.ashx?id=2686063&use=l&cat=p&typeid=i","cat":289556},{"id":186758,"n":"Tablette Chocolat Noir Lindt Noisettes Caramel Lot 2x100g","p":4.15,"u":"20,75 €/KG","img":"https://fd9-photos.leclercdrive.fr/image.ashx?id=2388487&use=l&cat=p&typeid=i","cat":284956},{"id":186840,"n":"AOP Cahors La Part des Biches Vin rouge - 75cl","p":6.2,"u":"8,27 €/L","img":"https://fd9-photos.leclercdrive.fr/image.ashx?id=2390338&use=l&cat=p&typeid=i","cat":289556},{"id":186857,"n":"Lessive Capsules Skip Tout-en-1 Cajoline 36 Lavages","p":13.07,"u":"17,13 €/KG","img":"https://fd9-photos.leclercdrive.fr/image.ashx?id=2929239&use=l&cat=p&typeid=i","cat":284641},{"id":186920,"n":"Tuiles Monster Munch Crazy Original - 150g","p":1.9,"u":"12,67 €/KG","img":"https://fd9-photos.leclercdrive.fr/image.ashx?id=2921735&use=l&cat=p&typeid=i","cat":287899},{"id":186923,"n":"Tuiles Monster Munch  Crazy crème oignon - 150g","p":1.9,"u":"12,67 €/KG","img":"https://fd9-photos.leclercdrive.fr/image.ashx?id=2916881&use=l&cat=p&typeid=i","cat":287899},{"id":186926,"n":"Tuiles Monster Munch Crazy paprika - 150g","p":1.9,"u":"12,67 €/KG","img":"https://fd9-photos.leclercdrive.fr/image.ashx?id=2955339&use=l&cat=p&typeid=i","cat":287899},{"id":186946,"n":"Mouliné Bio Village Bio - légumes variés  - 2x30cl","p":1.69,"u":"5,63 €/L","img":"https://fd9-photos.leclercdrive.fr/image.ashx?id=2404157&use=l&cat=p&typeid=i","cat":284462},{"id":187025,"n":"Lessive Feuilles Magiques Dr Beckmann l'Eclatante x25","p":4.56,"u":"0,18 €/P","img":"https://fd9-photos.leclercdrive.fr/image.ashx?id=3011800&use=l&cat=p&typeid=i","cat":284644},{"id":187029,"n":"Coton-tiges ouatés Inell Boîte - x300 bâtonnets","p":0.73,"img":"https://fd9-photos.leclercdrive.fr/image.ashx?id=2824301&use=l&cat=p&typeid=i","cat":284636},{"id":187058,"n":"Mayonnaise classique Lesieur 235g","p":1.49,"u":"6,34 €/KG","img":"https://fd9-photos.leclercdrive.fr/image.ashx?id=2917699&use=l&cat=p&typeid=i","cat":298295},{"id":187059,"n":"Champignon Émincé Bonduelle Sans Sulfite, Sans Additif 230g","p":1.39,"u":"6,04 €/KG","img":"https://fd9-photos.leclercdrive.fr/image.ashx?id=2913118&use=l&cat=p&typeid=i","cat":312610},{"id":187061,"n":"Chips Bret's Pesto Mozzarella 125g","p":1.68,"u":"13,44 €/KG","img":"https://fd9-photos.leclercdrive.fr/image.ashx?id=2629115&use=l&cat=p&typeid=i","cat":284447},{"id":187062,"n":"Chips Bret's Moutarde Miel 125g","p":1.79,"u":"14,32 €/KG","img":"https://fd9-photos.leclercdrive.fr/image.ashx?id=2393257&use=l&cat=p&typeid=i","cat":284447},{"id":187065,"n":"Mayonnaise Classique Lesieur Bio - tube 175g","p":2.06,"u":"11,77 €/KG","img":"https://fd9-photos.leclercdrive.fr/image.ashx?id=2917768&use=l&cat=p&typeid=i","cat":298295},{"id":187101,"n":"Papier cadeau DragonBall 2x0,7m","p":1.25,"img":"https://fd9-photos.leclercdrive.fr/image.ashx?id=2669319&use=l&cat=p&typeid=i","cat":335914},{"id":187119,"n":"Mini sac à dos  Bleu turquoise - Coll. L.O.L","p":6.34,"img":"https://fd9-photos.leclercdrive.fr/image.ashx?id=2406672&use=l&cat=p&typeid=i","cat":334133},{"id":187154,"n":"Tasse Frozen Anna et Elsa Chocolat au lait - 34g","p":6.09,"u":"179,12 €/KG","img":"https://fd9-photos.leclercdrive.fr/image.ashx?id=2394282&use=l&cat=p&typeid=i","cat":327789},{"id":187168,"n":"Assortiment Cuadro Novi 250g","p":8.49,"pp":5.6,"u":"22,40 €/KG","img":"https://fd9-photos.leclercdrive.fr/image.ashx?id=2615173&use=l&cat=p&typeid=i","cat":327595},{"id":187180,"n":"AOC Vin d'Alsace Gewurztraminer Cave du Roi d'Agobert - 75 cl","p":8.75,"pp":6.12,"u":"8,16 €/L","img":"https://fd9-photos.leclercdrive.fr/image.ashx?id=2835995&use=l&cat=p&typeid=i","cat":289557},{"id":187198,"n":"Pain de mie 100% Mie Harrys Tranches épaisses Nature - 500g","p":2.02,"u":"4,04 €/KG","img":"https://fd9-photos.leclercdrive.fr/image.ashx?id=2686783&use=l&cat=p&typeid=i","cat":284477},{"id":187210,"n":"Porto Rose Dorrao 18%vol - 75cl","p":7.05,"u":"9,40 €/L","img":"https://fd9-photos.leclercdrive.fr/image.ashx?id=2869865&use=l&cat=p&typeid=i","cat":284913},{"id":187241,"n":"Savon Le Petit Marseillais  Solide amande douce - 2x100g","p":1.97,"u":"9,85 €/KG","img":"https://fd9-photos.leclercdrive.fr/image.ashx?id=2684203&use=l&cat=p&typeid=i","cat":284597},{"id":187277,"n":"Biscuits familial Oreo x2 - 440g","p":5.73,"u":"6,51 €/KG","img":"https://fd9-photos.leclercdrive.fr/image.ashx?id=2601214&use=l&cat=p&typeid=i","cat":284488},{"id":187280,"n":"Biscuits Oréo pocket 3x246g","p":5.82,"u":"7,89 €/KG","img":"https://fd9-photos.leclercdrive.fr/image.ashx?id=2601217&use=l&cat=p&typeid=i","cat":284488},{"id":187282,"n":"Biscuits Oreo  3x246g","p":5.82,"u":"7,89 €/KG","img":"https://fd9-photos.leclercdrive.fr/image.ashx?id=2525735&use=l&cat=p&typeid=i","cat":284488},{"id":187287,"n":"Desserts Lactés P'TIT BRASSE Banane pêche 6M+ - 4x90g","p":1.95,"u":"5,42 €/KG","img":"https://fd9-photos.leclercdrive.fr/image.ashx?id=2616252&use=l&cat=p&typeid=i","cat":312392},{"id":187288,"n":"Desserts Lactés P'TIT BRASSE Poire SSA 6M+ - 4x90g","p":2.0,"u":"5,56 €/KG","img":"https://fd9-photos.leclercdrive.fr/image.ashx?id=2593050&use=l&cat=p&typeid=i","cat":312392},{"id":187293,"n":"Rasoirs jetables Gillette Blue Olympic - Lot 5x4","p":20.79,"u":"1,04 €/P","img":"https://fd9-photos.leclercdrive.fr/image.ashx?id=2497785&use=l&cat=p&typeid=i","cat":284616},{"id":187343,"n":"Bûche Pilpa Exquise 3 Chocolats - 535g","p":5.27,"u":"9,85 €/KG","img":"https://fd9-photos.leclercdrive.fr/image.ashx?id=2751027&use=l&cat=p&typeid=i","cat":284266},{"id":187344,"n":"Bûche Pilpa Caramel beurre salé - 535g","p":5.27,"u":"9,85 €/KG","img":"https://fd9-photos.leclercdrive.fr/image.ashx?id=2751036&use=l&cat=p&typeid=i","cat":284266},{"id":187345,"n":"Bûche Nestlé Délice à l'Ancienne - 540g","p":5.99,"u":"11,09 €/KG","img":"https://fd9-photos.leclercdrive.fr/image.ashx?id=2749982&use=l&cat=p&typeid=i","cat":284266},{"id":187347,"n":"Bûchettes Pilpa Les délices Pistache Chocolat Café x6 348g","p":3.24,"u":"9,31 €/KG","img":"https://fd9-photos.leclercdrive.fr/image.ashx?id=2395921&use=l&cat=p&typeid=i","cat":284266},{"id":187352,"n":"Bûche Pilpa Caprices des Îles - 564g","p":5.27,"u":"9,34 €/KG","img":"https://fd9-photos.leclercdrive.fr/image.ashx?id=2749961&use=l&cat=p&typeid=i","cat":284266},{"id":187355,"n":"Bûche Signature Eskiss Nougat - 487g","p":5.59,"u":"11,48 €/KG","img":"https://fd9-photos.leclercdrive.fr/image.ashx?id=2791365&use=l&cat=p&typeid=i","cat":284266},{"id":187357,"n":"Bûche Signature Eskiss Vanille Caramel - 490g","p":5.59,"u":"11,41 €/KG","img":"https://fd9-photos.leclercdrive.fr/image.ashx?id=2974828&use=l&cat=p&typeid=i","cat":284266},{"id":187369,"n":"Escargots de Bourgogne Escal x60 - 336g","p":17.75,"u":"52,83 €/KG","img":"https://fd9-photos.leclercdrive.fr/image.ashx?id=2913241&use=l&cat=p&typeid=i","cat":319775},{"id":187373,"n":"Soda Fanta exotique 1.25L","p":1.86,"u":"1,49 €/L","img":"https://fd9-photos.leclercdrive.fr/image.ashx?id=2678170&use=l&cat=p&typeid=i","cat":284532},{"id":187374,"n":"Porto Rozès Reserve Ruby 75cl","p":11.69,"u":"15,59 €/L","img":"https://fd9-photos.leclercdrive.fr/image.ashx?id=2398070&use=l&cat=p&typeid=i","cat":284913},{"id":187375,"n":"Porto Rozès Reserve White 75cl","p":11.69,"u":"15,59 €/L","img":"https://fd9-photos.leclercdrive.fr/image.ashx?id=2398067&use=l&cat=p&typeid=i","cat":284913},{"id":187381,"n":"Biscuit P'tit fondant Bio Bjorg Coeur chocolat - 180g","p":3.36,"u":"18,67 €/KG","img":"https://fd9-photos.leclercdrive.fr/image.ashx?id=2395870&use=l&cat=p&typeid=i","cat":284488},{"id":187387,"n":"Truite fumée de France Labeyrie 4 tranches - 120g","p":5.38,"u":"44,83 €/KG","img":"https://fd9-photos.leclercdrive.fr/image.ashx?id=2803535&use=l&cat=p&typeid=i","cat":285188},{"id":187389,"n":"Saumon fumé du Pacifique  Labeyrie - 4 tranches - 110g","p":8.03,"u":"73,00 €/KG","img":"https://fd9-photos.leclercdrive.fr/image.ashx?id=2877694&use=l&cat=p&typeid=i","cat":285188},{"id":187395,"n":"Tortellini Lustucru Selection  Poulet Crème 300g","p":2.25,"u":"7,50 €/KG","img":"https://fd9-photos.leclercdrive.fr/image.ashx?id=2975212&use=l&cat=p&typeid=i","cat":333682},{"id":187403,"n":"Feuilletés Jambon Fromage Eco+ x10 - 650g","p":2.63,"u":"4,05 €/KG","img":"https://fd9-photos.leclercdrive.fr/image.ashx?id=2814851&use=l&cat=p&typeid=i","cat":319776},{"id":187411,"n":"Sélection de gambas sauvages Pescanova - 800g","p":24.87,"pp":16.41,"u":"20,51 €/KG","img":"https://fd9-photos.leclercdrive.fr/image.ashx?id=2395948&use=l&cat=p&typeid=i","cat":319787},{"id":187448,"n":"Frites ondulées McCain Côté Burger - 650g","p":2.62,"u":"4,03 €/KG","img":"https://fd9-photos.leclercdrive.fr/image.ashx?id=2920027&use=l&cat=p&typeid=i","cat":319791},{"id":187453,"n":"Thé noir Lipton Yellow x100 sachets - 200g","p":3.9,"u":"19,50 €/KG","img":"https://fd9-photos.leclercdrive.fr/image.ashx?id=2517655&use=l&cat=p&typeid=i","cat":293233},{"id":187461,"n":"Préparation Tablier Blanc Fondant au chocolat - 320g","p":2.19,"u":"6,84 €/KG","img":"https://fd9-photos.leclercdrive.fr/image.ashx?id=2982694&use=l&cat=p&typeid=i","cat":284505},{"id":187462,"n":"Préparation Tablier Blanc Moelleux au chocolat - 435g","p":1.97,"u":"4,53 €/KG","img":"https://fd9-photos.leclercdrive.fr/image.ashx?id=2982697&use=l&cat=p&typeid=i","cat":284505},{"id":187471,"n":"Bûche glacée L'Angélys Chocolat Mandarine - 330g","p":8.39,"u":"25,42 €/KG","img":"https://fd9-photos.leclercdrive.fr/image.ashx?id=2902208&use=l&cat=p&typeid=i","cat":284266},{"id":187475,"n":"Dés de Chorizo Fleury Michon 120g","p":2.67,"u":"22,25 €/KG","img":"https://fd9-photos.leclercdrive.fr/image.ashx?id=2661196&use=l&cat=p&typeid=i","cat":316011},{"id":187499,"n":"Yaourt fruits bifidus Activia  Pruneau - 6x125g","p":2.6,"u":"3,47 €/KG","img":"https://fd9-photos.leclercdrive.fr/image.ashx?id=2741817&use=l&cat=p&typeid=i","cat":315000},{"id":187547,"n":"Moutarde Fine & Forte AMORA Flacon Souple - 460g","p":2.3,"u":"5,00 €/KG","img":"https://fd9-photos.leclercdrive.fr/image.ashx?id=2877271&use=l&cat=p&typeid=i","cat":288850},{"id":187576,"n":"Pâtes Coquillette Panzani Complètement Bon - 500G","p":1.51,"u":"3,02 €/KG","img":"https://fd9-photos.leclercdrive.fr/image.ashx?id=2902960&use=l&cat=p&typeid=i","cat":284427},{"id":187578,"n":"Pâtes Torti Panzani Complètement Bon - 500G","p":1.51,"u":"3,02 €/KG","img":"https://fd9-photos.leclercdrive.fr/image.ashx?id=2902963&use=l&cat=p&typeid=i","cat":284427},{"id":187602,"n":"Gousses de vanille Vahiné x4 -","p":9.97,"u":"2,49 €/P","img":"https://fd9-photos.leclercdrive.fr/image.ashx?id=2569428&use=l&cat=p&typeid=i","cat":284504},{"id":187603,"n":"Pepites de chocolats Vahiné  3 chocolats - 180g","p":4.49,"u":"24,94 €/KG","img":"https://fd9-photos.leclercdrive.fr/image.ashx?id=2397863&use=l&cat=p&typeid=i","cat":284504},{"id":187613,"n":"Petits pots bébé P'TITE RECETTE Poisson provençal 12M+ - 2x200g","p":2.17,"u":"5,43 €/KG","img":"https://fd9-photos.leclercdrive.fr/image.ashx?id=2737150&use=l&cat=p&typeid=i","cat":312237},{"id":187690,"n":"Fond de teint L'Oréal Paris Infaillible 140 haute couvrance","p":17.26,"img":"https://fd9-photos.leclercdrive.fr/image.ashx?id=2735365&use=l&cat=p&typeid=i","cat":287029},{"id":187702,"n":"Biscuit petit beurre St Michel 180g","p":1.42,"u":"7,89 €/KG","img":"https://fd9-photos.leclercdrive.fr/image.ashx?id=3002051&use=l&cat=p&typeid=i","cat":284487},{"id":187703,"n":"Galettes Spéculoos St Michel 130g","p":0.92,"u":"7,08 €/KG","img":"https://fd9-photos.leclercdrive.fr/image.ashx?id=2915922&use=l&cat=p&typeid=i","cat":284487},{"id":187929,"n":"Nouilles Sautées Yakisoba Classique - 93g","p":1.71,"u":"18,39 €/KG","img":"https://fd9-photos.leclercdrive.fr/image.ashx?id=2536140&use=l&cat=p&typeid=i","cat":288992},{"id":187931,"n":"Nouilles Sautées Yakisoba Curry - 93g","p":1.71,"u":"18,39 €/KG","img":"https://fd9-photos.leclercdrive.fr/image.ashx?id=2536146&use=l&cat=p&typeid=i","cat":288992},{"id":187934,"n":"Nouilles sautées Yakisoba Pad Thai - 93g","p":1.72,"u":"18,49 €/KG","img":"https://fd9-photos.leclercdrive.fr/image.ashx?id=2536155&use=l&cat=p&typeid=i","cat":288992},{"id":187986,"n":"Déodorant stick Mennen  Homme intraçable 72h - 60ml","p":4.01,"u":"66,83 €/L","img":"https://fd9-photos.leclercdrive.fr/image.ashx?id=2402346&use=l&cat=p&typeid=i","cat":284618},{"id":187999,"n":"Lait Corps réparateur Mixa Peaux desséchées - 300ml","p":3.81,"u":"12,70 €/L","img":"https://fd9-photos.leclercdrive.fr/image.ashx?id=2402394&use=l&cat=p&typeid=i","cat":325349},{"id":188003,"n":"Gel Coiffant Béton Dop Vivelle Fixation 24h - 190ml","p":3.73,"u":"19,63 €/L","img":"https://fd9-photos.leclercdrive.fr/image.ashx?id=2402406&use=l&cat=p&typeid=i","cat":284609},{"id":188011,"n":"Tablette de chocolat Lindt Lait noisettes - 2x100g","p":4.64,"u":"23,20 €/KG","img":"https://fd9-photos.leclercdrive.fr/image.ashx?id=2654614&use=l&cat=p&typeid=i","cat":284497},{"id":188013,"n":"Tablette de chocolat Lindt Lait extra fin - 3x100g","p":5.88,"u":"19,60 €/KG","img":"https://fd9-photos.leclercdrive.fr/image.ashx?id=2655853&use=l&cat=p&typeid=i","cat":284497},{"id":188040,"n":"Moutarde Maille L'Originale - 245g","p":2.65,"u":"10,82 €/KG","img":"https://fd9-photos.leclercdrive.fr/image.ashx?id=2402535&use=l&cat=p&typeid=i","cat":288850},{"id":188067,"n":"Gressins au sésame Florelli - 250g","p":2.26,"u":"9,04 €/KG","img":"https://fd9-photos.leclercdrive.fr/image.ashx?id=2544449&use=l&cat=p&typeid=i","cat":289010},{"id":188168,"n":"Féta AOP Salakis Fromage brebis et chèvre - 150g","p":2.47,"u":"16,47 €/KG","img":"https://fd9-photos.leclercdrive.fr/image.ashx?id=2879128&use=l&cat=p&typeid=i","cat":314026},{"id":188199,"n":"Confit de figues La conquête des saveurs 120g","p":2.26,"u":"18,83 €/KG","img":"https://fd9-photos.leclercdrive.fr/image.ashx?id=2415311&use=l&cat=p&typeid=i","cat":284458},{"id":188200,"n":"Confit d'oignons pour foie gras La conquête des saveurs - 120g","p":2.05,"u":"17,08 €/KG","img":"https://fd9-photos.leclercdrive.fr/image.ashx?id=2973787&use=l&cat=p&typeid=i","cat":284458},{"id":188201,"n":"Confit d'oignons Tradition La conquête des Saveurs - 120g","p":2.05,"u":"17,08 €/KG","img":"https://fd9-photos.leclercdrive.fr/image.ashx?id=2415308&use=l&cat=p&typeid=i","cat":284458},{"id":188202,"n":"Confit d'oignons framboisé  La conquête des saveurs - 120g","p":2.05,"u":"17,08 €/KG","img":"https://fd9-photos.leclercdrive.fr/image.ashx?id=2415305&use=l&cat=p&typeid=i","cat":284458},{"id":188203,"n":"Confit d'oignons fruits rouges  La conquête des saveurs - 120g","p":2.05,"u":"17,08 €/KG","img":"https://fd9-photos.leclercdrive.fr/image.ashx?id=2887845&use=l&cat=p&typeid=i","cat":284458},{"id":188204,"n":"Confit aux fruits secs La conquête des saveurs - 120g","p":1.66,"u":"13,83 €/KG","img":"https://fd9-photos.leclercdrive.fr/image.ashx?id=2890956&use=l&cat=p&typeid=i","cat":284458},{"id":188205,"n":"Lait bébé Candia Baby croissance 3ème âge - 1L","p":1.64,"u":"1,64 €/L","img":"https://fd9-photos.leclercdrive.fr/image.ashx?id=2963337&use=l&cat=p&typeid=i","cat":284728},{"id":188206,"n":"Airelles cuisinées La conquête des saveurs - 120g","p":2.05,"u":"17,08 €/KG","img":"https://fd9-photos.leclercdrive.fr/image.ashx?id=2890959&use=l&cat=p&typeid=i","cat":284458},{"id":188209,"n":"Confit d'oignons Caramel Sel Guérande 120g","p":1.68,"u":"14,00 €/KG","img":"https://fd9-photos.leclercdrive.fr/image.ashx?id=2404812&use=l&cat=p&typeid=i","cat":284458},{"id":188295,"n":"Jambon Le Bon Paris Herta À l'étouffée x4 - 170g","p":2.09,"u":"12,29 €/KG","img":"https://fd9-photos.leclercdrive.fr/image.ashx?id=2731390&use=l&cat=p&typeid=i","cat":316009},{"id":188296,"n":"Jambon Le Bon Paris Herta À l'étouffée x6 - 255g","p":2.99,"u":"11,73 €/KG","img":"https://fd9-photos.leclercdrive.fr/image.ashx?id=2418720&use=l&cat=p&typeid=i","cat":316009},{"id":188297,"n":"Jambon Le Bon Paris Herta À l'étouffée x8 - 340g","p":4.01,"u":"11,79 €/KG","img":"https://fd9-photos.leclercdrive.fr/image.ashx?id=2921519&use=l&cat=p&typeid=i","cat":316009},{"id":188299,"n":"Jambon Le Bon Paris Herta À l'étouffée x10 - 425g","p":4.88,"u":"11,48 €/KG","img":"https://fd9-photos.leclercdrive.fr/image.ashx?id=2757599&use=l&cat=p&typeid=i","cat":316009},{"id":188418,"n":"Ail Eco+ Filet 250g","p":1.99,"u":"7,96 €/KG","img":"https://fd9-photos.leclercdrive.fr/image.ashx?id=2919586&use=l&cat=p&typeid=i","cat":284352},{"id":188703,"n":"Aubergine Eco+ 500g","p":0.99,"u":"1,98 €/KG","img":"https://fd9-photos.leclercdrive.fr/image.ashx?id=2907153&use=l&cat=p&typeid=i","cat":284352},{"id":188706,"n":"Aubergine Bio Bio Village x2","p":2.99,"u":"1,50 €/P","img":"https://fd9-photos.leclercdrive.fr/image.ashx?id=2928333&use=l&cat=p&typeid=i","cat":284352},{"id":188714,"n":"Avocat 3p","p":2.99,"u":"1,00 €/P","img":"https://fd9-photos.leclercdrive.fr/image.ashx?id=1635895&use=l&cat=p&typeid=i","cat":284352},{"id":188719,"n":"Avocat Bio Bio Village En barquette x2","p":3.59,"u":"1,80 €/P","img":"https://fd9-photos.leclercdrive.fr/image.ashx?id=2551984&use=l&cat=p&typeid=i","cat":284352},{"id":188721,"n":"Avocats mûrs à point  Panier du Primeur x2","p":3.39,"u":"1,70 €/P","img":"https://fd9-photos.leclercdrive.fr/image.ashx?id=2373012&use=l&cat=p&typeid=i","cat":284352},{"id":188739,"n":"Avocats Eco+ Filet x3","p":1.99,"u":"0,66 €/P","img":"https://fd9-photos.leclercdrive.fr/image.ashx?id=2373009&use=l&cat=p&typeid=i","cat":284352},{"id":188808,"n":"Banane Bio Max Havelaar  Bio Village x5","p":1.99,"u":"0,40 €/P","img":"https://fd9-photos.leclercdrive.fr/image.ashx?id=2323988&use=l&cat=p&typeid=i","cat":284356},{"id":189069,"n":"Carottes Eco+ Sachet de 2kg","p":1.89,"u":"0,95 €/KG","img":"https://fd9-photos.leclercdrive.fr/image.ashx?id=2922376&use=l&cat=p&typeid=i","cat":284352},{"id":189333,"n":"Champignons de Paris blancs Bio Bio Village - 200g","p":2.39,"u":"11,95 €/KG","img":"https://fd9-photos.leclercdrive.fr/image.ashx?id=2960550&use=l&cat=p&typeid=i","cat":284352},{"id":189436,"n":"Chou blanc 1p","p":2.19,"img":"https://fd9-photos.leclercdrive.fr/image.ashx?id=560849&use=l&cat=p&typeid=i","cat":284352},{"id":189510,"n":"Chou rouge 1p","p":3.0,"img":"https://fd9-photos.leclercdrive.fr/image.ashx?id=560850&use=l&cat=p&typeid=i","cat":284352},{"id":189540,"n":"Tomate cocktail grappe Filière Panier du Primeur - 500g","p":2.19,"u":"4,38 €/KG","img":"https://fd9-photos.leclercdrive.fr/image.ashx?id=2553360&use=l&cat=p&typeid=i","cat":284352},{"id":189696,"n":"Coing x1","p":0.58,"img":"https://fd9-photos.leclercdrive.fr/image.ashx?id=1506949&use=l&cat=p&typeid=i","cat":284356},{"id":189845,"n":"Clémentines de Corse IGP  1p","p":0.5,"img":"https://fd9-photos.leclercdrive.fr/image.ashx?id=1629088&use=l&cat=p&typeid=i","cat":284356},{"id":189925,"n":"Concombre 1p","p":1.99,"img":"https://fd9-photos.leclercdrive.fr/image.ashx?id=1631895&use=l&cat=p&typeid=i","cat":284352},{"id":190321,"n":"Courgette Eco+ 1kg","p":2.49,"u":"2,49 €/KG","img":"https://fd9-photos.leclercdrive.fr/image.ashx?id=2625692&use=l&cat=p&typeid=i","cat":284352},{"id":190380,"n":"Courgettes Bio Bio Village Filet - 750g","p":3.99,"u":"5,32 €/KG","img":"https://fd9-photos.leclercdrive.fr/image.ashx?id=2625698&use=l&cat=p&typeid=i","cat":284352},{"id":190572,"n":"Endives jeunes pousses  Nos Régions ont du Talent x6","p":2.49,"u":"9,58 €/KG","img":"https://fd9-photos.leclercdrive.fr/image.ashx?id=2778099&use=l&cat=p&typeid=i","cat":284352},{"id":190686,"n":"Framboises Panier du Primeur 125g","p":2.59,"u":"20,72 €/KG","img":"https://fd9-photos.leclercdrive.fr/image.ashx?id=2843800&use=l&cat=p&typeid=i","cat":284356},{"id":190896,"n":"Tomate ronde  1P","p":0.5,"img":"https://fd9-photos.leclercdrive.fr/image.ashx?id=1633361&use=l&cat=p&typeid=i","cat":284352},{"id":190950,"n":"Tomate ronde grappe Bio Village Bio - 500g","p":2.49,"u":"4,98 €/KG","img":"https://fd9-photos.leclercdrive.fr/image.ashx?id=2551996&use=l&cat=p&typeid=i","cat":284352},{"id":191109,"n":"Patate douce Sachet 1kg","p":2.99,"u":"2,99 €/KG","img":"https://fd9-photos.leclercdrive.fr/image.ashx?id=1632578&use=l&cat=p&typeid=i","cat":284352},{"id":191139,"n":"Patate douce bio Bio Village 500g","p":2.49,"u":"4,98 €/KG","img":"https://fd9-photos.leclercdrive.fr/image.ashx?id=2934805&use=l&cat=p&typeid=i","cat":284352},{"id":191325,"n":"Kaki 1p","p":0.4,"img":"https://fd9-photos.leclercdrive.fr/image.ashx?id=1628367&use=l&cat=p&typeid=i","cat":284356},{"id":191593,"n":"Pomme de Terre rouge Pom Soleil Vapeur Rissolée Gratin - 2,5kg","p":3.49,"u":"1,40 €/KG","img":"https://fd9-photos.leclercdrive.fr/image.ashx?id=2305856&use=l&cat=p&typeid=i","cat":284352},{"id":191661,"n":"Pommes de terre Bio Bio Village Vapeur et sautées  - 1.5kg","p":2.99,"u":"1,99 €/KG","img":"https://fd9-photos.leclercdrive.fr/image.ashx?id=2960535&use=l&cat=p&typeid=i","cat":284352},{"id":191739,"n":"Pomme de terre de consommation 5kg","p":3.49,"u":"0,70 €/KG","img":"https://fd9-photos.leclercdrive.fr/image.ashx?id=1633283&use=l&cat=p&typeid=i","cat":284352},{"id":192024,"n":"Pomme de terre filière vapeur  sautées Panier du Primeur - 2kg","p":2.29,"u":"1,15 €/KG","img":"https://fd9-photos.leclercdrive.fr/image.ashx?id=2959644&use=l&cat=p&typeid=i","cat":284352},{"id":192031,"n":"Pomme de terre pour frites Panier du Primeur - 2kg","p":2.29,"u":"1,15 €/KG","img":"https://fd9-photos.leclercdrive.fr/image.ashx?id=2959737&use=l&cat=p&typeid=i","cat":284352},{"id":192189,"n":"Pommes de Terre Grenailles Pom Soleil Micro-ondes - 750g","p":1.99,"u":"2,65 €/KG","img":"https://fd9-photos.leclercdrive.fr/image.ashx?id=2300842&use=l&cat=p&typeid=i","cat":284352},{"id":192316,"n":"Pommes Pink Lady Barquette x6","p":2.99,"u":"0,50 €/P","img":"https://fd9-photos.leclercdrive.fr/image.ashx?id=2121671&use=l&cat=p&typeid=i","cat":284356},{"id":192544,"n":"Pomme jaune bio Bio Village x4","p":1.99,"u":"0,50 €/P","img":"https://fd9-photos.leclercdrive.fr/image.ashx?id=2556544&use=l&cat=p&typeid=i","cat":284356},{"id":192618,"n":"Pommes bicolores bio Bio Village Barquette x4","p":1.99,"u":"0,50 €/P","img":"https://fd9-photos.leclercdrive.fr/image.ashx?id=2556538&use=l&cat=p&typeid=i","cat":284356},{"id":192639,"n":"Pommes bicolores Panier du Primeur Barquette x6","p":2.49,"u":"0,42 €/P","img":"https://fd9-photos.leclercdrive.fr/image.ashx?id=2553920&use=l&cat=p&typeid=i","cat":284356},{"id":192762,"n":"Pommes bicolores Panier Primeur HVE - Sachet 1.5kg","p":2.99,"u":"1,99 €/KG","img":"https://fd9-photos.leclercdrive.fr/image.ashx?id=2928279&use=l&cat=p&typeid=i","cat":284356},{"id":193047,"n":"Mélange de poivrons doux  500g","p":3.99,"u":"7,98 €/KG","img":"https://fd9-photos.leclercdrive.fr/image.ashx?id=1633178&use=l&cat=p&typeid=i","cat":284352},{"id":193080,"n":"Poivrons bicolores Eco+ x2","p":0.99,"u":"0,50 €/P","img":"https://fd9-photos.leclercdrive.fr/image.ashx?id=2709716&use=l&cat=p&typeid=i","cat":284352},{"id":193249,"n":"Poire bio Bio Village Barquette x4","p":2.99,"u":"0,75 €/P","img":"https://fd9-photos.leclercdrive.fr/image.ashx?id=2552002&use=l&cat=p&typeid=i","cat":284356},{"id":193256,"n":"Poire Comice 1p","p":0.75,"img":"https://fd9-photos.leclercdrive.fr/image.ashx?id=1628451&use=l&cat=p&typeid=i","cat":284356},{"id":193282,"n":"Poires Panier du Primeur Mûre à point Filière x4","p":3.49,"u":"0,87 €/P","img":"https://fd9-photos.leclercdrive.fr/image.ashx?id=2955038&use=l&cat=p&typeid=i","cat":284356},{"id":193305,"n":"Poires Eco+ Barquette 1kg","p":2.49,"u":"2,49 €/KG","img":"https://fd9-photos.leclercdrive.fr/image.ashx?id=2909374&use=l&cat=p&typeid=i","cat":284356},{"id":193533,"n":"Kiwis Bio Bio Village x6","p":3.49,"u":"0,58 €/P","img":"https://fd9-photos.leclercdrive.fr/image.ashx?id=2556443&use=l&cat=p&typeid=i","cat":284356},{"id":193561,"n":"Kiwis Panier du Primeur Mûrs à point x6","p":3.99,"u":"0,67 €/P","img":"https://fd9-photos.leclercdrive.fr/image.ashx?id=2955050&use=l&cat=p&typeid=i","cat":284356},{"id":193840,"n":"Mangues fruits mûrs à point 2p","p":4.49,"u":"2,25 €/P","img":"https://fd9-photos.leclercdrive.fr/image.ashx?id=1636395&use=l&cat=p&typeid=i","cat":284356},{"id":193899,"n":"Assortiment légumes pour potée 1.5kg","p":4.29,"u":"2,86 €/KG","img":"https://fd9-photos.leclercdrive.fr/image.ashx?id=614582&use=l&cat=p&typeid=i","cat":284352},{"id":194064,"n":"Jambon Le Bon Paris Herta  sans nitrite x6 - 210g","p":3.71,"u":"17,67 €/KG","img":"https://fd9-photos.leclercdrive.fr/image.ashx?id=2731396&use=l&cat=p&typeid=i","cat":316009},{"id":194071,"n":"Jambon Le Bon Paris Herta -25% de sel x2 - 70g","p":1.58,"u":"22,57 €/KG","img":"https://fd9-photos.leclercdrive.fr/image.ashx?id=2405899&use=l&cat=p&typeid=i","cat":316009},{"id":194073,"n":"Jambon Le Bon Paris Herta -25% de sel x4 - 140g","p":2.53,"u":"18,07 €/KG","img":"https://fd9-photos.leclercdrive.fr/image.ashx?id=2995067&use=l&cat=p&typeid=i","cat":316009},{"id":194075,"n":"Jambon Le Bon Paris Herta -25%  de sel sans nitrite x4 - 140g","p":2.59,"u":"18,50 €/KG","img":"https://fd9-photos.leclercdrive.fr/image.ashx?id=2910124&use=l&cat=p&typeid=i","cat":316009},{"id":194078,"n":"Jambon Le Bon Paris Herta Fumé x4 - 140g","p":2.6,"u":"18,57 €/KG","img":"https://fd9-photos.leclercdrive.fr/image.ashx?id=2918664&use=l&cat=p&typeid=i","cat":316009},{"id":194081,"n":"Jambon Le Bon Paris Fumé Herta sans nitrite x4 - 140g","p":2.42,"u":"17,29 €/KG","img":"https://fd9-photos.leclercdrive.fr/image.ashx?id=2881807&use=l&cat=p&typeid=i","cat":316009},{"id":194296,"n":"Bloc de fromage Leerdammer Le Moelleux - 250g","p":3.74,"u":"14,96 €/KG","img":"https://fd9-photos.leclercdrive.fr/image.ashx?id=2421606&use=l&cat=p&typeid=i","cat":314034},{"id":194297,"n":"Tranches de fromage Leerdammer L'Original - 8 Tranches - 200g","p":2.58,"u":"12,90 €/KG","img":"https://fd9-photos.leclercdrive.fr/image.ashx?id=2489199&use=l&cat=p&typeid=i","cat":314028},{"id":194298,"n":"Tranches de fromage Leerdammer L'Original - 16 Tranches - 400g","p":4.8,"u":"12,00 €/KG","img":"https://fd9-photos.leclercdrive.fr/image.ashx?id=2489196&use=l&cat=p&typeid=i","cat":314028},{"id":194299,"n":"Tranches de fromage Leerdammer Le Moelleux-10 Tranches-250g","p":3.99,"u":"15,96 €/KG","img":"https://fd9-photos.leclercdrive.fr/image.ashx?id=2507599&use=l&cat=p&typeid=i","cat":314028},{"id":194302,"n":"Tranches de fromage Leerdammer Le Moelleux - 6 Tranches - 150g","p":2.66,"u":"17,73 €/KG","img":"https://fd9-photos.leclercdrive.fr/image.ashx?id=2507590&use=l&cat=p&typeid=i","cat":314028},{"id":194455,"n":"Mini sac à dos  Multicolore - Coll. L.O.L","p":6.34,"img":"https://fd9-photos.leclercdrive.fr/image.ashx?id=2406675&use=l&cat=p&typeid=i","cat":334133},{"id":194456,"n":"Mini sac à dos  Bleu jean - Coll. L.O.L","p":6.34,"img":"https://fd9-photos.leclercdrive.fr/image.ashx?id=2406678&use=l&cat=p&typeid=i","cat":334133},{"id":194699,"n":"Lait Corps Nourissant Mixa Effet Soleil - 250ml","p":5.25,"u":"21,00 €/L","img":"https://fd9-photos.leclercdrive.fr/image.ashx?id=2409379&use=l&cat=p&typeid=i","cat":325349},{"id":194862,"n":"Betterave Notre Jardin Rouge entière - 250g","p":0.65,"u":"2,60 €/KG","img":"https://fd9-photos.leclercdrive.fr/image.ashx?id=2888389&use=l&cat=p&typeid=i","cat":284352},{"id":195797,"n":"Parmentier Poulet carottes  Weight Watchers - 300g","p":2.91,"u":"9,70 €/KG","img":"https://fd9-photos.leclercdrive.fr/image.ashx?id=2546296&use=l&cat=p&typeid=i","cat":284953},{"id":195801,"n":"Clémentines  1p","p":0.45,"img":"https://fd9-photos.leclercdrive.fr/image.ashx?id=1629100&use=l&cat=p&typeid=i","cat":284356},{"id":195892,"n":"Mini brownie chocolat St Michel - 8x240g","p":2.8,"u":"11,67 €/KG","img":"https://fd9-photos.leclercdrive.fr/image.ashx?id=2936209&use=l&cat=p&typeid=i","cat":294776},{"id":195960,"n":"Coton-tiges bébé Mots d'Enfants Bio - x60","p":0.65,"u":"0,01 €/P","img":"https://fd9-photos.leclercdrive.fr/image.ashx?id=3015129&use=l&cat=p&typeid=i","cat":284739},{"id":195965,"n":"Mascara waterproof Maybelline Sky High volume & longueur Noir","p":8.95,"pp":5.91,"img":"https://fd9-photos.leclercdrive.fr/image.ashx?id=2833153&use=l&cat=p&typeid=i","cat":287029},{"id":195981,"n":"Liquide vaisselle Excel Paic Anti-odeur actif à froid -500ml","p":2.18,"u":"4,36 €/L","img":"https://fd9-photos.leclercdrive.fr/image.ashx?id=2413176&use=l&cat=p&typeid=i","cat":284655},{"id":195983,"n":"Liquide vaisselle Excel Paic Dégraissant actif à froid 500ml","p":1.92,"u":"3,84 €/L","img":"https://fd9-photos.leclercdrive.fr/image.ashx?id=2413182&use=l&cat=p&typeid=i","cat":284655},{"id":195985,"n":"Mascara Volume L'Oréal Paris Pro Xxl Effet Faux Cils","p":13.17,"img":"https://fd9-photos.leclercdrive.fr/image.ashx?id=2412840&use=l&cat=p&typeid=i","cat":287029},{"id":196116,"n":"Jambon Le Bon Paris Herta  -25% Sel x6 - 210g","p":2.7,"u":"12,86 €/KG","img":"https://fd9-photos.leclercdrive.fr/image.ashx?id=2707750&use=l&cat=p&typeid=i","cat":316009},{"id":196176,"n":"Capsules Starbucks by Nespresso  Espresso Roast Int 11 - x18","p":6.05,"u":"58,74 €/KG","img":"https://fd9-photos.leclercdrive.fr/image.ashx?id=2737144&use=l&cat=p&typeid=i","cat":284749},{"id":196189,"n":"Filet de poulet Douce France Jaune - 720g","p":9.5,"u":"13,19 €/KG","img":"https://fd9-photos.leclercdrive.fr/image.ashx?id=2415344&use=l&cat=p&typeid=i","cat":284336},{"id":196241,"n":"Jambon supérieur Eco+ Sans couenne 4 tranches - 160g","p":1.38,"u":"8,63 €/KG","img":"https://fd9-photos.leclercdrive.fr/image.ashx?id=2744407&use=l&cat=p&typeid=i","cat":316009},{"id":196248,"n":"Bûches densifiées Flamino Haut pouvoir calorifique x4","p":3.45,"u":"0,86 €/P","img":"https://fd9-photos.leclercdrive.fr/image.ashx?id=2815088&use=l&cat=p&typeid=i","cat":300577},{"id":196266,"n":"Mousse à Raser 0% Alcool Mennen Peaux sensibles - 250ml","p":2.23,"u":"8,92 €/L","img":"https://fd9-photos.leclercdrive.fr/image.ashx?id=2661733&use=l&cat=p&typeid=i","cat":284617},{"id":196267,"n":"Mousse à Raser 0% Alcool Mennen Hypoallergénique - 250ml","p":2.23,"u":"8,92 €/L","img":"https://fd9-photos.leclercdrive.fr/image.ashx?id=2661736&use=l&cat=p&typeid=i","cat":284617},{"id":196315,"n":"Assortiment Noël Delacre Biscuits tea time - 600g","p":6.5,"u":"10,83 €/KG","img":"https://fd9-photos.leclercdrive.fr/image.ashx?id=2962155&use=l&cat=p&typeid=i","cat":284490},{"id":196319,"n":"Jambon supérieur Eco+ Avec couenne 4 tranches - 160g","p":1.43,"u":"8,94 €/KG","img":"https://fd9-photos.leclercdrive.fr/image.ashx?id=2706550&use=l&cat=p&typeid=i","cat":316009},{"id":196320,"n":"Jambon supérieur Eco+ Avec couenne 6 tranches - 240g","p":2.14,"u":"8,92 €/KG","img":"https://fd9-photos.leclercdrive.fr/image.ashx?id=2706553&use=l&cat=p&typeid=i","cat":316009},{"id":196374,"n":"Bueno eggs kinder Chocolat - 140g","p":5.35,"u":"38,21 €/KG","img":"https://fd9-photos.leclercdrive.fr/image.ashx?id=2764353&use=l&cat=p&typeid=i","cat":327592},{"id":196378,"n":"Boîte chocolats Ferrero Rocher x16 pralines - 200g","p":5.41,"u":"27,05 €/KG","img":"https://fd9-photos.leclercdrive.fr/image.ashx?id=2963841&use=l&cat=p&typeid=i","cat":327600},{"id":196379,"n":"Boîte chocolats Ferrero Rocher x30 pralines - 375g","p":8.73,"u":"23,28 €/KG","img":"https://fd9-photos.leclercdrive.fr/image.ashx?id=2938091&use=l&cat=p&typeid=i","cat":327600},{"id":196383,"n":"Assortiment Etoile Delacre Biscuits - 454g","p":11.6,"u":"25,55 €/KG","img":"https://fd9-photos.leclercdrive.fr/image.ashx?id=2946919&use=l&cat=p&typeid=i","cat":284490},{"id":196391,"n":"Fizzy tubo mini canes Accroches sapin - 120g","p":3.74,"u":"31,17 €/KG","img":"https://fd9-photos.leclercdrive.fr/image.ashx?id=2416748&use=l&cat=p&typeid=i","cat":327592},{"id":196427,"n":"Coffret papier cadeaux Esquisse Or - 4 rouleaux","p":3.95,"img":"https://fd9-photos.leclercdrive.fr/image.ashx?id=2419909&use=l&cat=p&typeid=i","cat":335914},{"id":196428,"n":"Coffret papier cadeaux Esquisse Motifs divers - 4 rouleaux","p":3.95,"u":"0,99 €/P","img":"https://fd9-photos.leclercdrive.fr/image.ashx?id=2419912&use=l&cat=p&typeid=i","cat":335914},{"id":196439,"n":"Beurre Nature de Breton Doux - 82% MG - 250g","p":2.66,"u":"10,64 €/KG","img":"https://fd9-photos.leclercdrive.fr/image.ashx?id=2872039&use=l&cat=p&typeid=i","cat":284379},{"id":196445,"n":"Assortiment chocolat Hamlet Coffret \"crocro\" - 250g","p":11.95,"pp":8.96,"u":"35,84 €/KG","img":"https://fd9-photos.leclercdrive.fr/image.ashx?id=2839313&use=l&cat=p&typeid=i","cat":327595},{"id":196449,"n":"Boite \" velours\" rouge Hamlet  250g","p":11.95,"pp":8.96,"u":"35,84 €/KG","img":"https://fd9-photos.leclercdrive.fr/image.ashx?id=2839490&use=l&cat=p&typeid=i","cat":327595},{"id":196477,"n":"Panettone Premium Motta Traditionnel - 750g","p":15.48,"u":"20,64 €/KG","img":"https://fd9-photos.leclercdrive.fr/image.ashx?id=2679263&use=l&cat=p&typeid=i","cat":327607},{"id":196488,"n":"Authentique Revillon Chocolat  Lait Voie Lactée - 360g","p":8.79,"u":"24,42 €/KG","img":"https://fd9-photos.leclercdrive.fr/image.ashx?id=2662116&use=l&cat=p&typeid=i","cat":327597},{"id":196534,"n":"Cake chorizo et poivrons Au piment de Cayenne - 230g","p":5.37,"u":"23,35 €/KG","img":"https://fd9-photos.leclercdrive.fr/image.ashx?id=2041245&use=l&cat=p&typeid=i","cat":316003},{"id":196566,"n":"Fromage de Chèvre Chavroux Frais Nature - 150g","p":2.23,"u":"14,87 €/KG","img":"https://fd9-photos.leclercdrive.fr/image.ashx?id=2912161&use=l&cat=p&typeid=i","cat":314031},{"id":196625,"n":"Coffret 15 marqueurs peinture Posca","p":31.95,"img":"https://fd9-photos.leclercdrive.fr/image.ashx?id=2965073&use=l&cat=p&typeid=i","cat":334381},{"id":196640,"n":"Bière 3 Monts 8.5% Brassin d'hiver - 75cl","p":3.49,"pp":2.44,"u":"3,25 €/L","img":"https://fd9-photos.leclercdrive.fr/image.ashx?id=2886867&use=l&cat=p&typeid=i","cat":334872},{"id":196647,"n":"Spray dégraissant Chanteclair Universel Marseille - 600ml","p":2.62,"u":"4,37 €/L","img":"https://fd9-photos.leclercdrive.fr/image.ashx?id=2419743&use=l&cat=p&typeid=i","cat":325357},{"id":196674,"n":"Châtaignes Roger Descours Entières cuites - 840g","p":11.33,"u":"13,49 €/KG","img":"https://fd9-photos.leclercdrive.fr/image.ashx?id=2419131&use=l&cat=p&typeid=i","cat":312612},{"id":196685,"n":"Pizza Numero Uno Italpizza Margherita - 410g","p":3.29,"u":"8,02 €/KG","img":"https://fd9-photos.leclercdrive.fr/image.ashx?id=2419752&use=l&cat=p&typeid=i","cat":284256},{"id":196686,"n":"Pizza Numero Uno Italpizza Prosciutto & Funghi - 440g","p":3.37,"u":"7,66 €/KG","img":"https://fd9-photos.leclercdrive.fr/image.ashx?id=2419758&use=l&cat=p&typeid=i","cat":284256},{"id":196687,"n":"Pizza Numero Uno Italpizza 5 Fromaggi - 410g","p":3.35,"u":"8,17 €/KG","img":"https://fd9-photos.leclercdrive.fr/image.ashx?id=2419761&use=l&cat=p&typeid=i","cat":284256},{"id":196689,"n":"Pizza Numero Uno Italpizza Tonno e Cipolla - 410g","p":3.54,"u":"8,63 €/KG","img":"https://fd9-photos.leclercdrive.fr/image.ashx?id=2419764&use=l&cat=p&typeid=i","cat":284256},{"id":196798,"n":"Lait en poudre Picot  1er âge - 850g","p":15.73,"u":"18,51 €/KG","img":"https://fd9-photos.leclercdrive.fr/image.ashx?id=2925421&use=l&cat=p&typeid=i","cat":284726},{"id":196800,"n":"Lait de croissance Picot 3ème âge - 850g","p":10.04,"u":"11,81 €/KG","img":"https://fd9-photos.leclercdrive.fr/image.ashx?id=2925427&use=l&cat=p&typeid=i","cat":290219},{"id":196824,"n":"Palets Sainte Lucie Chocolat noir - 125g","p":3.49,"u":"27,92 €/KG","img":"https://fd9-photos.leclercdrive.fr/image.ashx?id=2421141&use=l&cat=p&typeid=i","cat":284504},{"id":196848,"n":"Escargots préparés au Riesling F. de Gastronomie - x12 - 89g","p":5.78,"u":"64,94 €/KG","img":"https://fd9-photos.leclercdrive.fr/image.ashx?id=2451270&use=l&cat=p&typeid=i","cat":316003},{"id":196857,"n":"Ramen avec sauce soja Oyakata 63g","p":1.28,"u":"20,32 €/KG","img":"https://fd9-photos.leclercdrive.fr/image.ashx?id=2536161&use=l&cat=p&typeid=i","cat":288992},{"id":196894,"n":"Ampoules LED Philips E27 - 60w x3","p":14.05,"u":"4,68 €/P","img":"https://fd9-photos.leclercdrive.fr/image.ashx?id=2507509&use=l&cat=p&typeid=i","cat":300573},{"id":196965,"n":"Liqueur de menthe Get 27 17,9° - 70cl","p":11.54,"u":"16,49 €/L","img":"https://fd9-photos.leclercdrive.fr/image.ashx?id=2835565&use=l&cat=p&typeid=i","cat":286032},{"id":197127,"n":"Mangue séchée Seeberger 100g","p":2.78,"u":"27,80 €/KG","img":"https://fd9-photos.leclercdrive.fr/image.ashx?id=2950654&use=l&cat=p&typeid=i","cat":284357},{"id":197161,"n":"Traîneau chocolat oeuf Kinder Jaune - 75g","p":3.48,"u":"46,40 €/KG","img":"https://fd9-photos.leclercdrive.fr/image.ashx?id=2426809&use=l&cat=p&typeid=i","cat":327592},{"id":197163,"n":"Traîneau chocolat œuf Kinder Blanc - 75g","p":3.48,"u":"46,40 €/KG","img":"https://fd9-photos.leclercdrive.fr/image.ashx?id=2426812&use=l&cat=p&typeid=i","cat":327592},{"id":197164,"n":"Traîneau chocolat œuf Kinder Vert - 75g","p":3.48,"u":"46,40 €/KG","img":"https://fd9-photos.leclercdrive.fr/image.ashx?id=2426815&use=l&cat=p&typeid=i","cat":327592},{"id":197340,"n":"Orange feuille La pièce","p":0.8,"img":"https://fd9-photos.leclercdrive.fr/image.ashx?id=1547288&use=l&cat=p&typeid=i","cat":284356},{"id":197351,"n":"Yaourt ferments lactiques Alsa Onctueux 4 sachets - 8g","p":2.91,"u":"363,75 €/KG","img":"https://fd9-photos.leclercdrive.fr/image.ashx?id=2999832&use=l&cat=p&typeid=i","cat":284505},{"id":197475,"n":"Effilés Chat Junior Purina One Sauce saumon ou poulet - 8x85g","p":5.04,"u":"7,41 €/KG","img":"https://fd9-photos.leclercdrive.fr/image.ashx?id=2899731&use=l&cat=p&typeid=i","cat":285286},{"id":197486,"n":"Soupe en sachets chat Felix Selection de poissons - 6x48g","p":2.21,"u":"7,67 €/KG","img":"https://fd9-photos.leclercdrive.fr/image.ashx?id=2968553&use=l&cat=p&typeid=i","cat":285286},{"id":197625,"n":"Tablette de chocolat noir Lindt 3x100g","p":4.39,"u":"14,63 €/KG","img":"https://fd9-photos.leclercdrive.fr/image.ashx?id=2721422&use=l&cat=p&typeid=i","cat":284956},{"id":197634,"n":"Noisettes poudre Sainte Luci Grillées France - 100g","p":3.7,"u":"37,00 €/KG","img":"https://fd9-photos.leclercdrive.fr/image.ashx?id=2428009&use=l&cat=p&typeid=i","cat":284504},{"id":197697,"n":"Crème de nuit L'Oréal Paris Age perfect Anti-âge - 50ml","p":11.97,"pp":7.9,"u":"158,00 €/L","img":"https://fd9-photos.leclercdrive.fr/image.ashx?id=2428441&use=l&cat=p&typeid=i","cat":325345},{"id":197713,"n":"Fromage à Tartiner St Môret  Nature - 500g","p":5.55,"u":"11,10 €/KG","img":"https://fd9-photos.leclercdrive.fr/image.ashx?id=2427991&use=l&cat=p&typeid=i","cat":314029},{"id":197726,"n":"Pomme de Terre Bintje 2.5kg","p":2.99,"u":"1,20 €/KG","img":"https://fd9-photos.leclercdrive.fr/image.ashx?id=2428012&use=l&cat=p&typeid=i","cat":284352},{"id":197734,"n":"Coffret bière Belzebuth 4x33cl + 1 verre","p":10.96,"u":"8,30 €/L","img":"https://fd9-photos.leclercdrive.fr/image.ashx?id=2429269&use=l&cat=p&typeid=i","cat":334872},{"id":197930,"n":"Kiwi jaune Panier du Primeur x4","p":3.49,"u":"0,87 €/P","img":"https://fd9-photos.leclercdrive.fr/image.ashx?id=2928303&use=l&cat=p&typeid=i","cat":284356},{"id":197952,"n":"Pastabox Sodebo  Tortellini chèvre tomate - 280g","p":3.28,"u":"11,71 €/KG","img":"https://fd9-photos.leclercdrive.fr/image.ashx?id=2833429&use=l&cat=p&typeid=i","cat":334983},{"id":198049,"n":"Fuet aux truffes Argal 150g","p":3.59,"u":"23,93 €/KG","img":"https://fd9-photos.leclercdrive.fr/image.ashx?id=2952154&use=l&cat=p&typeid=i","cat":316006},{"id":198157,"n":"Foie gras La Belle Chaurienne De canard entier - 180g","p":17.99,"u":"99,94 €/KG","img":"https://fd9-photos.leclercdrive.fr/image.ashx?id=2556138&use=l&cat=p&typeid=i","cat":305148},{"id":198195,"n":"Bière Lindemans New Pecheresse 25cl","p":2.0,"u":"8,00 €/L","img":"https://fd9-photos.leclercdrive.fr/image.ashx?id=2433461&use=l&cat=p&typeid=i","cat":334872},{"id":198232,"n":"Bâche pare brise TECH9 Anti-givre - 160x70cm","p":4.55,"img":"https://fd9-photos.leclercdrive.fr/image.ashx?id=2436396&use=l&cat=p&typeid=i","cat":298252},{"id":198268,"n":"Gin Bombay Citron Pressé 37,5° - 70cl","p":22.23,"u":"31,76 €/L","img":"https://fd9-photos.leclercdrive.fr/image.ashx?id=2842951&use=l&cat=p&typeid=i","cat":284550},{"id":198319,"n":"Boisson énergisante Monster Mango loco - 4x50cl","p":5.38,"u":"2,69 €/L","img":"https://fd9-photos.leclercdrive.fr/image.ashx?id=2983465&use=l&cat=p&typeid=i","cat":284533},{"id":198338,"n":"Confiture Douceur du Verger Fraise intense - 320 g","p":1.42,"u":"4,44 €/KG","img":"https://fd9-photos.leclercdrive.fr/image.ashx?id=2965605&use=l&cat=p&typeid=i","cat":284480},{"id":198355,"n":"Confiture Douceur du Verger Framboise intense - 320g","p":2.1,"u":"6,56 €/KG","img":"https://fd9-photos.leclercdrive.fr/image.ashx?id=2965614&use=l&cat=p&typeid=i","cat":284480},{"id":198357,"n":"Confiture Douceur du Verger Fruits rouges intense - 320g","p":1.7,"u":"5,31 €/KG","img":"https://fd9-photos.leclercdrive.fr/image.ashx?id=2965617&use=l&cat=p&typeid=i","cat":284480},{"id":198440,"n":"Boisson Mogu Mogu Cassis - 32cl","p":1.23,"u":"3,84 €/L","img":"https://fd9-photos.leclercdrive.fr/image.ashx?id=2639864&use=l&cat=p&typeid=i","cat":295018},{"id":198523,"n":"Desserts Lactés P'TIT ONCTUEUX Fromage blanc 6M+ - 4x90g","p":1.86,"u":"5,17 €/KG","img":"https://fd9-photos.leclercdrive.fr/image.ashx?id=2435707&use=l&cat=p&typeid=i","cat":312392},{"id":198535,"n":"Velouté Knorr Légumes français -1L","p":2.5,"u":"2,50 €/L","img":"https://fd9-photos.leclercdrive.fr/image.ashx?id=2435935&use=l&cat=p&typeid=i","cat":284462},{"id":198570,"n":"Vitamine C Vitavea A croquer - 28 comprimés","p":4.07,"u":"0,15 €/P","img":"https://fd9-photos.leclercdrive.fr/image.ashx?id=2850542&use=l&cat=p&typeid=i","cat":313217},{"id":198652,"n":"Cuisses de volaille cuites Jean Larnaudie - 1.24kg","p":14.23,"u":"11,48 €/KG","img":"https://fd9-photos.leclercdrive.fr/image.ashx?id=2436344&use=l&cat=p&typeid=i","cat":284441},{"id":198669,"n":"Sugo al basilico  340g","p":1.69,"u":"4,97 €/KG","img":"https://fd9-photos.leclercdrive.fr/image.ashx?id=2840025&use=l&cat=p&typeid=i","cat":288384},{"id":198716,"n":"Mélange grillé Seeberger Non salé  - 150g","p":5.34,"u":"35,60 €/KG","img":"https://fd9-photos.leclercdrive.fr/image.ashx?id=2950612&use=l&cat=p&typeid=i","cat":316002},{"id":198794,"n":"Protège-slips Doulys Ultra-mince Long - x30","p":1.25,"u":"0,04 €/P","img":"https://fd9-photos.leclercdrive.fr/image.ashx?id=2882343&use=l&cat=p&typeid=i","cat":284625},{"id":198806,"n":"Fromage pour Tartiflette Président - 480g","p":6.02,"u":"12,54 €/KG","img":"https://fd9-photos.leclercdrive.fr/image.ashx?id=2757018&use=l&cat=p&typeid=i","cat":314037},{"id":198808,"n":"Croustillants cheddar Président 6 pièces - 150g","p":3.27,"u":"21,80 €/KG","img":"https://fd9-photos.leclercdrive.fr/image.ashx?id=2856079&use=l&cat=p&typeid=i","cat":314027},{"id":198835,"n":"Gel à raser Satin Care Gillette Nettoyant 2 en 1 - 190ML","p":12.74,"u":"67,05 €/L","img":"https://fd9-photos.leclercdrive.fr/image.ashx?id=2529132&use=l&cat=p&typeid=i","cat":325352},{"id":198877,"n":"Rasoir Mach 3 Gillette 3 lames -x1","p":11.12,"img":"https://fd9-photos.leclercdrive.fr/image.ashx?id=2971416&use=l&cat=p&typeid=i","cat":284616},{"id":198951,"n":"Rasoir GilletteLabs Barre exfoliante - 3 lames - x1","p":34.36,"img":"https://fd9-photos.leclercdrive.fr/image.ashx?id=2437011&use=l&cat=p&typeid=i","cat":284616},{"id":198959,"n":"Gel désodorisant Uni vert Lavande Eucalyptus","p":1.39,"img":"https://fd9-photos.leclercdrive.fr/image.ashx?id=2478934&use=l&cat=p&typeid=i","cat":311628},{"id":198968,"n":"Bloc wc javel Syphon eau bleue x2 - 100g","p":1.78,"u":"17,80 €/KG","img":"https://fd9-photos.leclercdrive.fr/image.ashx?id=2437005&use=l&cat=p&typeid=i","cat":284662},{"id":198974,"n":"Perles désodorisantes Bien Air Agrumes","p":2.39,"img":"https://fd9-photos.leclercdrive.fr/image.ashx?id=2939094&use=l&cat=p&typeid=i","cat":311628},{"id":198977,"n":"Bûche Nestlé Caramel Beurre Salé, 1l","p":5.88,"u":"5,88 €/L","img":"https://fd9-photos.leclercdrive.fr/image.ashx?id=2936701&use=l&cat=p&typeid=i","cat":284266},{"id":199018,"n":"AOC Beaumes de Venise rouge Grand Cardinal de Bonpas - 75cl","p":8.5,"pp":6.37,"u":"8,49 €/L","img":"https://fd9-photos.leclercdrive.fr/image.ashx?id=2830150&use=l&cat=p&typeid=i","cat":289556},{"id":199097,"n":"Chocolat Père Noel Kinder 160g","p":5.38,"u":"33,63 €/KG","img":"https://fd9-photos.leclercdrive.fr/image.ashx?id=2764308&use=l&cat=p&typeid=i","cat":327592},{"id":199134,"n":"Moulage chocolat Kinder Père Noel - 110g","p":3.68,"u":"33,45 €/KG","img":"https://fd9-photos.leclercdrive.fr/image.ashx?id=2438108&use=l&cat=p&typeid=i","cat":327592},{"id":199267,"n":"Bûche glacée Pilpa Douceur Citron Meringue 464g","p":5.27,"u":"11,36 €/KG","img":"https://fd9-photos.leclercdrive.fr/image.ashx?id=2751030&use=l&cat=p&typeid=i","cat":284266},{"id":199298,"n":"Bûche glacée Eskiss Façon Pêche Melba - 565g","p":3.94,"u":"6,97 €/KG","img":"https://fd9-photos.leclercdrive.fr/image.ashx?id=2791377&use=l&cat=p&typeid=i","cat":284266},{"id":199510,"n":"Cervelas Herta Sans nitrite - 400g","p":3.92,"u":"9,80 €/KG","img":"https://fd9-photos.leclercdrive.fr/image.ashx?id=2443835&use=l&cat=p&typeid=i","cat":316012},{"id":199512,"n":"Cervelas Herta Sans nitrite - 200g","p":2.86,"u":"14,30 €/KG","img":"https://fd9-photos.leclercdrive.fr/image.ashx?id=2443832&use=l&cat=p&typeid=i","cat":316012},{"id":199530,"n":"Lait corps Mixa Anti-dessèchement - 400ml","p":4.51,"u":"11,28 €/L","img":"https://fd9-photos.leclercdrive.fr/image.ashx?id=2444372&use=l&cat=p&typeid=i","cat":325349},{"id":199552,"n":"Dentifrice Elmex Anti-caries Original - 75ml","p":4.95,"u":"66,00 €/L","img":"https://fd9-photos.leclercdrive.fr/image.ashx?id=2852181&use=l&cat=p&typeid=i","cat":284612},{"id":199553,"n":"Dentifrice Elmex Sensitive Original - 75ml","p":4.8,"u":"64,00 €/L","img":"https://fd9-photos.leclercdrive.fr/image.ashx?id=2738404&use=l&cat=p&typeid=i","cat":284612},{"id":199559,"n":"Dentifrice Elmex Sensitive  Blancheur douce - 2x75ml","p":9.53,"u":"63,53 €/MT","img":"https://fd9-photos.leclercdrive.fr/image.ashx?id=2738425&use=l&cat=p&typeid=i","cat":284612},{"id":199579,"n":"Pâtes Fusilli Panzani 3x500g","p":2.68,"u":"1,79 €/KG","img":"https://fd9-photos.leclercdrive.fr/image.ashx?id=2877697&use=l&cat=p&typeid=i","cat":284427},{"id":199657,"n":"Jambon cru Aoste 6 tranches + 3 offertes - 150g","p":3.46,"u":"23,07 €/KG","img":"https://fd9-photos.leclercdrive.fr/image.ashx?id=2442659&use=l&cat=p&typeid=i","cat":316007},{"id":199775,"n":"Vin Blanc Sud-Ouest Bergerac Château Mon plaisir - 75cl","p":7.49,"u":"9,99 €/L","img":"https://fd9-photos.leclercdrive.fr/image.ashx?id=2890980&use=l&cat=p&typeid=i","cat":289557},{"id":200123,"n":"Lait de coco Suzi Wan 330ml","p":2.86,"u":"8,67 €/KG","img":"https://fd9-photos.leclercdrive.fr/image.ashx?id=2886214&use=l&cat=p&typeid=i","cat":288992},{"id":200135,"n":"Liqueur de menthe Get 27 Edition Limitée 17,9° - 70cl","p":10.95,"u":"15,64 €/L","img":"https://fd9-photos.leclercdrive.fr/image.ashx?id=2445787&use=l&cat=p&typeid=i","cat":286032},{"id":200153,"n":"Repas bébé Blédina 15 mois légumes boulghour merlu 200g","p":2.19,"u":"10,95 €/KG","img":"https://fd9-photos.leclercdrive.fr/image.ashx?id=2975101&use=l&cat=p&typeid=i","cat":312238},{"id":200175,"n":"Plat bébé soir Blédiner 15 mois Pâtes légumes - 200g","p":2.28,"u":"11,40 €/KG","img":"https://fd9-photos.leclercdrive.fr/image.ashx?id=2866295&use=l&cat=p&typeid=i","cat":312239},{"id":200185,"n":"Ramen Cup Oyakata Miso et légumes - 66g","p":1.41,"u":"21,36 €/KG","img":"https://fd9-photos.leclercdrive.fr/image.ashx?id=2536158&use=l&cat=p&typeid=i","cat":288992},{"id":200188,"n":"Ramen Cup Oyakata Poulet Shio - 63g","p":1.34,"u":"21,27 €/KG","img":"https://fd9-photos.leclercdrive.fr/image.ashx?id=2446128&use=l&cat=p&typeid=i","cat":288992},{"id":200202,"n":"Repas bébé Blédina 15 mois carotte haricot riz bœuf 200g","p":2.33,"u":"11,65 €/KG","img":"https://fd9-photos.leclercdrive.fr/image.ashx?id=2586586&use=l&cat=p&typeid=i","cat":312238},{"id":200218,"n":"Repas bébé Blédina 15 mois carotte pâte épices poulet 200g","p":2.28,"u":"11,40 €/KG","img":"https://fd9-photos.leclercdrive.fr/image.ashx?id=2951632&use=l&cat=p&typeid=i","cat":312238},{"id":200316,"n":"Olives Vertes dénoyautées Piment espelette - 170g","p":1.97,"u":"11,59 €/KG","img":"https://fd9-photos.leclercdrive.fr/image.ashx?id=2685913&use=l&cat=p&typeid=i","cat":284450},{"id":200317,"n":"Olives Vertes et noires  Dénoyautées - 170g","p":2.15,"u":"12,65 €/KG","img":"https://fd9-photos.leclercdrive.fr/image.ashx?id=2733511&use=l&cat=p&typeid=i","cat":284450},{"id":200321,"n":"Brossettes Oral-B Bundle Cross Action 4+4+2","p":42.79,"img":"https://fd9-photos.leclercdrive.fr/image.ashx?id=2454526&use=l&cat=p&typeid=i","cat":297133},{"id":200323,"n":"Cassoulet Castelnaudary NRT 420g","p":2.5,"u":"5,95 €/KG","img":"https://fd9-photos.leclercdrive.fr/image.ashx?id=2805990&use=l&cat=p&typeid=i","cat":284440},{"id":200368,"n":"Tartines croustillantes Wasa Complet - 260g","p":1.96,"u":"7,54 €/KG","img":"https://fd9-photos.leclercdrive.fr/image.ashx?id=2448196&use=l&cat=p&typeid=i","cat":284479},{"id":200377,"n":"Plat bébé soir Blédîner 15 mois Légumes macaroni persil - 200g","p":2.15,"u":"10,75 €/KG","img":"https://fd9-photos.leclercdrive.fr/image.ashx?id=2866292&use=l&cat=p&typeid=i","cat":312239},{"id":200378,"n":"Repas bébé Blédina 15 mois Pâtes brocolis jambon - 200g","p":2.31,"u":"11,55 €/KG","img":"https://fd9-photos.leclercdrive.fr/image.ashx?id=2975104&use=l&cat=p&typeid=i","cat":312238},{"id":200379,"n":"Cassoulet Castelnaud NRT 840g","p":4.3,"u":"5,12 €/KG","img":"https://fd9-photos.leclercdrive.fr/image.ashx?id=2805993&use=l&cat=p&typeid=i","cat":284440},{"id":200384,"n":"Grande flute Eco+ Fromage - 150g","p":1.39,"u":"9,27 €/KG","img":"https://fd9-photos.leclercdrive.fr/image.ashx?id=2681461&use=l&cat=p&typeid=i","cat":297000},{"id":200636,"n":"Blini inclusion sarrasin pavot Ronde des Mers - 135g","p":1.99,"u":"14,74 €/KG","img":"https://fd9-photos.leclercdrive.fr/image.ashx?id=2452681&use=l&cat=p&typeid=i","cat":285191},{"id":200638,"n":"Tarama Truffe Ronde des Mers - 100g","p":1.99,"u":"19,90 €/KG","img":"https://fd9-photos.leclercdrive.fr/image.ashx?id=2822761&use=l&cat=p&typeid=i","cat":315999},{"id":200648,"n":"Escargot de Bourgogne surgelé L'origine du goût x12 - 110g","p":6.99,"u":"63,55 €/KG","img":"https://fd9-photos.leclercdrive.fr/image.ashx?id=2809885&use=l&cat=p&typeid=i","cat":319775},{"id":200649,"n":"Saumon fumé d'Écosse L'Origine du Goût x2 - 70g","p":4.55,"u":"65,00 €/KG","img":"https://fd9-photos.leclercdrive.fr/image.ashx?id=2820454&use=l&cat=p&typeid=i","cat":285188},{"id":200709,"n":"Soupe liquide brique Liebig  Cèpes & Bolets - 2x30cl","p":2.9,"u":"4,83 €/L","img":"https://fd9-photos.leclercdrive.fr/image.ashx?id=2472204&use=l&cat=p&typeid=i","cat":284462},{"id":200763,"n":"Gel lavant hydratant Sanytol Aloe vera Bio - 250ml","p":2.79,"u":"11,16 €/L","img":"https://fd9-photos.leclercdrive.fr/image.ashx?id=2905273&use=l&cat=p&typeid=i","cat":284597},{"id":200779,"n":"Nettoyant sol Vigor Désincrustant intense - 1L","p":3.36,"u":"3,36 €/L","img":"https://fd9-photos.leclercdrive.fr/image.ashx?id=2736160&use=l&cat=p&typeid=i","cat":284907},{"id":200994,"n":"Nouilles Soy Shrimps Nissin 63g","p":1.75,"u":"27,78 €/KG","img":"https://fd9-photos.leclercdrive.fr/image.ashx?id=2453640&use=l&cat=p&typeid=i","cat":288992},{"id":201017,"n":"Crêpes dentelles Bretagne NRT 120g","p":1.72,"u":"14,33 €/KG","img":"https://fd9-photos.leclercdrive.fr/image.ashx?id=2622359&use=l&cat=p&typeid=i","cat":284487},{"id":201050,"n":"Raclette Gratte Givre Tech9 Rouge - 1 pièce","p":2.55,"img":"https://fd9-photos.leclercdrive.fr/image.ashx?id=2611925&use=l&cat=p&typeid=i","cat":298252},{"id":201107,"n":"Café dosettes Tassimo Café au Lait x21","p":5.4,"u":"22,31 €/KG","img":"https://fd9-photos.leclercdrive.fr/image.ashx?id=2457605&use=l&cat=p&typeid=i","cat":293240},{"id":201141,"n":"Radiatori Xtrem Box Sodebo Poulet crème - 400g","p":3.99,"u":"9,98 €/KG","img":"https://fd9-photos.leclercdrive.fr/image.ashx?id=2862239&use=l&cat=p&typeid=i","cat":334983},{"id":201170,"n":"Mayonnaise Bénédicta Nature - 235g","p":2.35,"u":"10,00 €/KG","img":"https://fd9-photos.leclercdrive.fr/image.ashx?id=2745016&use=l&cat=p&typeid=i","cat":298295},{"id":201192,"n":"Boisson fermentée désalcoolisée Rouge - à base de raisin - 75cl","p":3.48,"u":"4,64 €/L","img":"https://fd9-photos.leclercdrive.fr/image.ashx?id=2477664&use=l&cat=p&typeid=i","cat":284549},{"id":201193,"n":"Boisson fermentée désalcoolisée Rosé - à base de raisin - 75cl","p":3.29,"u":"4,39 €/L","img":"https://fd9-photos.leclercdrive.fr/image.ashx?id=2477667&use=l&cat=p&typeid=i","cat":284549},{"id":201194,"n":"Boisson fermentée désalcoolisée Blanc - à base de raisin - 75cl","p":3.27,"u":"4,36 €/L","img":"https://fd9-photos.leclercdrive.fr/image.ashx?id=2477670&use=l&cat=p&typeid=i","cat":284549},{"id":201298,"n":"Fromage enfant La Vache qui rit Original 12P à tartiner - 192g","p":2.56,"u":"13,33 €/KG","img":"https://fd9-photos.leclercdrive.fr/image.ashx?id=2945442&use=l&cat=p&typeid=i","cat":314030},{"id":201366,"n":"Soda Bouteille Orangina  Light - 4x1.5L","p":6.52,"u":"1,09 €/L","img":"https://fd9-photos.leclercdrive.fr/image.ashx?id=2620113&use=l&cat=p&typeid=i","cat":284532},{"id":201456,"n":"Maté Yate x20 - 30g","p":1.49,"u":"49,67 €/KG","img":"https://fd9-photos.leclercdrive.fr/image.ashx?id=2854252&use=l&cat=p&typeid=i","cat":293233},{"id":201458,"n":"Chips ondulées Pom' Lisse 135g","p":1.29,"u":"9,56 €/KG","img":"https://fd9-photos.leclercdrive.fr/image.ashx?id=2644695&use=l&cat=p&typeid=i","cat":284447},{"id":201459,"n":"Haricot vert Notre Jardin Beurre - 280g","p":2.39,"u":"8,54 €/KG","img":"https://fd9-photos.leclercdrive.fr/image.ashx?id=3002650&use=l&cat=p&typeid=i","cat":312606},{"id":201460,"n":"Terrine de campagne Côté Table Sel de guérande - 180g","p":1.47,"u":"8,17 €/KG","img":"https://fd9-photos.leclercdrive.fr/image.ashx?id=2460418&use=l&cat=p&typeid=i","cat":305149},{"id":201470,"n":"Dosettes café Senseo Corsé x72","p":10.7,"u":"21,40 €/KG","img":"https://fd9-photos.leclercdrive.fr/image.ashx?id=2993487&use=l&cat=p&typeid=i","cat":293238},{"id":201548,"n":"Rillettes de thon Petit Navire Olives - 2x125g","p":3.38,"u":"13,52 €/KG","img":"https://fd9-photos.leclercdrive.fr/image.ashx?id=2461427&use=l&cat=p&typeid=i","cat":303867},{"id":201549,"n":"Rillettes saumon Petit Navire Démarche responsable - 2x125g","p":3.13,"u":"12,52 €/KG","img":"https://fd9-photos.leclercdrive.fr/image.ashx?id=2461430&use=l&cat=p&typeid=i","cat":305149},{"id":201555,"n":"Gillette Mach3 Turbo - Lot de 3x4","p":41.04,"u":"3,42 €/P","img":"https://fd9-photos.leclercdrive.fr/image.ashx?id=2787947&use=l&cat=p&typeid=i","cat":284616},{"id":201571,"n":"Viande bovine Bourguignon ** à mijoter - 500g","p":6.49,"u":"12,98 €/KG","img":"https://fd9-photos.leclercdrive.fr/image.ashx?id=2930933&use=l&cat=p&typeid=i","cat":284328},{"id":201572,"n":"Sauté de porc Atelier Boucherie VPF - 500g","p":4.59,"u":"9,18 €/KG","img":"https://fd9-photos.leclercdrive.fr/image.ashx?id=2932707&use=l&cat=p&typeid=i","cat":284331},{"id":201585,"n":"Repas Plaisir Terrines saumon Chat adulte stérilisé - 100g","p":0.72,"u":"7,20 €/KG","img":"https://fd9-photos.leclercdrive.fr/image.ashx?id=2492740&use=l&cat=p&typeid=i","cat":285286},{"id":201596,"n":"Repas Plaisir Terrine dinde Légumes - Chien adulte - 300g","p":1.42,"u":"4,73 €/KG","img":"https://fd9-photos.leclercdrive.fr/image.ashx?id=2492728&use=l&cat=p&typeid=i","cat":284673},{"id":201607,"n":"Rasoirs jetables Wilkinson Extra 3 Essentials - x4","p":2.48,"u":"0,62 €/P","img":"https://fd9-photos.leclercdrive.fr/image.ashx?id=2462840&use=l&cat=p&typeid=i","cat":325352},{"id":201688,"n":"Beurre plaquette Eco+ Doux - 60% MG  - 200g","p":1.45,"u":"7,25 €/KG","img":"https://fd9-photos.leclercdrive.fr/image.ashx?id=2794187&use=l&cat=p&typeid=i","cat":284379},{"id":201689,"n":"Café capsules Plantation Lungo -","p":5.15,"u":"33,01 €/KG","img":"https://fd9-photos.leclercdrive.fr/image.ashx?id=2860085&use=l&cat=p&typeid=i","cat":284749},{"id":201690,"n":"Beurre plaquette Eco+ Demi-sel - 60% MG - 200g","p":1.47,"u":"7,35 €/KG","img":"https://fd9-photos.leclercdrive.fr/image.ashx?id=2794184&use=l&cat=p&typeid=i","cat":284379},{"id":201692,"n":"Frites Crousti Express Findus Micro-ondes Allumette 2x100g","p":1.68,"u":"8,40 €/KG","img":"https://fd9-photos.leclercdrive.fr/image.ashx?id=2648274&use=l&cat=p&typeid=i","cat":319791},{"id":201693,"n":"Frites Crousti Express Findus Micro-ondes Classique 2x100g","p":1.62,"u":"8,10 €/KG","img":"https://fd9-photos.leclercdrive.fr/image.ashx?id=2648271&use=l&cat=p&typeid=i","cat":319791},{"id":201702,"n":"Bière Leffe Ruby 5% - 6x25cl","p":5.53,"u":"3,69 €/L","img":"https://fd9-photos.leclercdrive.fr/image.ashx?id=2811581&use=l&cat=p&typeid=i","cat":334878},{"id":201706,"n":"Bière Leffe Ruby 5% - 12x25cl","p":9.3,"u":"3,10 €/L","img":"https://fd9-photos.leclercdrive.fr/image.ashx?id=2813008&use=l&cat=p&typeid=i","cat":334878},{"id":201772,"n":"Dentifrice Elmex Sensitive Blancheur douce - 75ml","p":4.65,"u":"62,00 €/L","img":"https://fd9-photos.leclercdrive.fr/image.ashx?id=2721187&use=l&cat=p&typeid=i","cat":284612},{"id":201774,"n":"Sous-vêtements nuit DryNites® Garçons 4-7 ans (17-30 kg) x16","p":13.34,"u":"0,83 €/P","img":"https://fd9-photos.leclercdrive.fr/image.ashx?id=2844727&use=l&cat=p&typeid=i","cat":290633},{"id":201791,"n":"Soupe en sachets chat Felix Sélection de poissons - 6x48g","p":2.04,"u":"7,08 €/KG","img":"https://fd9-photos.leclercdrive.fr/image.ashx?id=2887251&use=l&cat=p&typeid=i","cat":285286},{"id":201792,"n":"Mousseline Purina Gourmet Thon nappé de sauce - 4x57g","p":2.97,"u":"13,03 €/KG","img":"https://fd9-photos.leclercdrive.fr/image.ashx?id=2899722&use=l&cat=p&typeid=i","cat":285601},{"id":201835,"n":"Pizza Crousti Moelleuse Marie Royale - 500g","p":4.35,"u":"8,70 €/KG","img":"https://fd9-photos.leclercdrive.fr/image.ashx?id=2996704&use=l&cat=p&typeid=i","cat":284256},{"id":201837,"n":"Protège-slips Doulys Ultra-mince normal - x45","p":0.87,"u":"0,02 €/P","img":"https://fd9-photos.leclercdrive.fr/image.ashx?id=2849590&use=l&cat=p&typeid=i","cat":284625},{"id":201838,"n":"Fraizibus Haribo Sachet bonbons - 220g","p":1.74,"u":"7,91 €/KG","img":"https://fd9-photos.leclercdrive.fr/image.ashx?id=2984955&use=l&cat=p&typeid=i","cat":304250},{"id":201839,"n":"Sauce arrabbiata Turini 420g","p":1.14,"u":"2,71 €/KG","img":"https://fd9-photos.leclercdrive.fr/image.ashx?id=2465062&use=l&cat=p&typeid=i","cat":287599},{"id":201915,"n":"Protège-slips Doulys Slip ou string - x45","p":1.61,"u":"0,04 €/P","img":"https://fd9-photos.leclercdrive.fr/image.ashx?id=2877466&use=l&cat=p&typeid=i","cat":284625},{"id":201922,"n":"Epices Spigol 100% naturel 5,6g","p":2.53,"u":"4,52 €/KG","img":"https://fd9-photos.leclercdrive.fr/image.ashx?id=2631078&use=l&cat=p&typeid=i","cat":298297},{"id":201927,"n":"Rôti filet de Porc Bigard Oignon et thym - 400g","p":7.99,"u":"19,98 €/KG","img":"https://fd9-photos.leclercdrive.fr/image.ashx?id=2479204&use=l&cat=p&typeid=i","cat":284331},{"id":201934,"n":"Protège-slips Vania Confort Fresh - x56","p":2.34,"img":"https://fd9-photos.leclercdrive.fr/image.ashx?id=2735227&use=l&cat=p&typeid=i","cat":284625},{"id":201945,"n":"Gel Douche Le Petit Marseillais  Lait de vanille - 250ml","p":1.76,"u":"7,04 €/L","img":"https://fd9-photos.leclercdrive.fr/image.ashx?id=2676096&use=l&cat=p&typeid=i","cat":284594},{"id":201946,"n":"Gel Douche Le Petit Marseillais Lait de vanille - 650 ml","p":3.18,"u":"4,89 €/L","img":"https://fd9-photos.leclercdrive.fr/image.ashx?id=2674794&use=l&cat=p&typeid=i","cat":284594},{"id":201948,"n":"Gel Douche Le Petit Marseillais Abricot et noisette - 650ml","p":3.18,"u":"4,89 €/MT","img":"https://fd9-photos.leclercdrive.fr/image.ashx?id=2676102&use=l&cat=p&typeid=i","cat":284594},{"id":201950,"n":"Gel Douche Le Petit Marseillais Amande douce - 250ml","p":1.81,"u":"7,24 €/MT","img":"https://fd9-photos.leclercdrive.fr/image.ashx?id=2946592&use=l&cat=p&typeid=i","cat":284594},{"id":201951,"n":"Gel Douche Le Petit Marseillais Lait - 250ml","p":1.87,"u":"7,48 €/MT","img":"https://fd9-photos.leclercdrive.fr/image.ashx?id=2676108&use=l&cat=p&typeid=i","cat":284594},{"id":201952,"n":"Gel Douche Le Petit Marseillais Lait - 650ml","p":3.18,"u":"4,89 €/L","img":"https://fd9-photos.leclercdrive.fr/image.ashx?id=2676111&use=l&cat=p&typeid=i","cat":284594},{"id":201953,"n":"Gel Douche Le Petit Marseillais Pêche nectarine - 250ml","p":1.87,"u":"7,48 €/L","img":"https://fd9-photos.leclercdrive.fr/image.ashx?id=2938761&use=l&cat=p&typeid=i","cat":284594},{"id":201954,"n":"Gel Douche Le Petit Marseillais  Peche nectarine - 650ml","p":3.23,"u":"4,97 €/L","img":"https://fd9-photos.leclercdrive.fr/image.ashx?id=2676114&use=l&cat=p&typeid=i","cat":284594},{"id":201957,"n":"Gel douche pamplemousse orange  Le Petit marseillais - 650ml","p":3.23,"u":"4,97 €/L","img":"https://fd9-photos.leclercdrive.fr/image.ashx?id=2676123&use=l&cat=p&typeid=i","cat":284594},{"id":201967,"n":"Bière blonde Corona 12x33cl","p":15.99,"u":"4,04 €/L","img":"https://fd9-photos.leclercdrive.fr/image.ashx?id=2544521&use=l&cat=p&typeid=i","cat":334873},{"id":201968,"n":"Bière blonde Corona Extra 4,5% - 6x33cl","p":8.63,"u":"4,36 €/L","img":"https://fd9-photos.leclercdrive.fr/image.ashx?id=2865452&use=l&cat=p&typeid=i","cat":334873},{"id":202048,"n":"Crème glacée Trium Caramel salé - 430g","p":3.75,"u":"8,72 €/KG","img":"https://fd9-photos.leclercdrive.fr/image.ashx?id=2469034&use=l&cat=p&typeid=i","cat":284725},{"id":202049,"n":"Crème glacée Trium Chocolat Brownie - 415g","p":3.33,"u":"8,02 €/KG","img":"https://fd9-photos.leclercdrive.fr/image.ashx?id=2469037&use=l&cat=p&typeid=i","cat":284725},{"id":202051,"n":"Crème glacée Trium Macadamia - 430g","p":4.3,"u":"10,00 €/KG","img":"https://fd9-photos.leclercdrive.fr/image.ashx?id=2469043&use=l&cat=p&typeid=i","cat":284725},{"id":202056,"n":"Fromage pour raclette à la  Truffe Pochat et Fils - 250g","p":5.72,"u":"22,88 €/KG","img":"https://fd9-photos.leclercdrive.fr/image.ashx?id=2469241&use=l&cat=p&typeid=i","cat":314037},{"id":202058,"n":"Salade riz et thon Menu Fraîcheur - 300g","p":1.75,"u":"5,83 €/KG","img":"https://fd9-photos.leclercdrive.fr/image.ashx?id=2646014&use=l&cat=p&typeid=i","cat":333657},{"id":202064,"n":"Fromage blanc nature Délisse 500g","p":1.29,"u":"2,58 €/KG","img":"https://fd9-photos.leclercdrive.fr/image.ashx?id=3012878&use=l&cat=p&typeid=i","cat":284409},{"id":202065,"n":"Bâche anti-givre Eco  160x70cm","p":2.38,"img":"https://fd9-photos.leclercdrive.fr/image.ashx?id=2469568&use=l&cat=p&typeid=i","cat":298252},{"id":202066,"n":"Fromage blanc nature Délisse 4x100g","p":0.97,"u":"2,43 €/KG","img":"https://fd9-photos.leclercdrive.fr/image.ashx?id=3012881&use=l&cat=p&typeid=i","cat":284409},{"id":202076,"n":"AOP rosé Côte de Provence Aimé Roquesanté  - 75cl","p":7.0,"u":"9,33 €/L","img":"https://fd9-photos.leclercdrive.fr/image.ashx?id=2941032&use=l&cat=p&typeid=i","cat":289558},{"id":202077,"n":"Crème semi-épaisse Soutenons Nos Agriculteurs - 3x20cl","p":2.89,"u":"4,82 €/L","img":"https://fd9-photos.leclercdrive.fr/image.ashx?id=2469067&use=l&cat=p&typeid=i","cat":284381},{"id":202158,"n":"Salade : Sucrine 3p","p":0.95,"u":"0,32 €/P","img":"https://fd9-photos.leclercdrive.fr/image.ashx?id=1632539&use=l&cat=p&typeid=i","cat":284352},{"id":202179,"n":"Coeur de romaine  2p","p":2.99,"u":"1,50 €/P","img":"https://fd9-photos.leclercdrive.fr/image.ashx?id=1633655&use=l&cat=p&typeid=i","cat":284352},{"id":202335,"n":"Roquette Panier du Primeur 125g","p":1.29,"u":"10,32 €/KG","img":"https://fd9-photos.leclercdrive.fr/image.ashx?id=2616066&use=l&cat=p&typeid=i","cat":284353},{"id":202403,"n":"Pur jus Jardin Bio Multifruits - 75cl","p":2.85,"u":"3,80 €/L","img":"https://fd9-photos.leclercdrive.fr/image.ashx?id=2471862&use=l&cat=p&typeid=i","cat":284915},{"id":202416,"n":"J'ose Vibromasseur L'Exquis 10 vibrations - rechargeable","p":25.37,"img":"https://fd9-photos.leclercdrive.fr/image.ashx?id=2803793&use=l&cat=p&typeid=i","cat":285160},{"id":202417,"n":"J'ose Vibromasseur Le Sensuel 20 vibrations - rechargeable","p":26.08,"img":"https://fd9-photos.leclercdrive.fr/image.ashx?id=2514343&use=l&cat=p&typeid=i","cat":285160},{"id":202419,"n":"J'ose Boules de Geisha Les pétillantes","p":18.83,"img":"https://fd9-photos.leclercdrive.fr/image.ashx?id=2803787&use=l&cat=p&typeid=i","cat":285160},{"id":202429,"n":"Huile de massage gourmande Senteur fraise gourmande 100ml","p":8.85,"u":"88,50 €/L","img":"https://fd9-photos.leclercdrive.fr/image.ashx?id=2514325&use=l&cat=p&typeid=i","cat":285160},{"id":202430,"n":"Huile de massage gourmande Fruit de la passion - 100ml","p":9.0,"u":"90,00 €/L","img":"https://fd9-photos.leclercdrive.fr/image.ashx?id=2561823&use=l&cat=p&typeid=i","cat":285160},{"id":202431,"n":"Huile de massage gourmande Senteur chocolat intense 100ml","p":8.97,"u":"89,70 €/L","img":"https://fd9-photos.leclercdrive.fr/image.ashx?id=2514334&use=l&cat=p&typeid=i","cat":285160},{"id":202432,"n":"Bougie de massage gourmande Rose passion - 75g","p":8.65,"u":"115,33 €/KG","img":"https://fd9-photos.leclercdrive.fr/image.ashx?id=2514322&use=l&cat=p&typeid=i","cat":285160},{"id":202434,"n":"Bougie de massage gourmande Chocolat intense - 75g","p":8.65,"u":"115,33 €/KG","img":"https://fd9-photos.leclercdrive.fr/image.ashx?id=2514316&use=l&cat=p&typeid=i","cat":285160},{"id":202473,"n":"Dentifrice Colgate  Max White Charbon - 2x75ml","p":3.26,"u":"21,73 €/L","img":"https://fd9-photos.leclercdrive.fr/image.ashx?id=2472492&use=l&cat=p&typeid=i","cat":284612},{"id":202480,"n":"Ossau Iraty 8 mois NRT AOP  L'Atelier Fromagerie - 180g","p":4.75,"u":"26,39 €/KG","img":"https://fd9-photos.leclercdrive.fr/image.ashx?id=2489209&use=l&cat=p&typeid=i","cat":314031},{"id":202497,"n":"J'ose stimulateur clitoridien L'Envoûtant - rechargeable","p":26.77,"img":"https://fd9-photos.leclercdrive.fr/image.ashx?id=2914639&use=l&cat=p&typeid=i","cat":285160},{"id":202545,"n":"Gel douche Le Petit Marseillais Fleur de Tiare - 250ml","p":1.81,"u":"7,24 €/L","img":"https://fd9-photos.leclercdrive.fr/image.ashx?id=2676093&use=l&cat=p&typeid=i","cat":284594},{"id":202548,"n":"AOP Monbazillac vin blanc Le Monbaz - 75cl","p":8.95,"u":"11,93 €/L","img":"https://fd9-photos.leclercdrive.fr/image.ashx?id=2835460&use=l&cat=p&typeid=i","cat":289557},{"id":202620,"n":"Purée de tomate Panzani Tomacouli nature bio - 265g","p":1.03,"u":"3,89 €/KG","img":"https://fd9-photos.leclercdrive.fr/image.ashx?id=2890604&use=l&cat=p&typeid=i","cat":288384},{"id":202647,"n":"Bière blonde Jenlain Pack 6x25cl","p":5.02,"u":"3,35 €/L","img":"https://fd9-photos.leclercdrive.fr/image.ashx?id=2474380&use=l&cat=p&typeid=i","cat":334852},{"id":202649,"n":"Bière blonde Jenlain 75 cl","p":2.75,"u":"3,67 €/L","img":"https://fd9-photos.leclercdrive.fr/image.ashx?id=2732851&use=l&cat=p&typeid=i","cat":334852},{"id":202669,"n":"Tartelette framboise x2 - 220g","p":4.5,"u":"20,45 €/KG","img":"https://fd9-photos.leclercdrive.fr/image.ashx?id=2648736&use=l&cat=p&typeid=i","cat":284360},{"id":202674,"n":"Gourde Good Goût Banane Abricot bio - 120g","p":1.59,"u":"13,25 €/KG","img":"https://fd9-photos.leclercdrive.fr/image.ashx?id=2639023&use=l&cat=p&typeid=i","cat":312393},{"id":202675,"n":"Pavé d'Affinois Extra gourmand - 200g","p":2.62,"u":"13,10 €/KG","img":"https://fd9-photos.leclercdrive.fr/image.ashx?id=3002072&use=l&cat=p&typeid=i","cat":314033},{"id":202696,"n":"Rôti de porc farci Orloff  Bigard - 500g","p":7.0,"u":"14,00 €/KG","img":"https://fd9-photos.leclercdrive.fr/image.ashx?id=2477709&use=l&cat=p&typeid=i","cat":284331},{"id":202870,"n":"Sucrines bicolores Panier du Primeur x3","p":1.29,"u":"0,43 €/P","img":"https://fd9-photos.leclercdrive.fr/image.ashx?id=2477544&use=l&cat=p&typeid=i","cat":284352},{"id":202871,"n":"Coeur de sucrine  Panier du Primeur x6","p":2.29,"u":"0,76 €/P","img":"https://fd9-photos.leclercdrive.fr/image.ashx?id=2477547&use=l&cat=p&typeid=i","cat":284352},{"id":202885,"n":"Viande hâchée halal Alqassab 20% MG - 700g","p":11.62,"u":"16,60 €/KG","img":"https://fd9-photos.leclercdrive.fr/image.ashx?id=2475726&use=l&cat=p&typeid=i","cat":284332},{"id":202887,"n":"Steak hâché Halal Alqassab 15% MG. - 800g","p":12.24,"u":"15,30 €/KG","img":"https://fd9-photos.leclercdrive.fr/image.ashx?id=2475729&use=l&cat=p&typeid=i","cat":284332},{"id":202888,"n":"Gel douche Adidas Active Start - 250ml","p":1.95,"u":"7,80 €/L","img":"https://fd9-photos.leclercdrive.fr/image.ashx?id=2990805&use=l&cat=p&typeid=i","cat":284619},{"id":202996,"n":"Boudin blanc de volaille  Tradilège x3 - 300g","p":3.15,"u":"10,50 €/KG","img":"https://fd9-photos.leclercdrive.fr/image.ashx?id=2955273&use=l&cat=p&typeid=i","cat":316012},{"id":203023,"n":"Olives vertes Barral Dénoyautées Sachet 320g","p":2.12,"u":"6,63 €/KG","img":"https://fd9-photos.leclercdrive.fr/image.ashx?id=2485578&use=l&cat=p&typeid=i","cat":284450},{"id":203024,"n":"Olives noires Barral À la Grecque - 400g","p":3.36,"u":"8,40 €/KG","img":"https://fd9-photos.leclercdrive.fr/image.ashx?id=2867008&use=l&cat=p&typeid=i","cat":284450},{"id":203036,"n":"Gel douche Mixa Bébé  Très Doux Corps Cheveux - 300ml","p":3.34,"u":"11,13 €/L","img":"https://fd9-photos.leclercdrive.fr/image.ashx?id=2479318&use=l&cat=p&typeid=i","cat":284740},{"id":203037,"n":"Shampooing Mixa Bébé  Très Doux - 300ml","p":2.35,"u":"7,83 €/L","img":"https://fd9-photos.leclercdrive.fr/image.ashx?id=2479321&use=l&cat=p&typeid=i","cat":284740},{"id":203042,"n":"Gel Toilette Intime Extra Doux Intima Natural Hamamélis 200ml","p":3.16,"u":"15,80 €/L","img":"https://fd9-photos.leclercdrive.fr/image.ashx?id=2959871&use=l&cat=p&typeid=i","cat":284627},{"id":203043,"n":"Gel Toilette Intime Régulateur Intima Natural Cranberry 200ml","p":3.83,"u":"19,15 €/L","img":"https://fd9-photos.leclercdrive.fr/image.ashx?id=2959874&use=l&cat=p&typeid=i","cat":284627},{"id":203050,"n":"Recharge Sense & Spray Glade Ocean Adventure - 18 ml","p":3.5,"u":"194,44 €/L","img":"https://fd9-photos.leclercdrive.fr/image.ashx?id=2634352&use=l&cat=p&typeid=i","cat":311629},{"id":203052,"n":"Recharge pour diffuseur Glade  Bois de Santal & Jasmin - 18ml","p":3.48,"u":"193,33 €/L","img":"https://fd9-photos.leclercdrive.fr/image.ashx?id=2634358&use=l&cat=p&typeid=i","cat":311629},{"id":203055,"n":"Diffuseur Automatic Spray Glade Sandalwood & Jasmine - 269 ml","p":8.27,"img":"https://fd9-photos.leclercdrive.fr/image.ashx?id=2866007&use=l&cat=p&typeid=i","cat":311629},{"id":203059,"n":"Recharge Touch & Fresh Glade Sandalwood & Jasmine - 10 ml","p":2.91,"u":"291,00 €/L","img":"https://fd9-photos.leclercdrive.fr/image.ashx?id=2914744&use=l&cat=p&typeid=i","cat":311629},{"id":203062,"n":"Spray désodorisant Glade  Bois de Santal & Jasmin - 269ml","p":3.7,"u":"13,75 €/L","img":"https://fd9-photos.leclercdrive.fr/image.ashx?id=2864170&use=l&cat=p&typeid=i","cat":311629},{"id":203063,"n":"Gel désodorisant Glade  Longue durée - Muguet - x1","p":1.57,"img":"https://fd9-photos.leclercdrive.fr/image.ashx?id=2479429&use=l&cat=p&typeid=i","cat":311628},{"id":203089,"n":"Pizza au feu de bois Turini Chèvre et miel - 410g","p":2.65,"u":"6,46 €/KG","img":"https://fd9-photos.leclercdrive.fr/image.ashx?id=2816615&use=l&cat=p&typeid=i","cat":284256},{"id":203209,"n":"Petits plaisirs  Ferrero Rocher Chocolat - 126g","p":6.35,"u":"50,40 €/KG","img":"https://fd9-photos.leclercdrive.fr/image.ashx?id=2945008&use=l&cat=p&typeid=i","cat":327600},{"id":203319,"n":"AOP Champagne Brut M.H Martel Cuvée Victoire 75cl","p":26.6,"u":"35,47 €/L","img":"https://fd9-photos.leclercdrive.fr/image.ashx?id=2947949&use=l&cat=p&typeid=i","cat":284542},{"id":203320,"n":"AOP Champagne Demi-Sec G.H Martel Cuvée Victoire  75cl","p":25.73,"u":"34,31 €/L","img":"https://fd9-photos.leclercdrive.fr/image.ashx?id=2484933&use=l&cat=p&typeid=i","cat":284542},{"id":203407,"n":"Chocolat Merveilles du Monde Lait Amandes Noisettes  - 100g","p":3.0,"u":"30,00 €/KG","img":"https://fd9-photos.leclercdrive.fr/image.ashx?id=2663030&use=l&cat=p&typeid=i","cat":284497},{"id":203409,"n":"Chocolat Merveilles du Monde Noir Amandes Noisettes - 100g","p":3.06,"u":"30,60 €/KG","img":"https://fd9-photos.leclercdrive.fr/image.ashx?id=2663033&use=l&cat=p&typeid=i","cat":284497},{"id":203418,"n":"AOP Rasteau Rouge Les Juliottes 75 cl","p":7.84,"u":"10,45 €/L","img":"https://fd9-photos.leclercdrive.fr/image.ashx?id=2482999&use=l&cat=p&typeid=i","cat":289556},{"id":203471,"n":"Banane Eco+ x4","p":0.79,"u":"0,20 €/P","img":"https://fd9-photos.leclercdrive.fr/image.ashx?id=2600252&use=l&cat=p&typeid=i","cat":284356},{"id":203565,"n":"Lait Sans Lactose Candia   1% MG - 1L","p":1.64,"u":"1,64 €/L","img":"https://fd9-photos.leclercdrive.fr/image.ashx?id=2482714&use=l&cat=p&typeid=i","cat":317169},{"id":203599,"n":"Infusion Jardin Bio Rooibos D'Afrique du sud Bio - x20 -36g","p":2.29,"u":"63,61 €/KG","img":"https://fd9-photos.leclercdrive.fr/image.ashx?id=2974384&use=l&cat=p&typeid=i","cat":293234},{"id":203601,"n":"Infusion Rooibos Jardin Bio Vanille Bio - 30g","p":2.36,"u":"78,67 €/KG","img":"https://fd9-photos.leclercdrive.fr/image.ashx?id=3000791&use=l&cat=p&typeid=i","cat":293234},{"id":203603,"n":"Petit gourmand bio Jardin Bio A la pâte à tartiner - 155g","p":2.45,"u":"15,81 €/KG","img":"https://fd9-photos.leclercdrive.fr/image.ashx?id=2990676&use=l&cat=p&typeid=i","cat":284488},{"id":203648,"n":"Douche huile de Coco Cottage Extra nourrissante - 560ml","p":3.65,"u":"6,52 €/L","img":"https://fd9-photos.leclercdrive.fr/image.ashx?id=2528693&use=l&cat=p&typeid=i","cat":284594},{"id":203750,"n":"Coloration Cheveux  Blond Clair Cuivré N°21","p":4.4,"img":"https://fd9-photos.leclercdrive.fr/image.ashx?id=2486308&use=l&cat=p&typeid=i","cat":288899},{"id":203754,"n":"Sauce Pesto Barilla Basilic Pistache - 190g","p":2.84,"u":"14,95 €/KG","img":"https://fd9-photos.leclercdrive.fr/image.ashx?id=2486455&use=l&cat=p&typeid=i","cat":287599},{"id":203755,"n":"Coloration Cheveux  Marron clair doré N°76","p":4.34,"img":"https://fd9-photos.leclercdrive.fr/image.ashx?id=2486239&use=l&cat=p&typeid=i","cat":288899},{"id":203756,"n":"Pâtes Piccolini Barilla Mini Tortiglioni – 500g","p":1.18,"u":"2,36 €/KG","img":"https://fd9-photos.leclercdrive.fr/image.ashx?id=2593161&use=l&cat=p&typeid=i","cat":284427},{"id":203760,"n":"Coloration Cheveux Eugene  Color & Glow N°10 Noir","p":5.61,"img":"https://fd9-photos.leclercdrive.fr/image.ashx?id=2486281&use=l&cat=p&typeid=i","cat":288899},{"id":203762,"n":"Coloration Cheveux Eugene  Color & Glow 621 Marron glacé","p":5.56,"img":"https://fd9-photos.leclercdrive.fr/image.ashx?id=2486296&use=l&cat=p&typeid=i","cat":288899},{"id":203764,"n":"Coloration Cheveux Eugene  Color & Glow N°30 Châtin","p":5.66,"img":"https://fd9-photos.leclercdrive.fr/image.ashx?id=2486290&use=l&cat=p&typeid=i","cat":288899},{"id":203767,"n":"Coloration Cheveux Eugene  Color & Glow - N°43 Chocolat","p":6.59,"img":"https://fd9-photos.leclercdrive.fr/image.ashx?id=2486293&use=l&cat=p&typeid=i","cat":288899},{"id":203781,"n":"Tartines de pain Pasquier Brioché 15 tranches - 210g","p":2.33,"u":"11,10 €/KG","img":"https://fd9-photos.leclercdrive.fr/image.ashx?id=2939367&use=l&cat=p&typeid=i","cat":284479},{"id":203783,"n":"Grilletine Pasquier Céréales et graines - 255g","p":2.24,"u":"8,78 €/KG","img":"https://fd9-photos.leclercdrive.fr/image.ashx?id=2642393&use=l&cat=p&typeid=i","cat":284479},{"id":203787,"n":"Pack Culottes Menstruelles X3 1achetée 2 offertes dentelle XS","p":13.71,"u":"4,57 €/P","img":"https://fd9-photos.leclercdrive.fr/image.ashx?id=2795273&use=l&cat=p&typeid=i","cat":284624},{"id":203788,"n":"Pack Culottes Menstruelles x3 1 achetée 2 offertes dentelle S","p":13.71,"u":"4,57 €/P","img":"https://fd9-photos.leclercdrive.fr/image.ashx?id=2795276&use=l&cat=p&typeid=i","cat":284624},{"id":203789,"n":"Pack Culottes Menstruelles X3 1 achetée 2 offertes dentelle L","p":13.71,"u":"4,57 €/P","img":"https://fd9-photos.leclercdrive.fr/image.ashx?id=2795279&use=l&cat=p&typeid=i","cat":284624},{"id":203790,"n":"Pack Culottes Menstruelles X3 1achetée 2 offertes dentelle XL","p":13.71,"u":"4,57 €/P","img":"https://fd9-photos.leclercdrive.fr/image.ashx?id=2795282&use=l&cat=p&typeid=i","cat":284624},{"id":203803,"n":"Crème soin Nuit Diadermine Expert Fondamental 50ml","p":10.11,"u":"202,20 €/L","img":"https://fd9-photos.leclercdrive.fr/image.ashx?id=2519108&use=l&cat=p&typeid=i","cat":325345},{"id":203821,"n":"Boîte chien Pedigree  Cuisinés en sauce - 6x400g","p":8.42,"u":"3,51 €/KG","img":"https://fd9-photos.leclercdrive.fr/image.ashx?id=2849722&use=l&cat=p&typeid=i","cat":288578},{"id":203822,"n":"Boîte chien Pedigree Cuisinés en sauce - 4x400g","p":5.96,"u":"3,73 €/KG","img":"https://fd9-photos.leclercdrive.fr/image.ashx?id=2849719&use=l&cat=p&typeid=i","cat":288578},{"id":203823,"n":"Sachet fraicheur chat Whiskas Carte mixte en gelée - 48x85g","p":15.14,"u":"3,71 €/KG","img":"https://fd9-photos.leclercdrive.fr/image.ashx?id=2486916&use=l&cat=p&typeid=i","cat":285286},{"id":203824,"n":"Sachet fraicheur chat Whiskas Classiques en sauce - 24x85g","p":8.87,"u":"4,35 €/KG","img":"https://fd9-photos.leclercdrive.fr/image.ashx?id=2486913&use=l&cat=p&typeid=i","cat":285286},{"id":203826,"n":"Sachet fraicheur chat Whiskas Poissons en gelée - 12x85g","p":5.07,"u":"4,97 €/KG","img":"https://fd9-photos.leclercdrive.fr/image.ashx?id=2486910&use=l&cat=p&typeid=i","cat":285286},{"id":203828,"n":"Sachet repas chaton Whiskas Festins volaille gelée - 12x85g","p":5.16,"u":"5,06 €/KG","img":"https://fd9-photos.leclercdrive.fr/image.ashx?id=2487093&use=l&cat=p&typeid=i","cat":285286},{"id":203858,"n":"Anti-mites alimentaires/textile Stop insectes","p":3.99,"img":"https://fd9-photos.leclercdrive.fr/image.ashx?id=2487024&use=l&cat=p&typeid=i","cat":298368},{"id":203873,"n":"Culotte Feel Natural Menstruelles - x3 - Taille XL","p":10.34,"u":"3,45 €/P","img":"https://fd9-photos.leclercdrive.fr/image.ashx?id=2795240&use=l&cat=p&typeid=i","cat":291524},{"id":203912,"n":"Sérum apaisant Gillette  Peau et poils pubiens - 50ml","p":13.33,"u":"266,60 €/L","img":"https://fd9-photos.leclercdrive.fr/image.ashx?id=2490764&use=l&cat=p&typeid=i","cat":325352},{"id":203971,"n":"IGP Vin rouge Languedoc Les Schistes - 75cl","p":6.97,"u":"9,29 €/L","img":"https://fd9-photos.leclercdrive.fr/image.ashx?id=2904886&use=l&cat=p&typeid=i","cat":289556},{"id":203992,"n":"Sauce Pesto Rummo Rosso 190g","p":2.81,"u":"14,79 €/KG","img":"https://fd9-photos.leclercdrive.fr/image.ashx?id=2538079&use=l&cat=p&typeid=i","cat":299047},{"id":204056,"n":"Céréales Spécial K Kellogg's Fruits rouges - 450g","p":3.96,"u":"8,80 €/KG","img":"https://fd9-photos.leclercdrive.fr/image.ashx?id=2775029&use=l&cat=p&typeid=i","cat":309512},{"id":204057,"n":"Céréales Spécial K Kellogg's Chocolat noir - 500g","p":3.75,"u":"7,50 €/KG","img":"https://fd9-photos.leclercdrive.fr/image.ashx?id=2692710&use=l&cat=p&typeid=i","cat":309512},{"id":204058,"n":"Céréales Special K Kellogg's Chocolat au Lait - 500g","p":3.91,"u":"7,82 €/KG","img":"https://fd9-photos.leclercdrive.fr/image.ashx?id=2692713&use=l&cat=p&typeid=i","cat":309512},{"id":204061,"n":"Mais Bio Village Bio - 285g","p":1.09,"u":"3,82 €/KG","img":"https://fd9-photos.leclercdrive.fr/image.ashx?id=3002719&use=l&cat=p&typeid=i","cat":312611},{"id":204067,"n":"Whisky Johnnie Walker Vol. 40% - 70cl","p":24.09,"u":"34,41 €/L","img":"https://fd9-photos.leclercdrive.fr/image.ashx?id=2488626&use=l&cat=p&typeid=i","cat":284547},{"id":204070,"n":"Pur jus de pommes NRT De Bretagne - 6x20cl","p":2.5,"u":"2,08 €/L","img":"https://fd9-photos.leclercdrive.fr/image.ashx?id=2590517&use=l&cat=p&typeid=i","cat":284522},{"id":204131,"n":"Nettoyant four Decapfour  Express - 500ml","p":3.75,"u":"7,50 €/L","img":"https://fd9-photos.leclercdrive.fr/image.ashx?id=2489719&use=l&cat=p&typeid=i","cat":325363},{"id":204157,"n":"Pâte feuilletée Herta Trésor de Grand-Mère  280g","p":1.71,"u":"6,11 €/KG","img":"https://fd9-photos.leclercdrive.fr/image.ashx?id=2833303&use=l&cat=p&typeid=i","cat":333681},{"id":204158,"n":"Pâte brisée Herta Trésor de Grand-Mère - 280g","p":1.72,"u":"6,14 €/KG","img":"https://fd9-photos.leclercdrive.fr/image.ashx?id=2833306&use=l&cat=p&typeid=i","cat":333681},{"id":204159,"n":"Pâte à tarte sablée Herta Trésor de Grand-Mère - 280g","p":1.96,"u":"7,00 €/KG","img":"https://fd9-photos.leclercdrive.fr/image.ashx?id=2814536&use=l&cat=p&typeid=i","cat":333681},{"id":204162,"n":"Boîte chien Pedigree Terrine - 6x400g","p":8.39,"img":"https://fd9-photos.leclercdrive.fr/image.ashx?id=2849725&use=l&cat=p&typeid=i","cat":288578},{"id":204169,"n":"Sachet fraicheur chat Whiskas Festins volaille gelée - 12x85g","p":5.16,"u":"5,06 €/KG","img":"https://fd9-photos.leclercdrive.fr/image.ashx?id=2490329&use=l&cat=p&typeid=i","cat":285286},{"id":204179,"n":"Sachet fraicheur chat Whiskas Tasty Mix en sauce - 40x85g","p":14.98,"u":"4,41 €/KG","img":"https://fd9-photos.leclercdrive.fr/image.ashx?id=2589488&use=l&cat=p&typeid=i","cat":285286},{"id":204181,"n":"Dentifrice Aquafresh Triple Protection - Blancheur- 2x125ml","p":3.18,"u":"12,72 €/L","img":"https://fd9-photos.leclercdrive.fr/image.ashx?id=2895199&use=l&cat=p&typeid=i","cat":284612},{"id":204221,"n":"Mon jambon supérieur Madrange Au torchon - 4 tranches - 160g","p":2.4,"u":"15,00 €/KG","img":"https://fd9-photos.leclercdrive.fr/image.ashx?id=3008203&use=l&cat=p&typeid=i","cat":316009},{"id":204241,"n":"Cire chaude Jolly Sugar body wax - 250ml","p":6.98,"u":"27,92 €/L","img":"https://fd9-photos.leclercdrive.fr/image.ashx?id=2509862&use=l&cat=p&typeid=i","cat":null},{"id":204265,"n":"Rasoirs Jetables Venus Gillette Simply 3 - 5x6","p":28.97,"u":"0,97 €/P","img":"https://fd9-photos.leclercdrive.fr/image.ashx?id=2546875&use=l&cat=p&typeid=i","cat":null},{"id":204267,"n":"Rasoirs Jetables Gillette Blue  3 - Smooth - 5x6","p":28.97,"u":"0,97 €/P","img":"https://fd9-photos.leclercdrive.fr/image.ashx?id=2525965&use=l&cat=p&typeid=i","cat":284616},{"id":204275,"n":"Soin Hydratant So Bio Etic Grenade bio - 50ml","p":11.65,"u":"233,00 €/L","img":"https://fd9-photos.leclercdrive.fr/image.ashx?id=2787110&use=l&cat=p&typeid=i","cat":325345},{"id":204304,"n":"Shampoing Illuminant Ultra Doux Camomille - 300ml","p":3.53,"u":"11,77 €/L","img":"https://fd9-photos.leclercdrive.fr/image.ashx?id=2926596&use=l&cat=p&typeid=i","cat":284606},{"id":204305,"n":"Shampoing nutrition Ultra Doux Argan et camélia - 300ml","p":2.7,"u":"9,00 €/L","img":"https://fd9-photos.leclercdrive.fr/image.ashx?id=2492797&use=l&cat=p&typeid=i","cat":284606},{"id":204306,"n":"Shampoing nutrition Ultra Doux Cheveu Bouclé à Frisé - 300ml","p":3.48,"u":"11,60 €/L","img":"https://fd9-photos.leclercdrive.fr/image.ashx?id=2926599&use=l&cat=p&typeid=i","cat":284606},{"id":204308,"n":"Shampoing Enfants Ultra Doux Abricot - 300ml","p":2.7,"u":"9,00 €/L","img":"https://fd9-photos.leclercdrive.fr/image.ashx?id=2851093&use=l&cat=p&typeid=i","cat":284606},{"id":204313,"n":"Après-shampooing karité Garnier Cheveu bouclé à Frisé - 250ml","p":2.73,"u":"10,92 €/L","img":"https://fd9-photos.leclercdrive.fr/image.ashx?id=2986651&use=l&cat=p&typeid=i","cat":284607},{"id":204314,"n":"Après-shampoing Ultra doux Cheveux fragiles - 250ml","p":2.73,"u":"10,92 €/L","img":"https://fd9-photos.leclercdrive.fr/image.ashx?id=2646569&use=l&cat=p&typeid=i","cat":284607},{"id":204328,"n":"Soupe instantanée Royco  Mouliné 12 Légumes - 4x200ml","p":1.48,"u":"1,85 €/L","img":"https://fd9-photos.leclercdrive.fr/image.ashx?id=2650994&use=l&cat=p&typeid=i","cat":293527},{"id":204330,"n":"Soupe liquide brique Liebig  Poule Vermicelles - 1L","p":2.49,"u":"2,49 €/L","img":"https://fd9-photos.leclercdrive.fr/image.ashx?id=2493136&use=l&cat=p&typeid=i","cat":284462},{"id":204378,"n":"Brossettes Oral-B 3D White - Lot 4+2","p":30.8,"img":"https://fd9-photos.leclercdrive.fr/image.ashx?id=2497635&use=l&cat=p&typeid=i","cat":297133},{"id":204386,"n":"Mini pizzas Piccolinis Buitoni Bolognaise x9 - 270g","p":2.53,"u":"9,37 €/KG","img":"https://fd9-photos.leclercdrive.fr/image.ashx?id=2493655&use=l&cat=p&typeid=i","cat":319774},{"id":204475,"n":"Pâtes Blé complet Barilla Tortiglioni Integrale - 500g","p":1.72,"u":"3,44 €/KG","img":"https://fd9-photos.leclercdrive.fr/image.ashx?id=2901151&use=l&cat=p&typeid=i","cat":284427},{"id":204476,"n":"Pâtes Blé complet Barilla Linguine Integrale - 500g","p":1.36,"u":"2,72 €/KG","img":"https://fd9-photos.leclercdrive.fr/image.ashx?id=2968535&use=l&cat=p&typeid=i","cat":284427},{"id":204488,"n":"Dentifrice Aquafresh Triple Protection Blancheur - 125ml","p":1.96,"u":"15,68 €/L","img":"https://fd9-photos.leclercdrive.fr/image.ashx?id=2546755&use=l&cat=p&typeid=i","cat":284612},{"id":204492,"n":"Lait corps Energie Fruit Monoï & Macadamia - 200ml","p":6.04,"u":"30,20 €/L","img":"https://fd9-photos.leclercdrive.fr/image.ashx?id=2494027&use=l&cat=p&typeid=i","cat":null},{"id":204666,"n":"Blanc de Poulet Fleury Michon Halal Sans nitrite - 180g","p":2.87,"u":"15,94 €/KG","img":"https://fd9-photos.leclercdrive.fr/image.ashx?id=2886846&use=l&cat=p&typeid=i","cat":316013},{"id":204717,"n":"Soda Schweppes Saveur Agrumes Zero - 1,5L","p":1.74,"u":"1,16 €/L","img":"https://fd9-photos.leclercdrive.fr/image.ashx?id=2852444&use=l&cat=p&typeid=i","cat":284532},{"id":204718,"n":"Soda Schweppes Saveur Agrumes - 1,5L","p":1.67,"u":"1,11 €/L","img":"https://fd9-photos.leclercdrive.fr/image.ashx?id=2852447&use=l&cat=p&typeid=i","cat":284532},{"id":204719,"n":"Soda Schweppes Indian Tonic - 1,5L","p":1.82,"u":"1,21 €/L","img":"https://fd9-photos.leclercdrive.fr/image.ashx?id=2852456&use=l&cat=p&typeid=i","cat":284531},{"id":204731,"n":"Sachet fraîcheur chat Whiskas  Sélection en sauce - 12x85g","p":5.36,"u":"5,25 €/KG","img":"https://fd9-photos.leclercdrive.fr/image.ashx?id=2495764&use=l&cat=p&typeid=i","cat":285286},{"id":204747,"n":"Dentifrice Aquafresh Menthe fraîche - 125ml","p":1.96,"u":"15,68 €/L","img":"https://fd9-photos.leclercdrive.fr/image.ashx?id=2546752&use=l&cat=p&typeid=i","cat":284612},{"id":204748,"n":"Boisson énergisante Red Bull Goût Abricot-Fraise, 250ml","p":1.46,"u":"5,84 €/L","img":"https://fd9-photos.leclercdrive.fr/image.ashx?id=3011995&use=l&cat=p&typeid=i","cat":284533},{"id":204788,"n":"Gnocchi à poêler Lustucru 325g","p":1.65,"u":"5,08 €/KG","img":"https://fd9-photos.leclercdrive.fr/image.ashx?id=2975218&use=l&cat=p&typeid=i","cat":333682},{"id":204789,"n":"Gnocchi à poêler Lustucru 520g","p":2.41,"u":"4,63 €/KG","img":"https://fd9-photos.leclercdrive.fr/image.ashx?id=2792423&use=l&cat=p&typeid=i","cat":333682},{"id":204791,"n":"Gnocchi à poêler Lustucru  Format XXL - 720g","p":2.94,"u":"4,08 €/KG","img":"https://fd9-photos.leclercdrive.fr/image.ashx?id=2788556&use=l&cat=p&typeid=i","cat":333682},{"id":204792,"n":"Girasoli Lustucru Tomate Basilic Mozzarella 250g","p":2.5,"u":"10,00 €/KG","img":"https://fd9-photos.leclercdrive.fr/image.ashx?id=2974363&use=l&cat=p&typeid=i","cat":333682},{"id":204796,"n":"Tortellini Lustucru Jambon cru - 250g","p":2.37,"u":"9,48 €/KG","img":"https://fd9-photos.leclercdrive.fr/image.ashx?id=2974360&use=l&cat=p&typeid=i","cat":333682},{"id":204803,"n":"Oignon blanc 1 pièce","p":0.55,"img":"https://fd9-photos.leclercdrive.fr/image.ashx?id=1632473&use=l&cat=p&typeid=i","cat":284352},{"id":204850,"n":"Oignon doux des Cévennes AOP Nos régions ont du Talent - x3","p":2.99,"u":"1,00 €/P","img":"https://fd9-photos.leclercdrive.fr/image.ashx?id=2058274&use=l&cat=p&typeid=i","cat":284352},{"id":204951,"n":"Thon Sauce Mayonnaise Petit Navire - 140g","p":1.64,"u":"11,71 €/KG","img":"https://fd9-photos.leclercdrive.fr/image.ashx?id=2528292&use=l&cat=p&typeid=i","cat":303867},{"id":204954,"n":"Haché Extra Moelleux Charal Façon Bouchère 8x110g - 880g","p":11.17,"u":"12,69 €/KG","img":"https://fd9-photos.leclercdrive.fr/image.ashx?id=2731732&use=l&cat=p&typeid=i","cat":319778},{"id":205041,"n":"Poire Williams Rouge 1p","p":0.6,"img":"https://fd9-photos.leclercdrive.fr/image.ashx?id=2496617&use=l&cat=p&typeid=i","cat":284356},{"id":205182,"n":"Soupe liquide brique Liebig  Poule Vermicelles - 2x30cl","p":3.07,"u":"5,12 €/KG","img":"https://fd9-photos.leclercdrive.fr/image.ashx?id=2693488&use=l&cat=p&typeid=i","cat":284462},{"id":205232,"n":"Serviettes Always Ultra Normal Plus - T1 - x14","p":2.44,"u":"0,17 €/P","img":"https://fd9-photos.leclercdrive.fr/image.ashx?id=2851321&use=l&cat=p&typeid=i","cat":284624},{"id":205237,"n":"Sérum anti-âge L'Oréal Paris Revitalift Vitamine C - 30ml","p":14.65,"u":"488,33 €/L","img":"https://fd9-photos.leclercdrive.fr/image.ashx?id=3003351&use=l&cat=p&typeid=i","cat":325345},{"id":205238,"n":"Savon Eco+ Amande douce - 150g","p":0.61,"u":"4,07 €/KG","img":"https://fd9-photos.leclercdrive.fr/image.ashx?id=2499058&use=l&cat=p&typeid=i","cat":284597},{"id":205239,"n":"Nettoyant four Decapfour Confort - 500ml","p":3.96,"u":"7,92 €/L","img":"https://fd9-photos.leclercdrive.fr/image.ashx?id=2499669&use=l&cat=p&typeid=i","cat":325363},{"id":205302,"n":"Gel lavant Sanytol Nourrisant Bio - 250ml","p":2.81,"u":"11,24 €/L","img":"https://fd9-photos.leclercdrive.fr/image.ashx?id=2904658&use=l&cat=p&typeid=i","cat":284597},{"id":205303,"n":"Gel lavant Sanytol Désinfectant cuisine - 250ml","p":2.55,"u":"10,20 €/L","img":"https://fd9-photos.leclercdrive.fr/image.ashx?id=2904661&use=l&cat=p&typeid=i","cat":284597},{"id":205304,"n":"Bandes de cire froide Expert Veet Corps Peaux sensibles x40","p":9.61,"u":"0,24 €/P","img":"https://fd9-photos.leclercdrive.fr/image.ashx?id=2964959&use=l&cat=p&typeid=i","cat":325351},{"id":205305,"n":"Bandes de cire froide Expert Veet Visage Peaux sensibles x20","p":5.42,"u":"0,27 €/P","img":"https://fd9-photos.leclercdrive.fr/image.ashx?id=2915440&use=l&cat=p&typeid=i","cat":325351},{"id":205311,"n":"Masque Remède Garnier Cheveux normaux à gras - 340ml","p":5.14,"u":"15,12 €/L","img":"https://fd9-photos.leclercdrive.fr/image.ashx?id=2500171&use=l&cat=p&typeid=i","cat":284608},{"id":205315,"n":"Coloration Permanente Olia 8.0 Blond miel sans ammoniaque","p":10.83,"u":"10,83 €/TRC","img":"https://fd9-photos.leclercdrive.fr/image.ashx?id=2521173&use=l&cat=p&typeid=i","cat":288899},{"id":205317,"n":"Après-Shampooing Garnier Cheveux normaux à gras - 200ml","p":2.61,"u":"13,05 €/L","img":"https://fd9-photos.leclercdrive.fr/image.ashx?id=2500174&use=l&cat=p&typeid=i","cat":284607},{"id":205318,"n":"Shampoing charbon Ultra Doux Equilibrant - 250ml","p":2.38,"u":"9,52 €/L","img":"https://fd9-photos.leclercdrive.fr/image.ashx?id=2500177&use=l&cat=p&typeid=i","cat":284606},{"id":205320,"n":"Masque Assouplissant Garnier Cheveu sec à très sec - 340ml","p":5.14,"u":"15,12 €/L","img":"https://fd9-photos.leclercdrive.fr/image.ashx?id=2500162&use=l&cat=p&typeid=i","cat":284608},{"id":205321,"n":"Masque Merveilleux Garnier Cheveux Secs, Ternes - 340ml","p":5.16,"u":"15,18 €/L","img":"https://fd9-photos.leclercdrive.fr/image.ashx?id=2500165&use=l&cat=p&typeid=i","cat":284608},{"id":205351,"n":"Pâte à tartiner Nocciolata  Bio - 650g","p":7.8,"u":"12,00 €/KG","img":"https://fd9-photos.leclercdrive.fr/image.ashx?id=2868194&use=l&cat=p&typeid=i","cat":284481},{"id":205439,"n":"Sirop sans sucre Teisseire  Fraise - 60cl","p":3.08,"u":"5,13 €/L","img":"https://fd9-photos.leclercdrive.fr/image.ashx?id=2500455&use=l&cat=p&typeid=i","cat":295020},{"id":205510,"n":"Huile L'Origine du Goût À la truffe - 25Cl","p":5.99,"u":"23,96 €/L","img":"https://fd9-photos.leclercdrive.fr/image.ashx?id=2865098&use=l&cat=p&typeid=i","cat":284453},{"id":205520,"n":"Crème glacée La Laitière Rhum Raisins - 490g","p":3.24,"pp":2.27,"u":"4,63 €/KG","img":"https://fd9-photos.leclercdrive.fr/image.ashx?id=2877877&use=l&cat=p&typeid=i","cat":284263},{"id":205525,"n":"Démêlant Intense Elsève Pro Bond Repair - 150ml","p":5.93,"u":"39,53 €/L","img":"https://fd9-photos.leclercdrive.fr/image.ashx?id=3008782&use=l&cat=p&typeid=i","cat":284607},{"id":205571,"n":"Ouzo Ammos 37,5% - 70cl","p":11.83,"u":"16,90 €/L","img":"https://fd9-photos.leclercdrive.fr/image.ashx?id=2501769&use=l&cat=p&typeid=i","cat":286032},{"id":205594,"n":"IGP Pruneaux d'Agen dénoyautés Nos Régions ont du Talent 375g","p":3.11,"u":"8,29 €/KG","img":"https://fd9-photos.leclercdrive.fr/image.ashx?id=2583837&use=l&cat=p&typeid=i","cat":284357},{"id":205657,"n":"P'tit diner Yooji Bio Carotte patate douce 300g","p":3.34,"u":"11,13 €/KG","img":"https://fd9-photos.leclercdrive.fr/image.ashx?id=2792870&use=l&cat=p&typeid=i","cat":290631},{"id":205658,"n":"Repas P'tit diner Yooji Bio Potiron mais millet 300g","p":3.23,"u":"10,77 €/KG","img":"https://fd9-photos.leclercdrive.fr/image.ashx?id=2832254&use=l&cat=p&typeid=i","cat":290631},{"id":205659,"n":"Ptit diner Petit pois  Epinards et orge bio - 300g","p":3.34,"u":"11,13 €/KG","img":"https://fd9-photos.leclercdrive.fr/image.ashx?id=2832257&use=l&cat=p&typeid=i","cat":290631},{"id":205922,"n":"Sauce Panzani Carbonara - 370g","p":2.82,"u":"7,62 €/KG","img":"https://fd9-photos.leclercdrive.fr/image.ashx?id=2918568&use=l&cat=p&typeid=i","cat":287599},{"id":206033,"n":"Biscuits Mots Doux P'tit Déli Chocolat noisettes - 180g","p":1.89,"u":"10,50 €/KG","img":"https://fd9-photos.leclercdrive.fr/image.ashx?id=2771136&use=l&cat=p&typeid=i","cat":284488},{"id":206036,"n":"Boules de graisse pour oiseaux Saint Bernard - x10 - 88g","p":4.08,"u":"46,36 €/KG","img":"https://fd9-photos.leclercdrive.fr/image.ashx?id=2785937&use=l&cat=p&typeid=i","cat":284678},{"id":206050,"n":"Thé glacé Fuze Tea Framboise Menthe  Sans sucres - 1.25L","p":1.62,"u":"1,30 €/L","img":"https://fd9-photos.leclercdrive.fr/image.ashx?id=2997217&use=l&cat=p&typeid=i","cat":295019},{"id":206120,"n":"Crème dépilatoire Expert Veet Corps Peaux sensibles 200ml","p":5.26,"u":"26,30 €/L","img":"https://fd9-photos.leclercdrive.fr/image.ashx?id=2970804&use=l&cat=p&typeid=i","cat":325351},{"id":206123,"n":"Liquide vaisselle Paic Bi Activ Vinaigre et Sel minéral - 750ml","p":2.87,"u":"3,83 €/L","img":"https://fd9-photos.leclercdrive.fr/image.ashx?id=2508843&use=l&cat=p&typeid=i","cat":284655},{"id":206125,"n":"Riz parfumé  1kg","p":2.29,"u":"2,29 €/KG","img":"https://fd9-photos.leclercdrive.fr/image.ashx?id=2515521&use=l&cat=p&typeid=i","cat":284428},{"id":206135,"n":"Infusion La Tisanière Fleur de camomille - x20  - 30g","p":2.87,"u":"95,67 €/KG","img":"https://fd9-photos.leclercdrive.fr/image.ashx?id=2880700&use=l&cat=p&typeid=i","cat":293234},{"id":206136,"n":"Cookies La Biscuiterie Delacre Pépites de chocolat - 136g","p":2.69,"u":"19,78 €/KG","img":"https://fd9-photos.leclercdrive.fr/image.ashx?id=2674086&use=l&cat=p&typeid=i","cat":325066},{"id":206137,"n":"Cookies La Biscuiterie Delacre Chocolat noir lait blanc -136g","p":2.25,"u":"16,54 €/KG","img":"https://fd9-photos.leclercdrive.fr/image.ashx?id=2673151&use=l&cat=p&typeid=i","cat":325066},{"id":206142,"n":"Sirop Teisseire  Fraise - 60cl","p":3.3,"u":"5,50 €/L","img":"https://fd9-photos.leclercdrive.fr/image.ashx?id=2771750&use=l&cat=p&typeid=i","cat":295020},{"id":206143,"n":"Sirop Teisseire  Pêche - 60cl","p":3.3,"u":"5,50 €/L","img":"https://fd9-photos.leclercdrive.fr/image.ashx?id=2508597&use=l&cat=p&typeid=i","cat":295020},{"id":206144,"n":"Boisson concentrée Teisseire A diluer grenadine Zéro - 60cl","p":2.45,"u":"4,08 €/L","img":"https://fd9-photos.leclercdrive.fr/image.ashx?id=2508600&use=l&cat=p&typeid=i","cat":295020},{"id":206147,"n":"Boisson concentrée Teisseire Menthe verte sans sucres - 60cl","p":2.62,"u":"4,37 €/L","img":"https://fd9-photos.leclercdrive.fr/image.ashx?id=2508603&use=l&cat=p&typeid=i","cat":295020},{"id":206149,"n":"Boisson concentrée Teisseire Citron sans sucres - 60cl","p":2.62,"u":"4,37 €/L","img":"https://fd9-photos.leclercdrive.fr/image.ashx?id=2508606&use=l&cat=p&typeid=i","cat":295020},{"id":206154,"n":"Saucisson Herta  Fuet - 180g","p":3.03,"u":"16,83 €/KG","img":"https://fd9-photos.leclercdrive.fr/image.ashx?id=2767648&use=l&cat=p&typeid=i","cat":316006},{"id":206158,"n":"Steaks végétaux et gourmands Happyvore x2 - 200g","p":3.21,"u":"16,05 €/KG","img":"https://fd9-photos.leclercdrive.fr/image.ashx?id=2736148&use=l&cat=p&typeid=i","cat":316036},{"id":206163,"n":"Sirop Teisseire  Menthe verte - 60cl","p":2.25,"u":"3,75 €/L","img":"https://fd9-photos.leclercdrive.fr/image.ashx?id=2772726&use=l&cat=p&typeid=i","cat":295020},{"id":206168,"n":"Boisson concentrée Teisseire Menthe verte sans sucres - 1.3L","p":4.86,"u":"3,74 €/L","img":"https://fd9-photos.leclercdrive.fr/image.ashx?id=2509319&use=l&cat=p&typeid=i","cat":295020},{"id":206169,"n":"Sirop Tesseire Citron - 60cl","p":2.25,"u":"3,75 €/L","img":"https://fd9-photos.leclercdrive.fr/image.ashx?id=2771747&use=l&cat=p&typeid=i","cat":295020},{"id":206170,"n":"Sirop Teisseire Framboise - 60cl","p":3.13,"u":"5,22 €/L","img":"https://fd9-photos.leclercdrive.fr/image.ashx?id=2509331&use=l&cat=p&typeid=i","cat":295020},{"id":206172,"n":"Biscuits Kinder Tronky fourrés Cacao et au lait  - 90g","p":1.81,"u":"20,11 €/KG","img":"https://fd9-photos.leclercdrive.fr/image.ashx?id=2916462&use=l&cat=p&typeid=i","cat":284488},{"id":206192,"n":"Soda Schweppes Saveur Agrumes - 4x1,5L","p":6.92,"u":"1,15 €/L","img":"https://fd9-photos.leclercdrive.fr/image.ashx?id=2852453&use=l&cat=p&typeid=i","cat":284532},{"id":206211,"n":"Olives vertes dénoyautées  À la Provençale - 200g","p":2.98,"u":"14,90 €/KG","img":"https://fd9-photos.leclercdrive.fr/image.ashx?id=2647796&use=l&cat=p&typeid=i","cat":316002},{"id":206445,"n":"Sirop Tropical  Teisseire Zéro sucres - 60cl","p":3.11,"u":"5,18 €/L","img":"https://fd9-photos.leclercdrive.fr/image.ashx?id=2510792&use=l&cat=p&typeid=i","cat":295020},{"id":206446,"n":"Bière d'Abbaye Grimbergen 6,5° - 20x25cl","p":14.71,"u":"2,94 €/L","img":"https://fd9-photos.leclercdrive.fr/image.ashx?id=2510771&use=l&cat=p&typeid=i","cat":334852},{"id":206448,"n":"Rhum blanc  La Martiniquaise 40° 20cl","p":3.29,"u":"16,45 €/L","img":"https://fd9-photos.leclercdrive.fr/image.ashx?id=2962242&use=l&cat=p&typeid=i","cat":284550},{"id":206538,"n":"Cookies La Biscuiterie Delacre Chocolat noir et lait - 136g","p":2.22,"u":"16,32 €/KG","img":"https://fd9-photos.leclercdrive.fr/image.ashx?id=2661667&use=l&cat=p&typeid=i","cat":325066},{"id":206553,"n":"Serviettes hygiéniques Always Ultra Jour&Nuit Taille 3 - x22","p":4.66,"u":"0,21 €/P","img":"https://fd9-photos.leclercdrive.fr/image.ashx?id=2849433&use=l&cat=p&typeid=i","cat":284624},{"id":206577,"n":"Crème fluide UHT Président Secret de Crème - 3x20cl","p":3.67,"u":"6,12 €/L","img":"https://fd9-photos.leclercdrive.fr/image.ashx?id=2678999&use=l&cat=p&typeid=i","cat":284381},{"id":206613,"n":"Thé glacé Oasis Ice Tea Saveur Framboise Cassis - 1,5L","p":1.83,"u":"1,22 €/L","img":"https://fd9-photos.leclercdrive.fr/image.ashx?id=2681730&use=l&cat=p&typeid=i","cat":295019},{"id":206614,"n":"Thé glacé Oasis Ice Tea Saveur Pêche - 6x33cl","p":3.62,"u":"1,83 €/L","img":"https://fd9-photos.leclercdrive.fr/image.ashx?id=2873865&use=l&cat=p&typeid=i","cat":295019},{"id":206617,"n":"Lessive liquide Arbre Vert Recharge x34 - 1.53L","p":5.96,"u":"3,90 €/L","img":"https://fd9-photos.leclercdrive.fr/image.ashx?id=2680209&use=l&cat=p&typeid=i","cat":284640},{"id":206678,"n":"AOC Côtes de Provence rosé Secret des Anges - 150cl","p":14.93,"u":"9,95 €/L","img":"https://fd9-photos.leclercdrive.fr/image.ashx?id=2673821&use=l&cat=p&typeid=i","cat":289558},{"id":206721,"n":"Sundae Ben & Jerry's Dulce de-delish - 342g","p":4.81,"u":"13,74 €/KG","img":"https://fd9-photos.leclercdrive.fr/image.ashx?id=2805654&use=l&cat=p&typeid=i","cat":284725},{"id":206724,"n":"Bâtonnet Magnum Double Starchaser x4 - 288g","p":3.44,"u":"11,94 €/KG","img":"https://fd9-photos.leclercdrive.fr/image.ashx?id=2805651&use=l&cat=p&typeid=i","cat":284265},{"id":206725,"n":"Bâtonnet Magnum Double Sunlover x4 - 300g","p":3.43,"u":"11,43 €/KG","img":"https://fd9-photos.leclercdrive.fr/image.ashx?id=2886397&use=l&cat=p&typeid=i","cat":284265},{"id":206726,"n":"Glace Bâtonnet MAGNUM Double Caramel 4x85ml","p":2.93,"u":"10,32 €/KG","img":"https://fd9-photos.leclercdrive.fr/image.ashx?id=2770626&use=l&cat=p&typeid=i","cat":284265},{"id":206727,"n":"Bâtonnet Magnum Double Chocolat x4 - 284g","p":2.93,"u":"10,32 €/KG","img":"https://fd9-photos.leclercdrive.fr/image.ashx?id=3009284&use=l&cat=p&typeid=i","cat":284265},{"id":206731,"n":"Macarons fruités Ajinamoto Assortiment x12 - 145g","p":3.85,"u":"26,55 €/KG","img":"https://fd9-photos.leclercdrive.fr/image.ashx?id=2516689&use=l&cat=p&typeid=i","cat":284360},{"id":206893,"n":"Tranches de chèvre Soignon  150g","p":3.2,"u":"21,33 €/KG","img":"https://fd9-photos.leclercdrive.fr/image.ashx?id=2762229&use=l&cat=p&typeid=i","cat":314028},{"id":206922,"n":"Soupe liquide brique Liebig  Façon napolitaine - 2x30cl","p":2.86,"u":"4,77 €/L","img":"https://fd9-photos.leclercdrive.fr/image.ashx?id=2517887&use=l&cat=p&typeid=i","cat":284462},{"id":206924,"n":"White Spirit Mieuxa 1L","p":4.58,"u":"4,58 €/L","img":"https://fd9-photos.leclercdrive.fr/image.ashx?id=2563553&use=l&cat=p&typeid=i","cat":300576},{"id":206935,"n":"Thon entier Eco+ 140g","p":1.33,"u":"9,50 €/KG","img":"https://fd9-photos.leclercdrive.fr/image.ashx?id=2744440&use=l&cat=p&typeid=i","cat":303867},{"id":206950,"n":"Gaufrettes P'tit Déli Fourrés - 128g","p":1.59,"u":"12,42 €/KG","img":"https://fd9-photos.leclercdrive.fr/image.ashx?id=2842522&use=l&cat=p&typeid=i","cat":284488},{"id":206963,"n":"Morceaux et coeurs de palmier  250g","p":1.99,"u":"7,96 €/KG","img":"https://fd9-photos.leclercdrive.fr/image.ashx?id=2670365&use=l&cat=p&typeid=i","cat":312611},{"id":206981,"n":"Rôti de poulet Fleury Michon 100% filet CSN x4 - 150g","p":2.6,"u":"17,33 €/KG","img":"https://fd9-photos.leclercdrive.fr/image.ashx?id=2892670&use=l&cat=p&typeid=i","cat":316010},{"id":206987,"n":"Haché jambon fromage  Fleury Michon x2 - 180g","p":2.08,"u":"11,56 €/KG","img":"https://fd9-photos.leclercdrive.fr/image.ashx?id=2522164&use=l&cat=p&typeid=i","cat":316009},{"id":206992,"n":"Emincés pouletFleury Michon -25% sel sans nitrite -150g","p":2.65,"u":"17,67 €/KG","img":"https://fd9-photos.leclercdrive.fr/image.ashx?id=2661316&use=l&cat=p&typeid=i","cat":316011},{"id":206994,"n":"Allumettes de poulet  Fleury Michon x2 - 150g","p":1.78,"u":"11,87 €/KG","img":"https://fd9-photos.leclercdrive.fr/image.ashx?id=2659647&use=l&cat=p&typeid=i","cat":316011},{"id":206995,"n":"Cocktail prêt à boire Tails Rhum Daiquiri 14,9° - 50cl","p":13.57,"u":"27,14 €/L","img":"https://fd9-photos.leclercdrive.fr/image.ashx?id=2859860&use=l&cat=p&typeid=i","cat":284551},{"id":206996,"n":"Cocktail prêt à boire Tails Cosmo framboise 14,9° - 50cl","p":12.87,"u":"25,74 €/L","img":"https://fd9-photos.leclercdrive.fr/image.ashx?id=2858279&use=l&cat=p&typeid=i","cat":284551},{"id":206997,"n":"Couscous à la marocaine légumes Fleury Michon - 450g","p":3.86,"u":"8,58 €/KG","img":"https://fd9-photos.leclercdrive.fr/image.ashx?id=2656724&use=l&cat=p&typeid=i","cat":333665},{"id":207010,"n":"Aiguillettes de poulet rôti Fleury Michon - CSN - 150g","p":2.43,"u":"16,20 €/KG","img":"https://fd9-photos.leclercdrive.fr/image.ashx?id=2642555&use=l&cat=p&typeid=i","cat":316011},{"id":207017,"n":"Monster Top Speed Zero 50CL","p":1.56,"u":"3,12 €/L","img":"https://fd9-photos.leclercdrive.fr/image.ashx?id=2861174&use=l&cat=p&typeid=i","cat":284533},{"id":207042,"n":"Sirop Teisseire Grenadine Bidon mega - 1.3L","p":5.24,"u":"4,03 €/L","img":"https://fd9-photos.leclercdrive.fr/image.ashx?id=2519480&use=l&cat=p&typeid=i","cat":295020},{"id":207043,"n":"Lessive Liquide L'Arbre Vert Savon végétal 45 lavages 2,025L","p":6.98,"u":"3,45 €/L","img":"https://fd9-photos.leclercdrive.fr/image.ashx?id=3008542&use=l&cat=p&typeid=i","cat":284640},{"id":207044,"n":"Recharge Lessive l'Arbre Vert Amande Douce 34 lavages 1,53L","p":5.86,"u":"3,83 €/L","img":"https://fd9-photos.leclercdrive.fr/image.ashx?id=2684503&use=l&cat=p&typeid=i","cat":284640},{"id":207045,"n":"Goûter frais Nesquik snack Chocolat au lait - 4x104g","p":1.42,"u":"13,65 €/KG","img":"https://fd9-photos.leclercdrive.fr/image.ashx?id=2661507&use=l&cat=p&typeid=i","cat":284420},{"id":207069,"n":"Glace Extrême Mini Fraise Vanille - x8 - 312g","p":4.41,"u":"14,13 €/KG","img":"https://fd9-photos.leclercdrive.fr/image.ashx?id=2732941&use=l&cat=p&typeid=i","cat":284264},{"id":207073,"n":"Tablette lave vaiselle L'Arbre Vert Tout-en-1 - x32","p":5.18,"u":"8,87 €/KG","img":"https://fd9-photos.leclercdrive.fr/image.ashx?id=2672332&use=l&cat=p&typeid=i","cat":284656},{"id":207074,"n":"Vaisselle mains L'Arbre Vert Peaux sensibles - 500ml","p":1.74,"u":"3,48 €/L","img":"https://fd9-photos.leclercdrive.fr/image.ashx?id=2845428&use=l&cat=p&typeid=i","cat":284655},{"id":207075,"n":"Vaisselle Main L'Arbre Vert Amande - 500ml","p":1.67,"u":"3,34 €/L","img":"https://fd9-photos.leclercdrive.fr/image.ashx?id=2845431&use=l&cat=p&typeid=i","cat":284655},{"id":207076,"n":"Recharge Vaisselle mains L'Arbre Vert - Amande - 1L","p":2.79,"u":"2,79 €/L","img":"https://fd9-photos.leclercdrive.fr/image.ashx?id=2849926&use=l&cat=p&typeid=i","cat":284655},{"id":207078,"n":"Nectar orange  Cidou Bio - 1L","p":2.07,"u":"2,07 €/L","img":"https://fd9-photos.leclercdrive.fr/image.ashx?id=2520237&use=l&cat=p&typeid=i","cat":284521},{"id":207101,"n":"Boîte Cotons tiges Feel Natural Blanc - Bambou - x200","p":0.91,"pp":0.55,"img":"https://fd9-photos.leclercdrive.fr/image.ashx?id=2544888&use=l&cat=p&typeid=i","cat":284636},{"id":207104,"n":"Culotte Feel Natural  Menstruelle - Taille XL","p":16.49,"pp":9.89,"img":"https://fd9-photos.leclercdrive.fr/image.ashx?id=2795255&use=l&cat=p&typeid=i","cat":284624},{"id":207105,"n":"Culotte Feel Natural Menstruelle - Taille XXL","p":16.49,"pp":9.89,"img":"https://fd9-photos.leclercdrive.fr/image.ashx?id=2795315&use=l&cat=p&typeid=i","cat":284624},{"id":207139,"n":"Serviettes hygiéniques Always  Ultra - Secure night - x18","p":4.64,"u":"0,26 €/P","img":"https://fd9-photos.leclercdrive.fr/image.ashx?id=2849436&use=l&cat=p&typeid=i","cat":284624},{"id":207141,"n":"Préservatifs Durex Nude Extra Fins Peau contre Peau x10","p":8.42,"u":"0,84 €/P","img":"https://fd9-photos.leclercdrive.fr/image.ashx?id=2962017&use=l&cat=p&typeid=i","cat":284631},{"id":207142,"n":"Gel Lubrifiant Intime Durex Sensitive base Eau 100ml","p":7.62,"u":"76,20 €/L","img":"https://fd9-photos.leclercdrive.fr/image.ashx?id=2961203&use=l&cat=p&typeid=i","cat":285160},{"id":207155,"n":"Cocktail prêt à boire Tails Fruit de la passion 14,9° -50cl","p":13.6,"u":"27,20 €/L","img":"https://fd9-photos.leclercdrive.fr/image.ashx?id=2858273&use=l&cat=p&typeid=i","cat":284551},{"id":207162,"n":"Sauce rouleaux de printemps Tanoshi - 250ml","p":2.52,"u":"10,08 €/L","img":"https://fd9-photos.leclercdrive.fr/image.ashx?id=2913229&use=l&cat=p&typeid=i","cat":288992},{"id":207173,"n":"Sauce nems Tanoshi 150ml","p":1.61,"u":"10,73 €/L","img":"https://fd9-photos.leclercdrive.fr/image.ashx?id=2921615&use=l&cat=p&typeid=i","cat":288992},{"id":207184,"n":"Compotes Pom'Potes Pomme, Pomme brugnon - 96x90g","p":30.99,"u":"3,59 €/KG","img":"https://fd9-photos.leclercdrive.fr/image.ashx?id=2918547&use=l&cat=p&typeid=i","cat":284508},{"id":207194,"n":"Compotes Pom'Potes Pomme fraise framboise - 96x90g","p":30.99,"u":"3,59 €/KG","img":"https://fd9-photos.leclercdrive.fr/image.ashx?id=2918550&use=l&cat=p&typeid=i","cat":284508},{"id":207209,"n":"Yaourt nature Calin Extra 8x100g","p":1.8,"u":"2,25 €/KG","img":"https://fd9-photos.leclercdrive.fr/image.ashx?id=2973745&use=l&cat=p&typeid=i","cat":284409},{"id":207210,"n":"Fromage à tartiner Kiri Délicieusement fouetté - 125g","p":2.31,"u":"18,48 €/KG","img":"https://fd9-photos.leclercdrive.fr/image.ashx?id=2686591&use=l&cat=p&typeid=i","cat":314029},{"id":207215,"n":"Multiserve café latte starbuck - 750ml","p":5.24,"u":"6,99 €/L","img":"https://fd9-photos.leclercdrive.fr/image.ashx?id=2521644&use=l&cat=p&typeid=i","cat":295246},{"id":207216,"n":"Boisson lactée café Starbucks Caramel macchiato - 750ml","p":4.92,"u":"6,56 €/L","img":"https://fd9-photos.leclercdrive.fr/image.ashx?id=2521647&use=l&cat=p&typeid=i","cat":295246},{"id":207238,"n":"Liqueur Whisky Fireball - 70cl 33% vol.","p":16.56,"u":"23,66 €/L","img":"https://fd9-photos.leclercdrive.fr/image.ashx?id=2531649&use=l&cat=p&typeid=i","cat":286032},{"id":207248,"n":"Infusion La Tisanière Nuit calme - x20 - 30g","p":2.91,"u":"97,00 €/KG","img":"https://fd9-photos.leclercdrive.fr/image.ashx?id=2816835&use=l&cat=p&typeid=i","cat":293234},{"id":207262,"n":"Capsules Nescafé Dolce Gusto  Grande - x16","p":4.64,"u":"34,12 €/KG","img":"https://fd9-photos.leclercdrive.fr/image.ashx?id=2964153&use=l&cat=p&typeid=i","cat":293239},{"id":207307,"n":"Culotte Feel Natural Taille S","p":16.49,"pp":9.89,"img":"https://fd9-photos.leclercdrive.fr/image.ashx?id=2795246&use=l&cat=p&typeid=i","cat":284624},{"id":207311,"n":"Culotte Feel Natural Menstruelle - Taille M","p":16.49,"pp":9.89,"img":"https://fd9-photos.leclercdrive.fr/image.ashx?id=2795249&use=l&cat=p&typeid=i","cat":284624},{"id":207321,"n":"Culotte Feel Natural Menstruelle-détachable-Taille M","p":14.24,"pp":8.54,"img":"https://fd9-photos.leclercdrive.fr/image.ashx?id=2525168&use=l&cat=p&typeid=i","cat":284624},{"id":207389,"n":"Cornichon Français Vinaigre 210g","p":3.86,"u":"18,38 €/KG","img":"https://fd9-photos.leclercdrive.fr/image.ashx?id=2899033&use=l&cat=p&typeid=i","cat":284458},{"id":207396,"n":"Galettes moelleuses St Michel Marbrée Chocolat - 180g","p":2.04,"u":"11,33 €/KG","img":"https://fd9-photos.leclercdrive.fr/image.ashx?id=2936263&use=l&cat=p&typeid=i","cat":284487},{"id":207401,"n":"Adoucissant Soupline  Éclat de Fraîcheur - 28p","p":5.99,"u":"0,21 €/P","img":"https://fd9-photos.leclercdrive.fr/image.ashx?id=2583509&use=l&cat=p&typeid=i","cat":284650},{"id":207405,"n":"Lingettes Pampers Harmonie New baby - 46 lingettes","p":3.09,"img":"https://fd9-photos.leclercdrive.fr/image.ashx?id=2805912&use=l&cat=p&typeid=i","cat":284738},{"id":207425,"n":"Thon entier Nature Saupiquet Lot de 3+1 boîte offerte - 448g","p":6.25,"u":"13,95 €/KG","img":"https://fd9-photos.leclercdrive.fr/image.ashx?id=2524257&use=l&cat=p&typeid=i","cat":303867},{"id":207431,"n":"Arrangé Damoiseau Coco 30D - 70cl","p":21.79,"u":"31,13 €/L","img":"https://fd9-photos.leclercdrive.fr/image.ashx?id=2524691&use=l&cat=p&typeid=i","cat":284551},{"id":207460,"n":"Crème glacée La Laitière Vanille bourbon - 490g","p":3.24,"pp":2.27,"u":"4,63 €/KG","img":"https://fd9-photos.leclercdrive.fr/image.ashx?id=3000009&use=l&cat=p&typeid=i","cat":284263},{"id":207467,"n":"Moutarde Forte Amora 430g","p":1.52,"u":"3,53 €/KG","img":"https://fd9-photos.leclercdrive.fr/image.ashx?id=2526079&use=l&cat=p&typeid=i","cat":288850},{"id":207471,"n":"Moutarde Mi-forte Amora 415g","p":1.49,"u":"3,59 €/KG","img":"https://fd9-photos.leclercdrive.fr/image.ashx?id=2993176&use=l&cat=p&typeid=i","cat":288850},{"id":207476,"n":"Moutarde de Dijon Fine MAILLE L'Original Bocal - 360g","p":1.47,"u":"4,08 €/KG","img":"https://fd9-photos.leclercdrive.fr/image.ashx?id=2945841&use=l&cat=p&typeid=i","cat":288850},{"id":207478,"n":"Moutarde à l'Ancienne MAILLE Bocal - 360g","p":2.39,"u":"6,64 €/KG","img":"https://fd9-photos.leclercdrive.fr/image.ashx?id=2664307&use=l&cat=p&typeid=i","cat":288850},{"id":207480,"n":"Crème glacée La Laitière Caramel Beurre salé - 490g","p":3.24,"pp":2.27,"u":"4,63 €/KG","img":"https://fd9-photos.leclercdrive.fr/image.ashx?id=2877883&use=l&cat=p&typeid=i","cat":284263},{"id":207481,"n":"Bâtonnets de glace Nuii Chocolat et noisettes - 272g","p":4.27,"u":"15,70 €/KG","img":"https://fd9-photos.leclercdrive.fr/image.ashx?id=2525546&use=l&cat=p&typeid=i","cat":284265},{"id":207491,"n":"Cône Extrême Nestle Coco  Mangue - x6 - 414g","p":3.64,"u":"8,79 €/KG","img":"https://fd9-photos.leclercdrive.fr/image.ashx?id=2844579&use=l&cat=p&typeid=i","cat":284264},{"id":207492,"n":"Crème glacée La Laitière Vanille pécan - 490g","p":3.24,"pp":2.27,"u":"4,63 €/KG","img":"https://fd9-photos.leclercdrive.fr/image.ashx?id=3000015&use=l&cat=p&typeid=i","cat":284263},{"id":207513,"n":"Ravioli Luigi & Fratelli Ricotta Epinard x6 - 250g","p":4.8,"u":"19,20 €/KG","img":"https://fd9-photos.leclercdrive.fr/image.ashx?id=2532270&use=l&cat=p&typeid=i","cat":333682},{"id":207519,"n":"Grandi Tondi Luigi & Fratelli Aubergine Tomate - 250g","p":4.5,"u":"18,00 €/KG","img":"https://fd9-photos.leclercdrive.fr/image.ashx?id=2529153&use=l&cat=p&typeid=i","cat":333682},{"id":207520,"n":"Girasoli Luigi & Fratelli Tomate Mozzarella Basilic 250g","p":4.8,"u":"19,20 €/KG","img":"https://fd9-photos.leclercdrive.fr/image.ashx?id=2532273&use=l&cat=p&typeid=i","cat":333682},{"id":207528,"n":"Lessive liquide L'Arbre Vert Peaux sensibles - x34 - 1.53L","p":6.62,"u":"4,33 €/L","img":"https://fd9-photos.leclercdrive.fr/image.ashx?id=3008536&use=l&cat=p&typeid=i","cat":284640},{"id":207529,"n":"Recharge lessive L'Arbre Vert Peaux sensibles - x34 - 1.53L","p":6.39,"u":"4,18 €/L","img":"https://fd9-photos.leclercdrive.fr/image.ashx?id=2680212&use=l&cat=p&typeid=i","cat":284640},{"id":207530,"n":"Vaisselle mains L'Arbre Vert Peaux sensibles - 750ml","p":1.75,"u":"2,33 €/L","img":"https://fd9-photos.leclercdrive.fr/image.ashx?id=2850575&use=l&cat=p&typeid=i","cat":284655},{"id":207535,"n":"Préservatifs Durex Classic Jeans Confort et Confiance  x12","p":5.83,"img":"https://fd9-photos.leclercdrive.fr/image.ashx?id=2730475&use=l&cat=p&typeid=i","cat":284631},{"id":207536,"n":"Préservatifs Durex Nude Sans Latex Extra Lubrifié x10","p":7.4,"img":"https://fd9-photos.leclercdrive.fr/image.ashx?id=2730478&use=l&cat=p&typeid=i","cat":284631},{"id":207537,"n":"Culotte dentelle Menstruelle - Taille L","p":16.49,"pp":9.89,"img":"https://fd9-photos.leclercdrive.fr/image.ashx?id=2795252&use=l&cat=p&typeid=i","cat":284624},{"id":207540,"n":"Croûtons Tipiak Ail - 75g","p":1.57,"u":"20,93 €/KG","img":"https://fd9-photos.leclercdrive.fr/image.ashx?id=2684461&use=l&cat=p&typeid=i","cat":284464},{"id":207551,"n":"Dentifrice Naturals Aquafresh Blancheur charbon - 75ml","p":1.89,"u":"25,20 €/L","img":"https://fd9-photos.leclercdrive.fr/image.ashx?id=2527079&use=l&cat=p&typeid=i","cat":284612},{"id":207557,"n":"Préservatifs Durex Feeling  Extra Lubrifié Extra Fins x20","p":9.95,"u":"0,50 €/P","img":"https://fd9-photos.leclercdrive.fr/image.ashx?id=2964965&use=l&cat=p&typeid=i","cat":284631},{"id":207559,"n":"Préservatifs Durex Pleasure me Perlés et Nervurés x12","p":7.13,"u":"0,59 €/P","img":"https://fd9-photos.leclercdrive.fr/image.ashx?id=2730466&use=l&cat=p&typeid=i","cat":284631},{"id":207561,"n":"Recharge Savon Mains Dettol Miel et Beurre de Karité 250ml","p":3.39,"u":"13,56 €/L","img":"https://fd9-photos.leclercdrive.fr/image.ashx?id=2971751&use=l&cat=p&typeid=i","cat":284597},{"id":207575,"n":"Bière Pietra Corsican IPA 33cl","p":2.37,"u":"7,18 €/L","img":"https://fd9-photos.leclercdrive.fr/image.ashx?id=2586417&use=l&cat=p&typeid=i","cat":334872},{"id":207593,"n":"Fusilli Di Canossa Sauce bolognaise - 70g","p":1.63,"u":"23,29 €/KG","img":"https://fd9-photos.leclercdrive.fr/image.ashx?id=2988716&use=l&cat=p&typeid=i","cat":289010},{"id":207604,"n":"Bandes de cire froide Maillot Veet Expert Peaux sensibles x16","p":5.42,"u":"0,34 €/P","img":"https://fd9-photos.leclercdrive.fr/image.ashx?id=2970798&use=l&cat=p&typeid=i","cat":325351},{"id":207606,"n":"Stick lèvres Le Petit Olivier Argan - 4g","p":2.35,"u":"587,50 €/KG","img":"https://fd9-photos.leclercdrive.fr/image.ashx?id=2527979&use=l&cat=p&typeid=i","cat":285485},{"id":207613,"n":"Bandes extensibles Mercurochrome - x3","p":3.62,"u":"150,83 €/KG","img":"https://fd9-photos.leclercdrive.fr/image.ashx?id=2921531&use=l&cat=p&typeid=i","cat":284630},{"id":207621,"n":"Carrés démaquillant Feel Natural - +Filet de lavage - x6","p":8.69,"pp":5.21,"img":"https://fd9-photos.leclercdrive.fr/image.ashx?id=2528066&use=l&cat=p&typeid=i","cat":285593},{"id":207622,"n":"Culotte Dentelle Feel Natural Menstruelle - Taille XS","p":16.49,"pp":9.89,"img":"https://fd9-photos.leclercdrive.fr/image.ashx?id=2795243&use=l&cat=p&typeid=i","cat":284624},{"id":207627,"n":"ST MARC Pistolet Antibactérien - 750ml","p":2.11,"u":"2,81 €/L","img":"https://fd9-photos.leclercdrive.fr/image.ashx?id=2528054&use=l&cat=p&typeid=i","cat":325357},{"id":208150,"n":"Guacamole Florette 175g","p":3.25,"u":"18,57 €/KG","img":"https://fd9-photos.leclercdrive.fr/image.ashx?id=2733010&use=l&cat=p&typeid=i","cat":315999},{"id":208230,"n":"Festillant Spritz Boisson Effervescent Sans Alcool 75cl","p":3.13,"u":"4,17 €/L","img":"https://fd9-photos.leclercdrive.fr/image.ashx?id=2538337&use=l&cat=p&typeid=i","cat":284549},{"id":208249,"n":"Pauline Nectar d'Abricot 1L","p":3.19,"u":"3,19 €/L","img":"https://fd9-photos.leclercdrive.fr/image.ashx?id=2733862&use=l&cat=p&typeid=i","cat":284915},{"id":208251,"n":"Pauline Nectar Pêche Blanche 1L","p":3.26,"u":"3,26 €/L","img":"https://fd9-photos.leclercdrive.fr/image.ashx?id=2733871&use=l&cat=p&typeid=i","cat":284915},{"id":208273,"n":"Doc Prosecco Vilaveroni Blanc Brut 150cl","p":16.07,"u":"10,71 €/L","img":"https://fd9-photos.leclercdrive.fr/image.ashx?id=2540499&use=l&cat=p&typeid=i","cat":289461},{"id":208282,"n":"Sirop Artisan Citron Jaune Eyguebelle - 100cl","p":3.38,"u":"3,38 €/L","img":"https://fd9-photos.leclercdrive.fr/image.ashx?id=2533646&use=l&cat=p&typeid=i","cat":295020},{"id":208330,"n":"Lait Corps nourrissant Mixa Effet Soleil Karité - 250ml","p":4.96,"u":"19,84 €/L","img":"https://fd9-photos.leclercdrive.fr/image.ashx?id=2530017&use=l&cat=p&typeid=i","cat":325349},{"id":208356,"n":"Rasoirs jetables Gillette  Blue3 - 3x4","p":12.72,"u":"1,06 €/P","img":"https://fd9-photos.leclercdrive.fr/image.ashx?id=2637613&use=l&cat=p&typeid=i","cat":284616},{"id":208412,"n":"Dattes Medjool Garden Fruit 500g","p":7.1,"u":"14,20 €/KG","img":"https://fd9-photos.leclercdrive.fr/image.ashx?id=2628935&use=l&cat=p&typeid=i","cat":284357},{"id":208421,"n":"Infusion fruits rouges Elephant Touche de menthe - 40g","p":2.67,"u":"66,75 €/KG","img":"https://fd9-photos.leclercdrive.fr/image.ashx?id=2813104&use=l&cat=p&typeid=i","cat":293234},{"id":208484,"n":"Chips paysanne Lay's Saveur Oignon de Roscoff - 120g","p":1.39,"u":"11,58 €/KG","img":"https://fd9-photos.leclercdrive.fr/image.ashx?id=2810777&use=l&cat=p&typeid=i","cat":284447},{"id":208505,"n":"Eau aromatisée Vittel+Recharge Fruits rouges - 75cl","p":1.14,"u":"1,52 €/L","img":"https://fd9-photos.leclercdrive.fr/image.ashx?id=2536499&use=l&cat=p&typeid=i","cat":284537},{"id":208526,"n":"Eau aromatisée Vittel+Active Citron vert et menthe - 75cl","p":0.93,"u":"1,24 €/L","img":"https://fd9-photos.leclercdrive.fr/image.ashx?id=2532282&use=l&cat=p&typeid=i","cat":284537},{"id":208580,"n":"Frites Pom Bistro au Piment d'Espelette - 500g","p":3.06,"u":"6,12 €/KG","img":"https://fd9-photos.leclercdrive.fr/image.ashx?id=2532069&use=l&cat=p&typeid=i","cat":319791},{"id":208632,"n":"Crème glacée La Laitière Crème brulée - 490g","p":3.24,"pp":2.27,"u":"4,63 €/KG","img":"https://fd9-photos.leclercdrive.fr/image.ashx?id=2877880&use=l&cat=p&typeid=i","cat":284263},{"id":208633,"n":"Compotes Pom'Potes Gourdes  Pomme Brugnon - 4x90g","p":2.25,"u":"6,25 €/KG","img":"https://fd9-photos.leclercdrive.fr/image.ashx?id=3010903&use=l&cat=p&typeid=i","cat":284508},{"id":208636,"n":"Purée Mousline Crème et noix de muscade - 500g","p":3.1,"u":"6,20 €/KG","img":"https://fd9-photos.leclercdrive.fr/image.ashx?id=3011728&use=l&cat=p&typeid=i","cat":284431},{"id":208638,"n":"Purée Mousline x3 sachets - 195g","p":1.46,"u":"7,49 €/KG","img":"https://fd9-photos.leclercdrive.fr/image.ashx?id=3004414&use=l&cat=p&typeid=i","cat":284431},{"id":208642,"n":"Purée Mousline x4 - 520g","p":2.38,"u":"4,58 €/KG","img":"https://fd9-photos.leclercdrive.fr/image.ashx?id=3011734&use=l&cat=p&typeid=i","cat":284431},{"id":208651,"n":"Purée Mousline  x8 - 1.04 kg","p":4.68,"u":"4,50 €/KG","img":"https://fd9-photos.leclercdrive.fr/image.ashx?id=2986780&use=l&cat=p&typeid=i","cat":284431},{"id":208656,"n":"Sauce Apéro Florette Ail & Ciboulette - 175g","p":2.83,"u":"16,17 €/KG","img":"https://fd9-photos.leclercdrive.fr/image.ashx?id=2962767&use=l&cat=p&typeid=i","cat":284382},{"id":208658,"n":"Biscuit P'tit Deli Chocolat lait blanc - 150g","p":1.75,"u":"11,67 €/KG","img":"https://fd9-photos.leclercdrive.fr/image.ashx?id=2684835&use=l&cat=p&typeid=i","cat":284488},{"id":208683,"n":"Sauce Apéro Florette Fines herbes - 175g","p":2.99,"u":"17,09 €/KG","img":"https://fd9-photos.leclercdrive.fr/image.ashx?id=2962764&use=l&cat=p&typeid=i","cat":284382},{"id":208751,"n":"Riz long grain 10 min Lustucru x5 - 450g","p":1.46,"u":"3,24 €/KG","img":"https://fd9-photos.leclercdrive.fr/image.ashx?id=2955830&use=l&cat=p&typeid=i","cat":284428},{"id":208761,"n":"Purée Mousline x4 - 125g","p":1.26,"u":"10,08 €/KG","img":"https://fd9-photos.leclercdrive.fr/image.ashx?id=2940126&use=l&cat=p&typeid=i","cat":284431},{"id":208770,"n":"Gelée de poisson Felix Tranches avec effilés - 960g","p":4.96,"u":"5,17 €/KG","img":"https://fd9-photos.leclercdrive.fr/image.ashx?id=2879823&use=l&cat=p&typeid=i","cat":285286},{"id":208773,"n":"Thon Petit Navire À la sauce Catalane - 3x140g","p":4.27,"u":"10,17 €/KG","img":"https://fd9-photos.leclercdrive.fr/image.ashx?id=2999216&use=l&cat=p&typeid=i","cat":303867},{"id":208774,"n":"Crème corps nourrissante Mixa Peaux extra sèches - 400ml","p":4.45,"u":"11,13 €/L","img":"https://fd9-photos.leclercdrive.fr/image.ashx?id=2533862&use=l&cat=p&typeid=i","cat":325350},{"id":208776,"n":"Gel douche Tahiti Vanille et huile de coco 250ml","p":2.33,"u":"9,32 €/L","img":"https://fd9-photos.leclercdrive.fr/image.ashx?id=2533130&use=l&cat=p&typeid=i","cat":284594},{"id":208779,"n":"Miettes de thon Petit Navire Sauce tomate - 3x140g","p":4.99,"u":"11,88 €/KG","img":"https://fd9-photos.leclercdrive.fr/image.ashx?id=2835857&use=l&cat=p&typeid=i","cat":303867},{"id":208786,"n":"Thé glacé Lipton Ice Tea Pêche La bouteille de 1.25L","p":1.47,"u":"1,18 €/L","img":"https://fd9-photos.leclercdrive.fr/image.ashx?id=2731567&use=l&cat=p&typeid=i","cat":295019},{"id":208788,"n":"Thé glacé Lipton Ice Tea Pêche  Sans sucres bouteille de 1.25L","p":1.62,"u":"1,30 €/L","img":"https://fd9-photos.leclercdrive.fr/image.ashx?id=2731570&use=l&cat=p&typeid=i","cat":295019},{"id":208806,"n":"Grilletine blé complet Pasquier Sans sucre ajouté - 255g","p":1.76,"u":"6,90 €/KG","img":"https://fd9-photos.leclercdrive.fr/image.ashx?id=2533559&use=l&cat=p&typeid=i","cat":284479},{"id":208856,"n":"Dentifrice Colgate Tonigencyl Expert - 75ml","p":2.19,"u":"29,20 €/L","img":"https://fd9-photos.leclercdrive.fr/image.ashx?id=2859992&use=l&cat=p&typeid=i","cat":284612},{"id":208859,"n":"Sérum Colgate Max White Blancheur - Nuit - 3ml","p":13.94,"img":"https://fd9-photos.leclercdrive.fr/image.ashx?id=2834095&use=l&cat=p&typeid=i","cat":284612},{"id":208862,"n":"Gel douche-shampooing Fa Men Seduction Power - 250ml","p":1.5,"u":"6,00 €/L","img":"https://fd9-photos.leclercdrive.fr/image.ashx?id=2986260&use=l&cat=p&typeid=i","cat":284619},{"id":208867,"n":"Serum physiologique Prorhinel 30x5ml","p":3.28,"u":"21,87 €/L","img":"https://fd9-photos.leclercdrive.fr/image.ashx?id=2878303&use=l&cat=p&typeid=i","cat":284741},{"id":208927,"n":"Cidou un amour de fruits Orange Mangue - 1L","p":2.14,"u":"2,14 €/L","img":"https://fd9-photos.leclercdrive.fr/image.ashx?id=2535052&use=l&cat=p&typeid=i","cat":284915},{"id":209054,"n":"Wraps Old El Paso Extra fins x6 - 192g","p":2.75,"u":"14,32 €/KG","img":"https://fd9-photos.leclercdrive.fr/image.ashx?id=2737693&use=l&cat=p&typeid=i","cat":288993},{"id":209060,"n":"Chips nature Lay's Sel - 6x25g","p":2.22,"u":"14,80 €/KG","img":"https://fd9-photos.leclercdrive.fr/image.ashx?id=3011143&use=l&cat=p&typeid=i","cat":284447},{"id":209061,"n":"Sauce pesto Florelli A la genovese - 190g","p":1.99,"u":"10,47 €/KG","img":"https://fd9-photos.leclercdrive.fr/image.ashx?id=2787452&use=l&cat=p&typeid=i","cat":299047},{"id":209064,"n":"Céréales bébé BABICAO Cacao 10M+ - 400g","p":3.38,"u":"8,45 €/KG","img":"https://fd9-photos.leclercdrive.fr/image.ashx?id=2537294&use=l&cat=p&typeid=i","cat":312225},{"id":209066,"n":"Céréales bébé P'TITE CEREALE Vanille Biscuit 12M+ - 415g","p":3.13,"u":"7,54 €/KG","img":"https://fd9-photos.leclercdrive.fr/image.ashx?id=2537297&use=l&cat=p&typeid=i","cat":312225},{"id":209093,"n":"Adoucissant Soupline Magnolia & lavande - x60 1.28L","p":5.86,"u":"4,51 €/L","img":"https://fd9-photos.leclercdrive.fr/image.ashx?id=2832569&use=l&cat=p&typeid=i","cat":284650},{"id":209094,"n":"Adoucissant Soupline Concentré Mandarine Vanille x60 - 1.28ml","p":6.27,"u":"4,90 €/L","img":"https://fd9-photos.leclercdrive.fr/image.ashx?id=2832572&use=l&cat=p&typeid=i","cat":284650},{"id":209098,"n":"Moules marinées Baltic 200g","p":3.53,"u":"17,65 €/KG","img":"https://fd9-photos.leclercdrive.fr/image.ashx?id=3014428&use=l&cat=p&typeid=i","cat":285340},{"id":209137,"n":"Blanc de poulet Tradilège Doré au four - 240g","p":1.97,"u":"8,21 €/KG","img":"https://fd9-photos.leclercdrive.fr/image.ashx?id=2925759&use=l&cat=p&typeid=i","cat":316010},{"id":209151,"n":"Pâtes Torti Legumes Panzani 3 Minutes - 500G","p":1.53,"u":"3,06 €/KG","img":"https://fd9-photos.leclercdrive.fr/image.ashx?id=2896117&use=l&cat=p&typeid=i","cat":284427},{"id":209154,"n":"Compotes Pom'Potes  Assortiment x64 - 5.76kg","p":28.39,"pp":19.87,"u":"3,45 €/KG","img":"https://fd9-photos.leclercdrive.fr/image.ashx?id=2977261&use=l&cat=p&typeid=i","cat":284508},{"id":209196,"n":"Pur jus Tropicana Réveil fruité - 90cl","p":3.07,"u":"3,41 €/L","img":"https://fd9-photos.leclercdrive.fr/image.ashx?id=2538431&use=l&cat=p&typeid=i","cat":285435},{"id":209208,"n":"Sauce soja Suzi Wan Sucrée - 135ml","p":2.03,"u":"15,04 €/KG","img":"https://fd9-photos.leclercdrive.fr/image.ashx?id=2892931&use=l&cat=p&typeid=i","cat":288992},{"id":209209,"n":"Sauce soja Suzi Wan 250ml","p":2.96,"u":"11,84 €/L","img":"https://fd9-photos.leclercdrive.fr/image.ashx?id=2990880&use=l&cat=p&typeid=i","cat":288992},{"id":209212,"n":"Graines de sésame doré Ducros  45g","p":2.06,"u":"45,78 €/KG","img":"https://fd9-photos.leclercdrive.fr/image.ashx?id=2538605&use=l&cat=p&typeid=i","cat":298297},{"id":209245,"n":"Origan Ducros 12g","p":1.82,"u":"151,67 €/KG","img":"https://fd9-photos.leclercdrive.fr/image.ashx?id=2559517&use=l&cat=p&typeid=i","cat":298297},{"id":209286,"n":"Boisson aux fruits Oasis Tropical - 50cl","p":1.36,"u":"2,72 €/L","img":"https://fd9-photos.leclercdrive.fr/image.ashx?id=3014443&use=l&cat=p&typeid=i","cat":295018},{"id":209302,"n":"Thé glacé Lipton Ice Tea Citron/citron vert - 1.25L","p":1.63,"u":"1,30 €/L","img":"https://fd9-photos.leclercdrive.fr/image.ashx?id=2731573&use=l&cat=p&typeid=i","cat":295019},{"id":209309,"n":"Thé glacé Lipton Ice Tea Framboise - 1.25L","p":1.63,"u":"1,30 €/L","img":"https://fd9-photos.leclercdrive.fr/image.ashx?id=2731588&use=l&cat=p&typeid=i","cat":295019},{"id":209311,"n":"Thé glacé Lipton Ice Tea Pêche abricot - 1,25L","p":1.64,"u":"1,31 €/L","img":"https://fd9-photos.leclercdrive.fr/image.ashx?id=2731576&use=l&cat=p&typeid=i","cat":295019},{"id":209345,"n":"Chair de crabe Côte de Mer 102g","p":2.76,"u":"26,29 €/KG","img":"https://fd9-photos.leclercdrive.fr/image.ashx?id=2557482&use=l&cat=p&typeid=i","cat":305147},{"id":209350,"n":"Cœurs de palmiers Géant Vert coupés - 125g","p":3.26,"u":"26,08 €/KG","img":"https://fd9-photos.leclercdrive.fr/image.ashx?id=2840569&use=l&cat=p&typeid=i","cat":312611},{"id":209351,"n":"Pointes d'asperges Géant Vert blanches - 110g","p":3.13,"u":"14,76 €/L","img":"https://fd9-photos.leclercdrive.fr/image.ashx?id=2840557&use=l&cat=p&typeid=i","cat":312611},{"id":209362,"n":"Ravioli pur boeuf 650 g","p":4.38,"u":"6,74 €/KG","img":"https://fd9-photos.leclercdrive.fr/image.ashx?id=2540259&use=l&cat=p&typeid=i","cat":284442},{"id":209367,"n":"Sauce pesto rouge Florelli 190g","p":1.99,"u":"10,47 €/KG","img":"https://fd9-photos.leclercdrive.fr/image.ashx?id=2787455&use=l&cat=p&typeid=i","cat":289010},{"id":209368,"n":"Thé glacé Lipton Ice Tea Pêche La bouteille de 1.75L","p":1.85,"u":"1,06 €/L","img":"https://fd9-photos.leclercdrive.fr/image.ashx?id=2731594&use=l&cat=p&typeid=i","cat":295019},{"id":209371,"n":"Aneth Ducros 13g","p":1.92,"u":"147,69 €/KG","img":"https://fd9-photos.leclercdrive.fr/image.ashx?id=2538599&use=l&cat=p&typeid=i","cat":298297},{"id":209372,"n":"Gingembre Ducros 29g","p":1.81,"u":"62,41 €/KG","img":"https://fd9-photos.leclercdrive.fr/image.ashx?id=2983216&use=l&cat=p&typeid=i","cat":298297},{"id":209395,"n":"Mousse à raser Gillette  Satin Care Aloe vera - 600ml","p":8.16,"u":"13,60 €/L","img":"https://fd9-photos.leclercdrive.fr/image.ashx?id=2576660&use=l&cat=p&typeid=i","cat":null},{"id":209424,"n":"Yaourt bifidus Activia céréales Poire et aux fruits - 4x115g","p":2.5,"u":"5,43 €/KG","img":"https://fd9-photos.leclercdrive.fr/image.ashx?id=2901641&use=l&cat=p&typeid=i","cat":315000},{"id":209438,"n":"Crème dessert protéinée Hipro  Vanille 0%mg- 180g","p":1.85,"u":"10,28 €/KG","img":"https://fd9-photos.leclercdrive.fr/image.ashx?id=2800291&use=l&cat=p&typeid=i","cat":285041},{"id":209464,"n":"Sirop Teisseire citron Bidon mega - 130cl","p":4.44,"u":"3,42 €/L","img":"https://fd9-photos.leclercdrive.fr/image.ashx?id=2539707&use=l&cat=p&typeid=i","cat":295020},{"id":209465,"n":"Sirop Teisseire Ice Tea Pêche Bidon - 60cl","p":3.3,"u":"5,50 €/L","img":"https://fd9-photos.leclercdrive.fr/image.ashx?id=2539710&use=l&cat=p&typeid=i","cat":295020},{"id":209491,"n":"Couscous moyen Ferrero sachet -500g","p":1.68,"u":"3,36 €/KG","img":"https://fd9-photos.leclercdrive.fr/image.ashx?id=2869561&use=l&cat=p&typeid=i","cat":284429},{"id":209494,"n":"Salade & Cie Sodebo Roma Jambon Speck - 320g","p":3.28,"u":"10,25 €/KG","img":"https://fd9-photos.leclercdrive.fr/image.ashx?id=2732413&use=l&cat=p&typeid=i","cat":333657},{"id":209495,"n":"Salade & Cie Sodebo Manhattan Poulet rôti - 320g","p":3.15,"u":"9,84 €/KG","img":"https://fd9-photos.leclercdrive.fr/image.ashx?id=2732407&use=l&cat=p&typeid=i","cat":333657},{"id":209496,"n":"Salade & Cie Sodebo Montmartre Jambon supérieur - 320g","p":3.32,"u":"10,38 €/KG","img":"https://fd9-photos.leclercdrive.fr/image.ashx?id=2868945&use=l&cat=p&typeid=i","cat":333657},{"id":209510,"n":"Chips nature Lay's Sel - 250g","p":2.36,"u":"9,44 €/KG","img":"https://fd9-photos.leclercdrive.fr/image.ashx?id=2995073&use=l&cat=p&typeid=i","cat":284447},{"id":209514,"n":"Chips Lay's Nature - 135g","p":1.45,"u":"10,74 €/KG","img":"https://fd9-photos.leclercdrive.fr/image.ashx?id=2994482&use=l&cat=p&typeid=i","cat":284447},{"id":209591,"n":"Pains Pita La Boulangère x4  -320g","p":2.23,"u":"6,97 €/KG","img":"https://fd9-photos.leclercdrive.fr/image.ashx?id=2912311&use=l&cat=p&typeid=i","cat":284985},{"id":209593,"n":"Brioche Muffin La Boulangère x5 - 250g","p":1.57,"u":"6,28 €/KG","img":"https://fd9-photos.leclercdrive.fr/image.ashx?id=2912443&use=l&cat=p&typeid=i","cat":284478},{"id":209597,"n":"Compote Allégée en sucres Eco+ Bocal pomme poire - 720g","p":1.13,"u":"1,57 €/KG","img":"https://fd9-photos.leclercdrive.fr/image.ashx?id=2953206&use=l&cat=p&typeid=i","cat":284508},{"id":209598,"n":"Compote Allégée en sucres Eco+ Bocal pomme banane - 720g","p":1.03,"u":"1,43 €/KG","img":"https://fd9-photos.leclercdrive.fr/image.ashx?id=2953209&use=l&cat=p&typeid=i","cat":284508},{"id":209600,"n":"Capsules café L'Or Espresso Splendente N°7 x50","p":13.4,"u":"51,54 €/KG","img":"https://fd9-photos.leclercdrive.fr/image.ashx?id=3000477&use=l&cat=p&typeid=i","cat":284749},{"id":209601,"n":"Thé vert Lipton Menthe intense - x20 - 32g","p":1.65,"u":"51,56 €/KG","img":"https://fd9-photos.leclercdrive.fr/image.ashx?id=2540907&use=l&cat=p&typeid=i","cat":293233},{"id":209648,"n":"Briochettes pépites de chocolat Pasquier - 400g","p":2.98,"u":"7,45 €/KG","img":"https://fd9-photos.leclercdrive.fr/image.ashx?id=2541196&use=l&cat=p&typeid=i","cat":296366},{"id":209686,"n":"Thé vert Lipton Myrtille et mure - x20 - 32g","p":2.35,"u":"73,44 €/KG","img":"https://fd9-photos.leclercdrive.fr/image.ashx?id=2542816&use=l&cat=p&typeid=i","cat":293233},{"id":209688,"n":"Thé vert menthe Lipton Asie - x30s - 48g","p":2.83,"u":"58,96 €/KG","img":"https://fd9-photos.leclercdrive.fr/image.ashx?id=2542819&use=l&cat=p&typeid=i","cat":293233},{"id":209691,"n":"Thé vert Lipton x30s - 39g","p":2.68,"u":"68,72 €/KG","img":"https://fd9-photos.leclercdrive.fr/image.ashx?id=2542822&use=l&cat=p&typeid=i","cat":293233},{"id":209722,"n":"Dessert Glacé Viennetta Caramel beurre salé - 320g","p":2.21,"u":"6,91 €/KG","img":"https://fd9-photos.leclercdrive.fr/image.ashx?id=2802836&use=l&cat=p&typeid=i","cat":284266},{"id":209724,"n":"Dessert Glacé Viennetta Chocolat -  320g","p":2.55,"u":"7,97 €/KG","img":"https://fd9-photos.leclercdrive.fr/image.ashx?id=3009287&use=l&cat=p&typeid=i","cat":284266},{"id":209733,"n":"Dessert Glacé Viennetta Vanille -  320g","p":2.33,"u":"7,28 €/KG","img":"https://fd9-photos.leclercdrive.fr/image.ashx?id=3009182&use=l&cat=p&typeid=i","cat":284266},{"id":209739,"n":"Adoucissant concentré Soupline Hypoallergénique 64 lav. 1,35L","p":4.84,"u":"3,59 €/L","img":"https://fd9-photos.leclercdrive.fr/image.ashx?id=2831185&use=l&cat=p&typeid=i","cat":284650},{"id":209806,"n":"Rasoirs Extra 3 Essentials Plastique recyclé - x8","p":4.68,"u":"0,59 €/P","img":"https://fd9-photos.leclercdrive.fr/image.ashx?id=2846481&use=l&cat=p&typeid=i","cat":284616},{"id":209839,"n":"Bâtonnets aux épinards Findus x12 - 284g","p":2.38,"u":"8,38 €/KG","img":"https://fd9-photos.leclercdrive.fr/image.ashx?id=2957767&use=l&cat=p&typeid=i","cat":319802},{"id":209843,"n":"Thé vert menthe Lipton x50 - 80g","p":4.46,"u":"55,75 €/KG","img":"https://fd9-photos.leclercdrive.fr/image.ashx?id=2544629&use=l&cat=p&typeid=i","cat":293233},{"id":209854,"n":"Thé vert citron Lipton Asie - x30 - 48g","p":2.67,"u":"55,63 €/KG","img":"https://fd9-photos.leclercdrive.fr/image.ashx?id=2544635&use=l&cat=p&typeid=i","cat":293233},{"id":209856,"n":"Thé vert Tchaé orient  Lipton  x20 - 35g","p":2.65,"u":"75,71 €/KG","img":"https://fd9-photos.leclercdrive.fr/image.ashx?id=2544641&use=l&cat=p&typeid=i","cat":293233},{"id":209857,"n":"Thé vert Lipton Pamplemousse Mandarine x20 32g","p":2.5,"u":"78,13 €/KG","img":"https://fd9-photos.leclercdrive.fr/image.ashx?id=2544623&use=l&cat=p&typeid=i","cat":293233},{"id":209859,"n":"Déboucheur Liquide Destop  4 doses - 950ml","p":3.68,"u":"3,87 €/L","img":"https://fd9-photos.leclercdrive.fr/image.ashx?id=2832161&use=l&cat=p&typeid=i","cat":284908},{"id":209860,"n":"Déboucheur Gel Destop  Express - 4 doses - 950ml","p":3.64,"u":"3,83 €/L","img":"https://fd9-photos.leclercdrive.fr/image.ashx?id=2832164&use=l&cat=p&typeid=i","cat":284908},{"id":209863,"n":"Gel anti-calcaire Calgon  4 en 1 - 750ml","p":5.32,"u":"7,09 €/L","img":"https://fd9-photos.leclercdrive.fr/image.ashx?id=2963475&use=l&cat=p&typeid=i","cat":284653},{"id":209865,"n":"Gel anti-calcaire Calgon  4 en 1 - 2,25L","p":12.69,"u":"5,64 €/L","img":"https://fd9-photos.leclercdrive.fr/image.ashx?id=2953932&use=l&cat=p&typeid=i","cat":284653},{"id":209866,"n":"Infusion Elephant  Pêche Abricot - x20 38g","p":2.55,"u":"67,11 €/KG","img":"https://fd9-photos.leclercdrive.fr/image.ashx?id=2544617&use=l&cat=p&typeid=i","cat":293234},{"id":209867,"n":"AIRWICK Recharge diffuseur Fres hmatic Purefresh Agrumes 250ml","p":3.66,"u":"14,64 €/L","img":"https://fd9-photos.leclercdrive.fr/image.ashx?id=2963478&use=l&cat=p&typeid=i","cat":311629},{"id":209868,"n":"AIRWICK Recharge Freshmatic Vanille et Caramel - 250ml","p":3.48,"u":"13,92 €/L","img":"https://fd9-photos.leclercdrive.fr/image.ashx?id=2896348&use=l&cat=p&typeid=i","cat":311629},{"id":209869,"n":"Infusion Elephant Pomme cannelle - 36g","p":2.02,"u":"56,11 €/KG","img":"https://fd9-photos.leclercdrive.fr/image.ashx?id=2544614&use=l&cat=p&typeid=i","cat":293234},{"id":209875,"n":"Gel WC 100% Détartrant Harpic 5 min Chrono - 750ml","p":1.62,"u":"2,16 €/L","img":"https://fd9-photos.leclercdrive.fr/image.ashx?id=2864687&use=l&cat=p&typeid=i","cat":284662},{"id":209878,"n":"Spray vitres Ajax Triple action - 750ml","p":1.99,"u":"2,65 €/L","img":"https://fd9-photos.leclercdrive.fr/image.ashx?id=2544581&use=l&cat=p&typeid=i","cat":325363},{"id":209891,"n":"Nettoyant lave-vaisselle Finish  Intégral Anti-Odeurs - 250ml","p":3.68,"u":"14,72 €/L","img":"https://fd9-photos.leclercdrive.fr/image.ashx?id=2659735&use=l&cat=p&typeid=i","cat":284657},{"id":209892,"n":"Détachant poudre Vanish  Blanc - 470g","p":5.57,"u":"11,85 €/KG","img":"https://fd9-photos.leclercdrive.fr/image.ashx?id=2680299&use=l&cat=p&typeid=i","cat":284651},{"id":209893,"n":"Détachant poudre Vanish  940g","p":10.95,"u":"11,65 €/KG","img":"https://fd9-photos.leclercdrive.fr/image.ashx?id=2680308&use=l&cat=p&typeid=i","cat":284651},{"id":209894,"n":"Adoucissant concentré Soupline  Lavande 60 lavages 1,35 L","p":5.95,"u":"4,41 €/L","img":"https://fd9-photos.leclercdrive.fr/image.ashx?id=2912716&use=l&cat=p&typeid=i","cat":284650},{"id":209896,"n":"Beurre gastronomique Président Doux - 82% MG - 500g","p":5.56,"u":"11,12 €/KG","img":"https://fd9-photos.leclercdrive.fr/image.ashx?id=2740556&use=l&cat=p&typeid=i","cat":284379},{"id":209901,"n":"Soda Schweppes Spritz - 1L","p":1.59,"u":"1,59 €/L","img":"https://fd9-photos.leclercdrive.fr/image.ashx?id=2852441&use=l&cat=p&typeid=i","cat":284532},{"id":209912,"n":"Yaourt Bifidus Activia Saveur vanille coco - 16x125g","p":4.51,"u":"2,26 €/KG","img":"https://fd9-photos.leclercdrive.fr/image.ashx?id=2748197&use=l&cat=p&typeid=i","cat":286006},{"id":209915,"n":"Entrecôte de bœuf *** limousine L'Atelier Boucherie - 230g","p":9.99,"u":"43,43 €/KG","img":"https://fd9-photos.leclercdrive.fr/image.ashx?id=2546899&use=l&cat=p&typeid=i","cat":284328},{"id":209940,"n":"Steak de bœuf ** limousine  L'atelier Boucherie x2 - 260G","p":7.49,"u":"28,81 €/KG","img":"https://fd9-photos.leclercdrive.fr/image.ashx?id=2546908&use=l&cat=p&typeid=i","cat":284328},{"id":209996,"n":"Détachant Gel Vanish  750ml","p":5.33,"u":"7,11 €/L","img":"https://fd9-photos.leclercdrive.fr/image.ashx?id=2878108&use=l&cat=p&typeid=i","cat":284651},{"id":210011,"n":"Détachant poudre Vanish  Blanc - 940g","p":10.24,"u":"10,89 €/KG","img":"https://fd9-photos.leclercdrive.fr/image.ashx?id=2680311&use=l&cat=p&typeid=i","cat":284651},{"id":210017,"n":"Mascara Maybelline Falsies Surreal Noir","p":10.74,"img":"https://fd9-photos.leclercdrive.fr/image.ashx?id=2545099&use=l&cat=p&typeid=i","cat":287029},{"id":210024,"n":"Lingettes désinfectantes St  Marc Soleil de Corse - x80","p":2.61,"u":"0,03 €/P","img":"https://fd9-photos.leclercdrive.fr/image.ashx?id=2757440&use=l&cat=p&typeid=i","cat":325358},{"id":210067,"n":"Riz Lustucru 900g","p":2.46,"u":"2,73 €/KG","img":"https://fd9-photos.leclercdrive.fr/image.ashx?id=2963742&use=l&cat=p&typeid=i","cat":284428},{"id":210142,"n":"Soin nuit repulpant So'Bio Etic Bio - 50ml","p":11.65,"u":"233,00 €/L","img":"https://fd9-photos.leclercdrive.fr/image.ashx?id=2997013&use=l&cat=p&typeid=i","cat":325345},{"id":210145,"n":"Crème anti-âge So'Bio Etic Eau thermale - 40ml","p":13.37,"u":"334,25 €/L","img":"https://fd9-photos.leclercdrive.fr/image.ashx?id=2735044&use=l&cat=p&typeid=i","cat":325345},{"id":210147,"n":"Baume hydratant bio So'Bio Etic Apaisant - Eau thermale 50ML","p":8.93,"u":"178,60 €/L","img":"https://fd9-photos.leclercdrive.fr/image.ashx?id=2889634&use=l&cat=p&typeid=i","cat":325345},{"id":210152,"n":"Brosse à dents Electrique Oral-B - Rose - IO 3S","p":97.34,"img":"https://fd9-photos.leclercdrive.fr/image.ashx?id=2566542&use=l&cat=p&typeid=i","cat":297133},{"id":210179,"n":"Mélange thés noirs Kusmi Tea English Breakfast Bio x20 - 40g","p":6.23,"u":"155,75 €/KG","img":"https://fd9-photos.leclercdrive.fr/image.ashx?id=2658950&use=l&cat=p&typeid=i","cat":293233},{"id":210214,"n":"Farine multi-usages Chaque jour sans gluten - 1kg","p":4.93,"u":"4,93 €/KG","img":"https://fd9-photos.leclercdrive.fr/image.ashx?id=2872460&use=l&cat=p&typeid=i","cat":284503},{"id":210224,"n":"Boisson à base de vin  Fruits & Wine Framboise - 75cl","p":2.7,"u":"3,60 €/L","img":"https://fd9-photos.leclercdrive.fr/image.ashx?id=2592534&use=l&cat=p&typeid=i","cat":304569},{"id":210257,"n":"Shampooing Head & Shoulders 2x225ml","p":9.26,"u":"20,58 €/L","img":"https://fd9-photos.leclercdrive.fr/image.ashx?id=2549187&use=l&cat=p&typeid=i","cat":284606},{"id":210264,"n":"Fromage blanc Calin Yoplait Nature 0%MG - 8x100g","p":1.73,"u":"2,16 €/KG","img":"https://fd9-photos.leclercdrive.fr/image.ashx?id=2973742&use=l&cat=p&typeid=i","cat":284409},{"id":210267,"n":"Ampoules LED Standard Philips B22 60W Blanc chaud claire x3","p":17.55,"img":"https://fd9-photos.leclercdrive.fr/image.ashx?id=2546229&use=l&cat=p&typeid=i","cat":300573},{"id":210310,"n":"Ravioli Légumes Maison Rivière 650g","p":3.11,"u":"4,78 €/KG","img":"https://fd9-photos.leclercdrive.fr/image.ashx?id=2743271&use=l&cat=p&typeid=i","cat":284442},{"id":210379,"n":"Nems au poulet Deli's World x8 - 240g","p":4.01,"u":"16,71 €/KG","img":"https://fd9-photos.leclercdrive.fr/image.ashx?id=2600740&use=l&cat=p&typeid=i","cat":319776},{"id":210381,"n":"AOC Côte de Nuits Village rouge Domaine Pansiot - 75cl","p":21.97,"u":"29,29 €/L","img":"https://fd9-photos.leclercdrive.fr/image.ashx?id=2555751&use=l&cat=p&typeid=i","cat":289556},{"id":210516,"n":"Jus de pruneaux Roucadil Sans sucre ajouté - 75cl","p":3.26,"u":"4,35 €/L","img":"https://fd9-photos.leclercdrive.fr/image.ashx?id=2552835&use=l&cat=p&typeid=i","cat":284915},{"id":210566,"n":"Ballotin Célébrations 272g","p":7.2,"img":"https://fd9-photos.leclercdrive.fr/image.ashx?id=2979234&use=l&cat=p&typeid=i","cat":284499},{"id":210703,"n":"Terrine Tous mes amis Volaille carottes - 1.2kg","p":1.95,"u":"1,63 €/KG","img":"https://fd9-photos.leclercdrive.fr/image.ashx?id=2815758&use=l&cat=p&typeid=i","cat":288578},{"id":210717,"n":"Boulettes de boeuf Eco+ 1.2kg","p":1.53,"img":"https://fd9-photos.leclercdrive.fr/image.ashx?id=2815740&use=l&cat=p&typeid=i","cat":288578},{"id":210728,"n":"Sirop de glucose 250g","p":3.27,"u":"13,08 €/KG","img":"https://fd9-photos.leclercdrive.fr/image.ashx?id=2876308&use=l&cat=p&typeid=i","cat":284504},{"id":210734,"n":"Mix levain Vahiné x15 - 105g","p":3.7,"u":"35,24 €/KG","img":"https://fd9-photos.leclercdrive.fr/image.ashx?id=2552598&use=l&cat=p&typeid=i","cat":284504},{"id":210748,"n":"AOP Graves de Vayres Château Cantelaudette - 75cl","p":6.95,"u":"9,27 €/L","img":"https://fd9-photos.leclercdrive.fr/image.ashx?id=2552727&use=l&cat=p&typeid=i","cat":289556},{"id":210769,"n":"Minis Beignets fourrés Assortiment x12 - 300g","p":4.99,"u":"16,63 €/KG","img":"https://fd9-photos.leclercdrive.fr/image.ashx?id=2834617&use=l&cat=p&typeid=i","cat":284984},{"id":210797,"n":"AOC Anjou Blanc sec Dumnacus Chenin blanc - 75cl","p":5.97,"u":"7,96 €/L","img":"https://fd9-photos.leclercdrive.fr/image.ashx?id=2559919&use=l&cat=p&typeid=i","cat":289557},{"id":210798,"n":"AOP Cheverny blanc sec La Divyne - 75cl","p":7.11,"u":"9,48 €/L","img":"https://fd9-photos.leclercdrive.fr/image.ashx?id=2552736&use=l&cat=p&typeid=i","cat":289557},{"id":210803,"n":"Adoucissant Hyperdou Douceur de pêche - 1.9L - x27","p":2.42,"u":"1,27 €/L","img":"https://fd9-photos.leclercdrive.fr/image.ashx?id=2603015&use=l&cat=p&typeid=i","cat":284650},{"id":210804,"n":"Adoucissant Hyperdou Rêve de fraîcheur - 1.9L - x27","p":2.15,"u":"1,13 €/L","img":"https://fd9-photos.leclercdrive.fr/image.ashx?id=2958762&use=l&cat=p&typeid=i","cat":284650},{"id":210806,"n":"Adoucissant Hyperdou Senstive - 1.9L - x27","p":2.38,"u":"1,25 €/L","img":"https://fd9-photos.leclercdrive.fr/image.ashx?id=2603024&use=l&cat=p&typeid=i","cat":284650},{"id":210816,"n":"Beurre Bio Ethiquable  100% cacahuètes crunchy - 350g","p":4.35,"u":"12,43 €/KG","img":"https://fd9-photos.leclercdrive.fr/image.ashx?id=2755747&use=l&cat=p&typeid=i","cat":284481},{"id":210821,"n":"Pommes rissolées Findus 590g","p":2.07,"u":"3,51 €/KG","img":"https://fd9-photos.leclercdrive.fr/image.ashx?id=2790099&use=l&cat=p&typeid=i","cat":319792},{"id":210823,"n":"Pommes noisette Findus 500g","p":2.24,"u":"4,48 €/KG","img":"https://fd9-photos.leclercdrive.fr/image.ashx?id=2865866&use=l&cat=p&typeid=i","cat":319792},{"id":210824,"n":"Pommes noisette Findus 900g","p":3.7,"u":"4,11 €/KG","img":"https://fd9-photos.leclercdrive.fr/image.ashx?id=2899500&use=l&cat=p&typeid=i","cat":319792},{"id":210827,"n":"Adoucissant Hyperdou Plaisir de vanille - 1.9L - x27","p":1.99,"u":"1,05 €/L","img":"https://fd9-photos.leclercdrive.fr/image.ashx?id=2974837&use=l&cat=p&typeid=i","cat":284650},{"id":210848,"n":"Tomates cerises bio Bio Village Allongées bicolores - 250g","p":2.49,"u":"9,96 €/KG","img":"https://fd9-photos.leclercdrive.fr/image.ashx?id=2553073&use=l&cat=p&typeid=i","cat":284352},{"id":210906,"n":"AOP Vin Rouge Rhône Réserve Grand Chemin - 75cl","p":4.0,"u":"5,33 €/L","img":"https://fd9-photos.leclercdrive.fr/image.ashx?id=2566996&use=l&cat=p&typeid=i","cat":289556},{"id":210948,"n":"Margarine Planta Fin Doux 100% végétal - 450g","p":2.66,"u":"5,91 €/KG","img":"https://fd9-photos.leclercdrive.fr/image.ashx?id=2989477&use=l&cat=p&typeid=i","cat":315229},{"id":210951,"n":"Mousse au chocolat Eco+ 4x60g","p":0.84,"u":"3,50 €/KG","img":"https://fd9-photos.leclercdrive.fr/image.ashx?id=2552493&use=l&cat=p&typeid=i","cat":284417},{"id":210960,"n":"Bouchées Tous les Amis 1.2kg","p":2.15,"u":"1,79 €/KG","img":"https://fd9-photos.leclercdrive.fr/image.ashx?id=2815767&use=l&cat=p&typeid=i","cat":288578},{"id":210962,"n":"Emincés en sauce Tous les Amis Assortiment - 6x400g","p":5.28,"u":"2,20 €/KG","img":"https://fd9-photos.leclercdrive.fr/image.ashx?id=2815761&use=l&cat=p&typeid=i","cat":285601},{"id":210964,"n":"Cœurs en sucre Vahiné 20g","p":2.6,"u":"130,00 €/KG","img":"https://fd9-photos.leclercdrive.fr/image.ashx?id=2890875&use=l&cat=p&typeid=i","cat":284504},{"id":210968,"n":"Tajine de boeuf Fleury Michon 350g","p":3.4,"u":"9,71 €/KG","img":"https://fd9-photos.leclercdrive.fr/image.ashx?id=2656730&use=l&cat=p&typeid=i","cat":333665},{"id":210972,"n":"Sauce bolognaise au chorizo bio Jardin Bio - 350g","p":3.23,"u":"9,23 €/KG","img":"https://fd9-photos.leclercdrive.fr/image.ashx?id=2554298&use=l&cat=p&typeid=i","cat":288384},{"id":210976,"n":"Émincés de boeuf Marie Sauce au poivre - 300g","p":4.84,"u":"16,13 €/KG","img":"https://fd9-photos.leclercdrive.fr/image.ashx?id=2554178&use=l&cat=p&typeid=i","cat":333665},{"id":211041,"n":"Fromage à tartiner Kiri Délicieusement fouetté - 210g","p":3.31,"u":"15,76 €/KG","img":"https://fd9-photos.leclercdrive.fr/image.ashx?id=2686594&use=l&cat=p&typeid=i","cat":314029},{"id":211044,"n":"Gel Toilette Intime Extra Doux Intima Natural Hamamélis 500ml","p":5.99,"u":"11,98 €/L","img":"https://fd9-photos.leclercdrive.fr/image.ashx?id=2959877&use=l&cat=p&typeid=i","cat":284627},{"id":211054,"n":"Croûtons Tipiak Nature - 75g","p":1.43,"u":"19,07 €/KG","img":"https://fd9-photos.leclercdrive.fr/image.ashx?id=2812726&use=l&cat=p&typeid=i","cat":284464},{"id":211079,"n":"Terrine Tous Mes Amis 3x1.2kg","p":5.85,"u":"1,63 €/KG","img":"https://fd9-photos.leclercdrive.fr/image.ashx?id=2815770&use=l&cat=p&typeid=i","cat":288578},{"id":211085,"n":"Thé glacé Lipton Ice Tea pêche Le lot de 4x1.25L","p":5.99,"u":"1,20 €/L","img":"https://fd9-photos.leclercdrive.fr/image.ashx?id=2554133&use=l&cat=p&typeid=i","cat":295019},{"id":211089,"n":"Pâte à sucre rose Vahiné  250g","p":3.07,"u":"12,28 €/KG","img":"https://fd9-photos.leclercdrive.fr/image.ashx?id=2554154&use=l&cat=p&typeid=i","cat":284504},{"id":211090,"n":"Liqueur de menthe Get 27 17,9° - 1L","p":17.68,"u":"17,68 €/L","img":"https://fd9-photos.leclercdrive.fr/image.ashx?id=2858276&use=l&cat=p&typeid=i","cat":286032},{"id":211096,"n":"Ciboulette Ducros 11g","p":2.25,"u":"204,55 €/KG","img":"https://fd9-photos.leclercdrive.fr/image.ashx?id=2554115&use=l&cat=p&typeid=i","cat":298297},{"id":211098,"n":"Emincée Tous Mes Amis Poissons - 4x400g","p":4.02,"u":"2,51 €/KG","img":"https://fd9-photos.leclercdrive.fr/image.ashx?id=2815764&use=l&cat=p&typeid=i","cat":285601},{"id":211114,"n":"Bigarreaux confits Vahiné Provence - 150g","p":3.54,"u":"23,60 €/KG","img":"https://fd9-photos.leclercdrive.fr/image.ashx?id=2554136&use=l&cat=p&typeid=i","cat":284504},{"id":211122,"n":"Curry Ducros 100g","p":2.58,"u":"25,80 €/KG","img":"https://fd9-photos.leclercdrive.fr/image.ashx?id=2554118&use=l&cat=p&typeid=i","cat":298297},{"id":211123,"n":"Paprika doux Ducros 100g","p":2.86,"u":"28,60 €/KG","img":"https://fd9-photos.leclercdrive.fr/image.ashx?id=2554121&use=l&cat=p&typeid=i","cat":298297},{"id":211125,"n":"Curry Ducros 47g","p":2.01,"u":"42,77 €/KG","img":"https://fd9-photos.leclercdrive.fr/image.ashx?id=2559496&use=l&cat=p&typeid=i","cat":298297},{"id":211223,"n":"Piment d'Espelette Ducros et origan - 25g","p":7.65,"u":"306,00 €/KG","img":"https://fd9-photos.leclercdrive.fr/image.ashx?id=2555340&use=l&cat=p&typeid=i","cat":298297},{"id":211244,"n":"Boisson base vodka Eristoff Pink 18° - 70cl","p":12.73,"u":"18,19 €/L","img":"https://fd9-photos.leclercdrive.fr/image.ashx?id=2842933&use=l&cat=p&typeid=i","cat":284550},{"id":211397,"n":"Cacahuetes caramélisées Tokapi Salé - 150g","p":1.4,"u":"9,33 €/KG","img":"https://fd9-photos.leclercdrive.fr/image.ashx?id=2793329&use=l&cat=p&typeid=i","cat":284448},{"id":211398,"n":"Amandes  Tokapi 200g","p":2.78,"u":"13,90 €/KG","img":"https://fd9-photos.leclercdrive.fr/image.ashx?id=2793326&use=l&cat=p&typeid=i","cat":284448},{"id":211413,"n":"Céréales Kit Kat 330g","p":2.79,"u":"8,45 €/KG","img":"https://fd9-photos.leclercdrive.fr/image.ashx?id=2989453&use=l&cat=p&typeid=i","cat":309513},{"id":211414,"n":"Céréales Miel Pops Kellogg's 330g","p":2.44,"u":"7,39 €/KG","img":"https://fd9-photos.leclercdrive.fr/image.ashx?id=3003423&use=l&cat=p&typeid=i","cat":309513},{"id":211415,"n":"Poules aux vermicelles Maggi 3x59g","p":1.2,"u":"6,78 €/KG","img":"https://fd9-photos.leclercdrive.fr/image.ashx?id=2556345&use=l&cat=p&typeid=i","cat":284463},{"id":211426,"n":"Pain burger Eco+ Nature x6 - 330g","p":0.88,"u":"2,67 €/KG","img":"https://fd9-photos.leclercdrive.fr/image.ashx?id=2854195&use=l&cat=p&typeid=i","cat":325067},{"id":211427,"n":"Pain burger Epi d'Or Nature x6 - 330g","p":0.93,"u":"2,82 €/KG","img":"https://fd9-photos.leclercdrive.fr/image.ashx?id=2807303&use=l&cat=p&typeid=i","cat":325067},{"id":211428,"n":"Céréales Special K Kellogg's Nature - 500g","p":2.83,"u":"5,66 €/KG","img":"https://fd9-photos.leclercdrive.fr/image.ashx?id=2583996&use=l&cat=p&typeid=i","cat":309512},{"id":211431,"n":"Oignon Ducros 9g","p":2.34,"u":"260,00 €/KG","img":"https://fd9-photos.leclercdrive.fr/image.ashx?id=2557332&use=l&cat=p&typeid=i","cat":298297},{"id":211434,"n":"Tonifiant sexuel Vitavea Gingembre ginseng  15g","p":6.91,"u":"0,23 €/P","img":"https://fd9-photos.leclercdrive.fr/image.ashx?id=2651131&use=l&cat=p&typeid=i","cat":313217},{"id":211436,"n":"Weetabix crispy  Minis choco - 500g","p":3.99,"u":"7,98 €/KG","img":"https://fd9-photos.leclercdrive.fr/image.ashx?id=2971311&use=l&cat=p&typeid=i","cat":309512},{"id":211470,"n":"Dentifrice Signal Professionnel Action Sensibilité Complet 75ml","p":2.92,"u":"38,93 €/L","img":"https://fd9-photos.leclercdrive.fr/image.ashx?id=2961326&use=l&cat=p&typeid=i","cat":284612},{"id":211481,"n":"Biscottes Pasquier Sans sel et sucre ajoutés - 300","p":1.81,"u":"6,03 €/KG","img":"https://fd9-photos.leclercdrive.fr/image.ashx?id=2899407&use=l&cat=p&typeid=i","cat":284479},{"id":211490,"n":"Artichauts Ponti 280g","p":2.99,"u":"10,68 €/KG","img":"https://fd9-photos.leclercdrive.fr/image.ashx?id=2556741&use=l&cat=p&typeid=i","cat":312611},{"id":211520,"n":"Dentifrice Signal Professionnel Sensibilité Gencives 75ml","p":3.22,"u":"42,93 €/L","img":"https://fd9-photos.leclercdrive.fr/image.ashx?id=2961329&use=l&cat=p&typeid=i","cat":284612},{"id":211522,"n":"Dentifrice Signal Professionnel Sensibilité Blancheur 75ml","p":2.92,"u":"38,93 €/L","img":"https://fd9-photos.leclercdrive.fr/image.ashx?id=2961332&use=l&cat=p&typeid=i","cat":284612},{"id":211550,"n":"Sel Regénérant Sun Lave Vaisselle Standard 1Kg","p":1.18,"u":"1,18 €/KG","img":"https://fd9-photos.leclercdrive.fr/image.ashx?id=2729434&use=l&cat=p&typeid=i","cat":284657},{"id":211551,"n":"Déodorant bille homme Axe Aqua bergamot - 50ml","p":4.76,"u":"95,20 €/L","img":"https://fd9-photos.leclercdrive.fr/image.ashx?id=2850829&use=l&cat=p&typeid=i","cat":284618},{"id":211555,"n":"Sun Capsules Lave-Vaisselle Tout en 1 Absolu Brillance x28","p":7.9,"u":"18,81 €/KG","img":"https://fd9-photos.leclercdrive.fr/image.ashx?id=2961350&use=l&cat=p&typeid=i","cat":284656},{"id":211556,"n":"Sun Capsules Lave-Vaisselle Tout en1 Absolu Dégraissant x28","p":7.9,"u":"18,81 €/KG","img":"https://fd9-photos.leclercdrive.fr/image.ashx?id=2961353&use=l&cat=p&typeid=i","cat":284656},{"id":211564,"n":"Adoucissant concentré Soupline Coco fleurs blanches - 1.28L","p":6.35,"u":"4,96 €/L","img":"https://fd9-photos.leclercdrive.fr/image.ashx?id=2832566&use=l&cat=p&typeid=i","cat":284650},{"id":211578,"n":"Déodorant bille Rexona Invisible aqua 72h - 50ml","p":3.36,"u":"67,20 €/L","img":"https://fd9-photos.leclercdrive.fr/image.ashx?id=2849674&use=l&cat=p&typeid=i","cat":284595},{"id":211581,"n":"Déodorant spray homme Axe Blue Lavender - 150ml","p":4.14,"u":"27,60 €/L","img":"https://fd9-photos.leclercdrive.fr/image.ashx?id=2910231&use=l&cat=p&typeid=i","cat":284618},{"id":211584,"n":"Déodorant spray homme Axe Aqua bergamot - 150ml","p":4.14,"u":"27,60 €/L","img":"https://fd9-photos.leclercdrive.fr/image.ashx?id=3004453&use=l&cat=p&typeid=i","cat":284618},{"id":211598,"n":"Yaourt protéiné Hipro Stracciatella 0%mg - 2x160g","p":2.31,"u":"7,22 €/KG","img":"https://fd9-photos.leclercdrive.fr/image.ashx?id=2807438&use=l&cat=p&typeid=i","cat":315000},{"id":211631,"n":"Desserts Lactés P'TIT BRASSE   Abricot vanille -6m+ - 4x90g","p":2.03,"u":"5,64 €/KG","img":"https://fd9-photos.leclercdrive.fr/image.ashx?id=2600072&use=l&cat=p&typeid=i","cat":312392},{"id":211632,"n":"Desserts Lactés P'TIT ONCTUEUX Nature 6M+ - 8x90g","p":3.63,"u":"5,04 €/KG","img":"https://fd9-photos.leclercdrive.fr/image.ashx?id=2559161&use=l&cat=p&typeid=i","cat":312392},{"id":211723,"n":"Gel douche Adidas Active Skin & Mind- Deep Care - 250ml","p":2.31,"u":"9,24 €/L","img":"https://fd9-photos.leclercdrive.fr/image.ashx?id=2990778&use=l&cat=p&typeid=i","cat":284594},{"id":211764,"n":"Chorizo César Moroni -30% MG - 200g","p":3.17,"u":"15,85 €/KG","img":"https://fd9-photos.leclercdrive.fr/image.ashx?id=2560122&use=l&cat=p&typeid=i","cat":316006},{"id":211765,"n":"Saucisson Fuet Iberico César Moroni - 150g","p":3.42,"u":"22,80 €/KG","img":"https://fd9-photos.leclercdrive.fr/image.ashx?id=2560125&use=l&cat=p&typeid=i","cat":316006},{"id":211827,"n":"Céréales bébé BABIVANILLE Vanille 10M+ - 400g","p":3.38,"u":"8,45 €/KG","img":"https://fd9-photos.leclercdrive.fr/image.ashx?id=2562651&use=l&cat=p&typeid=i","cat":312225},{"id":211855,"n":"Bonbons Trolli Multi Mix 430g","p":4.03,"pp":2.82,"u":"6,56 €/KG","img":"https://fd9-photos.leclercdrive.fr/image.ashx?id=2565338&use=l&cat=p&typeid=i","cat":304250},{"id":211856,"n":"Biscuits Petits Chocos Bonne maman - 250g","p":2.36,"u":"9,44 €/KG","img":"https://fd9-photos.leclercdrive.fr/image.ashx?id=2949997&use=l&cat=p&typeid=i","cat":284488},{"id":211864,"n":"Nouilles de blé Tien Shan Canard - 2x85g+85g offerts","p":1.69,"u":"6,63 €/KG","img":"https://fd9-photos.leclercdrive.fr/image.ashx?id=2562435&use=l&cat=p&typeid=i","cat":288992},{"id":211865,"n":"Nouilles de blé Tien Shan Crevette - 2x85g+85g offerts","p":1.58,"u":"6,20 €/KG","img":"https://fd9-photos.leclercdrive.fr/image.ashx?id=2562438&use=l&cat=p&typeid=i","cat":288992},{"id":211867,"n":"Nouilles de blé Tien Shan Boeuf - 2x85g+85g offerts","p":1.69,"u":"6,63 €/KG","img":"https://fd9-photos.leclercdrive.fr/image.ashx?id=2562444&use=l&cat=p&typeid=i","cat":288992},{"id":211896,"n":"Miel de France Lune de Miel 250g","p":3.86,"u":"15,44 €/KG","img":"https://fd9-photos.leclercdrive.fr/image.ashx?id=2944687&use=l&cat=p&typeid=i","cat":287643},{"id":212110,"n":"Adoucissant Hyperdou Senteur de provence - 1.9L x 27","p":2.39,"u":"1,26 €/L","img":"https://fd9-photos.leclercdrive.fr/image.ashx?id=2603021&use=l&cat=p&typeid=i","cat":284650},{"id":212112,"n":"Céréales Frosties Kellogg's  330g","p":2.37,"u":"7,18 €/KG","img":"https://fd9-photos.leclercdrive.fr/image.ashx?id=2565362&use=l&cat=p&typeid=i","cat":309513},{"id":212248,"n":"Crème glacée La Laitière Chocolat avec copeaux - 490g","p":3.24,"pp":2.27,"u":"4,63 €/KG","img":"https://fd9-photos.leclercdrive.fr/image.ashx?id=3000012&use=l&cat=p&typeid=i","cat":284263},{"id":212326,"n":"Infusions Epices Ethiquable Bio Roobios Afrique du Sud 40g","p":2.46,"u":"61,50 €/KG","img":"https://fd9-photos.leclercdrive.fr/image.ashx?id=2874063&use=l&cat=p&typeid=i","cat":293234},{"id":212383,"n":"Barres de céréales Spécial K Protein Coco cacao cajou -4x28g","p":2.65,"u":"23,66 €/KG","img":"https://fd9-photos.leclercdrive.fr/image.ashx?id=3011809&use=l&cat=p&typeid=i","cat":300032},{"id":212461,"n":"Sprite sans sucre  Citron & citron vert - 6x33cl","p":3.01,"u":"1,52 €/L","img":"https://fd9-photos.leclercdrive.fr/image.ashx?id=2566461&use=l&cat=p&typeid=i","cat":284531},{"id":212467,"n":"Protège-slip Protection Vania Large Fresh - x36","p":3.07,"img":"https://fd9-photos.leclercdrive.fr/image.ashx?id=2735233&use=l&cat=p&typeid=i","cat":284625},{"id":212468,"n":"Protège-slips Confort Vania Aloe vera - x56","p":2.6,"img":"https://fd9-photos.leclercdrive.fr/image.ashx?id=2735236&use=l&cat=p&typeid=i","cat":284625},{"id":212473,"n":"Liquide de Rinçage Finish  Citron - 800ml","p":5.66,"u":"7,08 €/L","img":"https://fd9-photos.leclercdrive.fr/image.ashx?id=2881966&use=l&cat=p&typeid=i","cat":284657},{"id":212486,"n":"Film étirable Elembal 50m","p":1.8,"u":"0,04 €/MT","img":"https://fd9-photos.leclercdrive.fr/image.ashx?id=2566146&use=l&cat=p&typeid=i","cat":285194},{"id":212504,"n":"Crème hyaluronique Mixa 400ml","p":5.47,"u":"13,68 €/L","img":"https://fd9-photos.leclercdrive.fr/image.ashx?id=2585810&use=l&cat=p&typeid=i","cat":325350},{"id":212537,"n":"Amandes grillées Seeberger 400g","p":10.36,"u":"25,90 €/KG","img":"https://fd9-photos.leclercdrive.fr/image.ashx?id=2567420&use=l&cat=p&typeid=i","cat":284448},{"id":212593,"n":"Litière chats Tous mes Amis Triple action blanche - 5L","p":4.2,"u":"0,84 €/L","img":"https://fd9-photos.leclercdrive.fr/image.ashx?id=2568361&use=l&cat=p&typeid=i","cat":284683},{"id":212599,"n":"Amandes décortiquées Couleurs Vives - 200g","p":2.78,"u":"13,90 €/KG","img":"https://fd9-photos.leclercdrive.fr/image.ashx?id=2567592&use=l&cat=p&typeid=i","cat":284357},{"id":212600,"n":"Cranberries Couleurs Vives 200g","p":1.99,"u":"9,95 €/KG","img":"https://fd9-photos.leclercdrive.fr/image.ashx?id=2567595&use=l&cat=p&typeid=i","cat":284357},{"id":212603,"n":"Fruits secs Mix croquant Couleurs Vives - 200g","p":2.99,"u":"14,95 €/KG","img":"https://fd9-photos.leclercdrive.fr/image.ashx?id=2567601&use=l&cat=p&typeid=i","cat":284357},{"id":212643,"n":"Margarine Planta Fin Doux 100% végétal - 225g","p":1.76,"u":"7,82 €/KG","img":"https://fd9-photos.leclercdrive.fr/image.ashx?id=2989471&use=l&cat=p&typeid=i","cat":315229},{"id":212645,"n":"Margarine Planta Fin Demi-sel 100% végétal - 225g","p":1.76,"u":"7,82 €/KG","img":"https://fd9-photos.leclercdrive.fr/image.ashx?id=2989465&use=l&cat=p&typeid=i","cat":315229},{"id":212678,"n":"Sauce apéritif Doritos Guacamole - 270g","p":2.46,"u":"9,11 €/KG","img":"https://fd9-photos.leclercdrive.fr/image.ashx?id=2617852&use=l&cat=p&typeid=i","cat":284451},{"id":212679,"n":"Céréales Coco Pops Chocos Kellogg's - 330g","p":2.57,"u":"7,79 €/KG","img":"https://fd9-photos.leclercdrive.fr/image.ashx?id=2571683&use=l&cat=p&typeid=i","cat":309513},{"id":212744,"n":"Tartines craquantes Jardin Bio  Seigle Bio - 150g","p":2.15,"u":"14,33 €/KG","img":"https://fd9-photos.leclercdrive.fr/image.ashx?id=2587710&use=l&cat=p&typeid=i","cat":285543},{"id":212750,"n":"Petits pots bébé P'TIT SOUPER Pastasotto 12M+ - 2x200g","p":2.07,"u":"5,18 €/KG","img":"https://fd9-photos.leclercdrive.fr/image.ashx?id=2571863&use=l&cat=p&typeid=i","cat":312239},{"id":212762,"n":"Soupe à l'oignons Maggi 61g","p":0.67,"u":"10,98 €/KG","img":"https://fd9-photos.leclercdrive.fr/image.ashx?id=2571872&use=l&cat=p&typeid=i","cat":284463},{"id":212767,"n":"Quinoa pois chiches bio  Céréal Bio - 220g","p":2.25,"u":"10,23 €/KG","img":"https://fd9-photos.leclercdrive.fr/image.ashx?id=2575114&use=l&cat=p&typeid=i","cat":287600},{"id":212771,"n":"Pepites de chocolats Vahiné  Noisettes - 100g","p":2.88,"u":"28,80 €/KG","img":"https://fd9-photos.leclercdrive.fr/image.ashx?id=2570190&use=l&cat=p&typeid=i","cat":284504},{"id":212773,"n":"Curry Balti Ducros - 39g","p":2.36,"u":"60,51 €/KG","img":"https://fd9-photos.leclercdrive.fr/image.ashx?id=2570169&use=l&cat=p&typeid=i","cat":298297},{"id":212804,"n":"Goupillon Eco+ Rince tétine intégré - x1","p":0.98,"img":"https://fd9-photos.leclercdrive.fr/image.ashx?id=2580252&use=l&cat=p&typeid=i","cat":284742},{"id":212809,"n":"Crème de marron Clément Faugier 250g","p":2.04,"u":"8,16 €/KG","img":"https://fd9-photos.leclercdrive.fr/image.ashx?id=2570475&use=l&cat=p&typeid=i","cat":284481},{"id":212817,"n":"Nettoyant vitres Ajax Triple action Recharge - 750ml","p":1.67,"u":"2,23 €/L","img":"https://fd9-photos.leclercdrive.fr/image.ashx?id=2842969&use=l&cat=p&typeid=i","cat":325363},{"id":212826,"n":"Poivre et épices Ducros 200g","p":7.69,"u":"38,45 €/KG","img":"https://fd9-photos.leclercdrive.fr/image.ashx?id=2571194&use=l&cat=p&typeid=i","cat":284457},{"id":212829,"n":"Moulin Ducros 5 baies - 24g","p":3.45,"u":"143,75 €/KG","img":"https://fd9-photos.leclercdrive.fr/image.ashx?id=2571197&use=l&cat=p&typeid=i","cat":298297},{"id":212836,"n":"Sucette silicone Mots d'enfants 2ème âge - x2","p":3.45,"u":"1,73 €/P","img":"https://fd9-photos.leclercdrive.fr/image.ashx?id=2580276&use=l&cat=p&typeid=i","cat":284743},{"id":212876,"n":"AOP Champagne Moët & Chandon Brut impérial - 75cl","p":38.04,"u":"50,72 €/L","img":"https://fd9-photos.leclercdrive.fr/image.ashx?id=2578951&use=l&cat=p&typeid=i","cat":284542},{"id":212922,"n":"Déboucheur Gel Destop  Spécial Cuisine - 1L","p":3.55,"u":"3,55 €/L","img":"https://fd9-photos.leclercdrive.fr/image.ashx?id=2572278&use=l&cat=p&typeid=i","cat":284908},{"id":212934,"n":"Lait bébé poudre Guigoz Optipro 3ème âge - dès 12 mois - 830g","p":10.03,"u":"12,08 €/KG","img":"https://fd9-photos.leclercdrive.fr/image.ashx?id=2895059&use=l&cat=p&typeid=i","cat":290219},{"id":212964,"n":"Oeufs Douce France Plein air - x12","p":3.75,"img":"https://fd9-photos.leclercdrive.fr/image.ashx?id=2660131&use=l&cat=p&typeid=i","cat":284378},{"id":212971,"n":"Barre Enrobage Blanc Lion x6 barres - 180g","p":2.51,"u":"13,94 €/KG","img":"https://fd9-photos.leclercdrive.fr/image.ashx?id=2813044&use=l&cat=p&typeid=i","cat":284498},{"id":213023,"n":"Pâtée et morceaux chiens Eco+ Boeuf - 1.2kg","p":1.67,"u":"1,39 €/KG","img":"https://fd9-photos.leclercdrive.fr/image.ashx?id=2815743&use=l&cat=p&typeid=i","cat":288578},{"id":213025,"n":"Boulettes à la volaille Eco+ 1.2kg","p":1.54,"u":"1,28 €/KG","img":"https://fd9-photos.leclercdrive.fr/image.ashx?id=2815737&use=l&cat=p&typeid=i","cat":288578},{"id":213037,"n":"Culottes Drynites Huggies  4/7ans - x16","p":11.96,"u":"0,75 €/P","img":"https://fd9-photos.leclercdrive.fr/image.ashx?id=2844730&use=l&cat=p&typeid=i","cat":290633},{"id":213173,"n":"Tropico l'original 6x33cl","p":3.46,"u":"1,75 €/L","img":"https://fd9-photos.leclercdrive.fr/image.ashx?id=2678155&use=l&cat=p&typeid=i","cat":295018},{"id":213176,"n":"Nouilles à la chinoise Marie Au Poulet - 900g","p":6.12,"u":"6,80 €/KG","img":"https://fd9-photos.leclercdrive.fr/image.ashx?id=2996773&use=l&cat=p&typeid=i","cat":284254},{"id":213189,"n":"Milky fromage enfant à tartiner Les Croisés 24 portions - 432g","p":3.59,"u":"8,31 €/KG","img":"https://fd9-photos.leclercdrive.fr/image.ashx?id=2791899&use=l&cat=p&typeid=i","cat":314030},{"id":213200,"n":"Gaufrettes Quadro Cémoi Choco noisettes - 187g","p":2.26,"u":"12,09 €/KG","img":"https://fd9-photos.leclercdrive.fr/image.ashx?id=2654731&use=l&cat=p&typeid=i","cat":284488},{"id":213213,"n":"Pastis de Marseille Duval  45%vol - 20cl","p":4.05,"u":"20,25 €/L","img":"https://fd9-photos.leclercdrive.fr/image.ashx?id=2686663&use=l&cat=p&typeid=i","cat":284548},{"id":213242,"n":"Céréales Coco Pops Kellogg's Original - 330g","p":2.78,"u":"8,42 €/KG","img":"https://fd9-photos.leclercdrive.fr/image.ashx?id=2577099&use=l&cat=p&typeid=i","cat":309513},{"id":213264,"n":"Nems aux crevettes Déli's World - 240g","p":4.0,"u":"16,67 €/KG","img":"https://fd9-photos.leclercdrive.fr/image.ashx?id=2600743&use=l&cat=p&typeid=i","cat":319822},{"id":213285,"n":"Masque tissu Garnier Hydra bomb Hydratant repulpant - x4","p":9.07,"u":"2,27 €/P","img":"https://fd9-photos.leclercdrive.fr/image.ashx?id=2581708&use=l&cat=p&typeid=i","cat":null},{"id":213288,"n":"Cake sans gluten Gerblé Chocolat - 210g","p":3.17,"u":"15,10 €/KG","img":"https://fd9-photos.leclercdrive.fr/image.ashx?id=2662814&use=l&cat=p&typeid=i","cat":284495},{"id":213289,"n":"Tartine complète Avoine Gerblé  Sans Gluten  - 210g","p":3.07,"u":"14,62 €/KG","img":"https://fd9-photos.leclercdrive.fr/image.ashx?id=2662886&use=l&cat=p&typeid=i","cat":318654},{"id":213366,"n":"Toast nature Harrys Tranches épaisses - 250g","p":1.75,"u":"7,00 €/KG","img":"https://fd9-photos.leclercdrive.fr/image.ashx?id=2581253&use=l&cat=p&typeid=i","cat":285454},{"id":213395,"n":"Sérum hyalurogel Mixa Peau sensible - 30ml","p":6.1,"u":"203,33 €/L","img":"https://fd9-photos.leclercdrive.fr/image.ashx?id=2585807&use=l&cat=p&typeid=i","cat":325345},{"id":213404,"n":"Crème cica Mixa Réparation - 400ml","p":7.2,"u":"18,00 €/L","img":"https://fd9-photos.leclercdrive.fr/image.ashx?id=2579023&use=l&cat=p&typeid=i","cat":325350},{"id":213432,"n":"Gel Corps et Cheveux Cadum Hypoallergenique - 750ml","p":4.72,"u":"6,29 €/L","img":"https://fd9-photos.leclercdrive.fr/image.ashx?id=2581798&use=l&cat=p&typeid=i","cat":284594},{"id":213443,"n":"Après-Shampoing Franck Provost Expert nutrition - 450ml","p":4.06,"u":"9,02 €/L","img":"https://fd9-photos.leclercdrive.fr/image.ashx?id=2581807&use=l&cat=p&typeid=i","cat":284607},{"id":213454,"n":"Petits pois Eco+ 1kg","p":1.52,"u":"1,52 €/KG","img":"https://fd9-photos.leclercdrive.fr/image.ashx?id=2699874&use=l&cat=p&typeid=i","cat":319805},{"id":213455,"n":"Champignons Eco+ 1kg","p":1.45,"u":"1,45 €/KG","img":"https://fd9-photos.leclercdrive.fr/image.ashx?id=2593339&use=l&cat=p&typeid=i","cat":319805},{"id":213456,"n":"Quart de jambon sec Eco+ 14 tranches - 200g","p":2.33,"u":"11,65 €/KG","img":"https://fd9-photos.leclercdrive.fr/image.ashx?id=2579219&use=l&cat=p&typeid=i","cat":316007},{"id":213461,"n":"Fromage à Tartiner Tartare  Herbes de Provence - 250g","p":2.85,"u":"11,40 €/KG","img":"https://fd9-photos.leclercdrive.fr/image.ashx?id=2883955&use=l&cat=p&typeid=i","cat":314029},{"id":213464,"n":"Panés Spécial Burger Père Dodu  Chapelure Corn Flakes - x2 - 18","p":2.85,"u":"15,83 €/KG","img":"https://fd9-photos.leclercdrive.fr/image.ashx?id=2957221&use=l&cat=p&typeid=i","cat":333684},{"id":213487,"n":"Crème semi-épaisse UHT Délisse Entière - 30% MG - 2x25cl","p":3.21,"u":"6,42 €/L","img":"https://fd9-photos.leclercdrive.fr/image.ashx?id=2579396&use=l&cat=p&typeid=i","cat":284381},{"id":213496,"n":"Boisson Noisette choco Végé 1L Végé - 200g","p":1.99,"u":"1,99 €/L","img":"https://fd9-photos.leclercdrive.fr/image.ashx?id=2903974&use=l&cat=p&typeid=i","cat":316067},{"id":213537,"n":"Glace Viennetta Façon Cappuccino - 320g","p":2.51,"u":"7,84 €/KG","img":"https://fd9-photos.leclercdrive.fr/image.ashx?id=2580239&use=l&cat=p&typeid=i","cat":284266},{"id":213550,"n":"Litière chats Tous mes Amis Agglomérante charbon actif - 5L","p":3.5,"u":"0,70 €/L","img":"https://fd9-photos.leclercdrive.fr/image.ashx?id=2580258&use=l&cat=p&typeid=i","cat":284683},{"id":213582,"n":"Crème Douche surgras Bio Cadum Karité - 450ml","p":2.83,"u":"6,29 €/L","img":"https://fd9-photos.leclercdrive.fr/image.ashx?id=2580801&use=l&cat=p&typeid=i","cat":284594},{"id":213604,"n":"Crème Douche Hydratation Cadum Huile d'Amandes Douces - 450ml","p":2.8,"u":"6,22 €/L","img":"https://fd9-photos.leclercdrive.fr/image.ashx?id=2582282&use=l&cat=p&typeid=i","cat":284594},{"id":213614,"n":"Lentilles corail Notre Jardin 500g","p":1.72,"u":"3,44 €/KG","img":"https://fd9-photos.leclercdrive.fr/image.ashx?id=2610726&use=l&cat=p&typeid=i","cat":284430},{"id":213626,"n":"Foie de morue Connétable MSC Nature - 2x121g","p":3.99,"u":"16,49 €/KG","img":"https://fd9-photos.leclercdrive.fr/image.ashx?id=2581259&use=l&cat=p&typeid=i","cat":305147},{"id":213627,"n":"Foie de morue Connétable MSC Goût fumé - 2x121g","p":3.99,"u":"16,49 €/KG","img":"https://fd9-photos.leclercdrive.fr/image.ashx?id=2581262&use=l&cat=p&typeid=i","cat":305147},{"id":213628,"n":"Foie de morue Connétable MSC Au sel de Guérande - 2x121g","p":3.99,"u":"16,49 €/KG","img":"https://fd9-photos.leclercdrive.fr/image.ashx?id=2581268&use=l&cat=p&typeid=i","cat":305147},{"id":213635,"n":"Eau Volvic Zest Fraise - 6x50cl","p":3.45,"u":"1,15 €/L","img":"https://fd9-photos.leclercdrive.fr/image.ashx?id=2730289&use=l&cat=p&typeid=i","cat":284537},{"id":213636,"n":"Secret d'arôme Knorr Epices douces - 60g","p":1.32,"u":"22,00 €/KG","img":"https://fd9-photos.leclercdrive.fr/image.ashx?id=2961344&use=l&cat=p&typeid=i","cat":298297},{"id":213655,"n":"Saucisses fumées Bigard 720g","p":8.99,"u":"12,49 €/KG","img":"https://fd9-photos.leclercdrive.fr/image.ashx?id=2581271&use=l&cat=p&typeid=i","cat":316012},{"id":213673,"n":"Pur jus d'orange pressée Andros 1L","p":2.87,"u":"2,87 €/L","img":"https://fd9-photos.leclercdrive.fr/image.ashx?id=2963430&use=l&cat=p&typeid=i","cat":284354},{"id":213676,"n":"Pur jus d'oranges Andros Sans pulpe - 1L","p":2.87,"u":"2,87 €/L","img":"https://fd9-photos.leclercdrive.fr/image.ashx?id=2928873&use=l&cat=p&typeid=i","cat":284354},{"id":213687,"n":"Shampoing karité Franck Provost Cheveux Secs, très secs - 500ml","p":4.06,"u":"8,12 €/L","img":"https://fd9-photos.leclercdrive.fr/image.ashx?id=2581804&use=l&cat=p&typeid=i","cat":284606},{"id":213688,"n":"Shampoing Karité Franck Provost Cheveux Très Secs épais - 500ml","p":4.06,"u":"8,12 €/L","img":"https://fd9-photos.leclercdrive.fr/image.ashx?id=2582312&use=l&cat=p&typeid=i","cat":284606},{"id":213691,"n":"Après-Shampooing Franck Provost Expert réparation - 450ml","p":4.06,"u":"9,02 €/L","img":"https://fd9-photos.leclercdrive.fr/image.ashx?id=2582318&use=l&cat=p&typeid=i","cat":284607},{"id":213692,"n":"Shampooing Franck Provost Cheveux colorés - 500ml","p":4.06,"u":"8,12 €/L","img":"https://fd9-photos.leclercdrive.fr/image.ashx?id=2582321&use=l&cat=p&typeid=i","cat":284606},{"id":213703,"n":"Gel Corps et Cheveux Cadum Sans Sulfate - 400ml","p":2.84,"u":"7,10 €/L","img":"https://fd9-photos.leclercdrive.fr/image.ashx?id=2582270&use=l&cat=p&typeid=i","cat":284594},{"id":213711,"n":"Pommes de Terre Pom Soleil Tradition - 2,5kg","p":2.99,"u":"1,20 €/KG","img":"https://fd9-photos.leclercdrive.fr/image.ashx?id=2298727&use=l&cat=p&typeid=i","cat":284352},{"id":213722,"n":"Madeleine St Michel -30% de sucre 400g","p":2.81,"u":"7,03 €/KG","img":"https://fd9-photos.leclercdrive.fr/image.ashx?id=2962305&use=l&cat=p&typeid=i","cat":284492},{"id":213724,"n":"Bouchée pour chien Eco+ Boeuf, pâtes, carottes - 1.2kg","p":1.93,"u":"1,61 €/KG","img":"https://fd9-photos.leclercdrive.fr/image.ashx?id=2815728&use=l&cat=p&typeid=i","cat":288578},{"id":213745,"n":"Bonbons Mega-fête Dragibus Haribo - 800g","p":5.33,"u":"6,66 €/KG","img":"https://fd9-photos.leclercdrive.fr/image.ashx?id=2766746&use=l&cat=p&typeid=i","cat":304250},{"id":213746,"n":"Maoam Halloween mixx 800g","p":5.25,"u":"6,56 €/KG","img":"https://fd9-photos.leclercdrive.fr/image.ashx?id=2593905&use=l&cat=p&typeid=i","cat":304250},{"id":213749,"n":"Bière blonde Pélican 6x33cl","p":7.44,"u":"3,76 €/L","img":"https://fd9-photos.leclercdrive.fr/image.ashx?id=2946922&use=l&cat=p&typeid=i","cat":334872},{"id":213772,"n":"Boisson Mogu Mogu Pastèque 32cl","p":1.24,"u":"3,88 €/L","img":"https://fd9-photos.leclercdrive.fr/image.ashx?id=2639867&use=l&cat=p&typeid=i","cat":295018},{"id":213793,"n":"Burger Bacon Marie Boeuf Charolais Emmental - 190g","p":3.45,"u":"18,16 €/KG","img":"https://fd9-photos.leclercdrive.fr/image.ashx?id=2858615&use=l&cat=p&typeid=i","cat":333671},{"id":213794,"n":"Burger Rustique Marie Boeuf Charolais Emmental - 190g","p":2.99,"u":"15,74 €/KG","img":"https://fd9-photos.leclercdrive.fr/image.ashx?id=2858621&use=l&cat=p&typeid=i","cat":333671},{"id":213817,"n":"Croquettes chats Perfect Fit Stérilisés, saumon - 1.4kg","p":7.4,"u":"5,29 €/KG","img":"https://fd9-photos.leclercdrive.fr/image.ashx?id=2619163&use=l&cat=p&typeid=i","cat":284680},{"id":213821,"n":"Brosse à dents Signal Soins gencives Extra souple x4","p":3.36,"u":"0,84 €/P","img":"https://fd9-photos.leclercdrive.fr/image.ashx?id=2805690&use=l&cat=p&typeid=i","cat":284614},{"id":213830,"n":"Adoucissant Soupline concentré  3D Grand air - 1,35L","p":4.85,"u":"3,59 €/L","img":"https://fd9-photos.leclercdrive.fr/image.ashx?id=2924950&use=l&cat=p&typeid=i","cat":284650},{"id":213831,"n":"Spray Savon marseille La Croix 500ml","p":2.38,"u":"4,76 €/L","img":"https://fd9-photos.leclercdrive.fr/image.ashx?id=2583530&use=l&cat=p&typeid=i","cat":325357},{"id":213836,"n":"Dentifrice Colgate Ultra Brite  Haleine Fraîche - 75ml","p":1.35,"u":"18,00 €/L","img":"https://fd9-photos.leclercdrive.fr/image.ashx?id=2802845&use=l&cat=p&typeid=i","cat":284612},{"id":213857,"n":"Recharges WC Canard Fresh Disc  Fraîcheur Marine - 2x6 disques","p":4.99,"u":"2,50 €/P","img":"https://fd9-photos.leclercdrive.fr/image.ashx?id=2754824&use=l&cat=p&typeid=i","cat":284662},{"id":213865,"n":"Mélange Pizza Ducros 12g","p":2.06,"u":"171,67 €/KG","img":"https://fd9-photos.leclercdrive.fr/image.ashx?id=2583344&use=l&cat=p&typeid=i","cat":298297},{"id":213868,"n":"Mélange pour salade Ducros 17g","p":4.18,"u":"245,88 €/KG","img":"https://fd9-photos.leclercdrive.fr/image.ashx?id=2583341&use=l&cat=p&typeid=i","cat":298297},{"id":213870,"n":"Mélange pour volailles Ducros 59g","p":3.13,"u":"53,05 €/KG","img":"https://fd9-photos.leclercdrive.fr/image.ashx?id=2583365&use=l&cat=p&typeid=i","cat":298297},{"id":213881,"n":"Soupe pot au feu Maggi  Aux vermicelles - 57g","p":0.64,"u":"11,23 €/KG","img":"https://fd9-photos.leclercdrive.fr/image.ashx?id=2614362&use=l&cat=p&typeid=i","cat":284463},{"id":213886,"n":"Vodka Poliakov Lime 32% vol. - 20cl","p":3.77,"u":"18,85 €/L","img":"https://fd9-photos.leclercdrive.fr/image.ashx?id=2826888&use=l&cat=p&typeid=i","cat":284550},{"id":213930,"n":"Fromage enfant La Vache qui rit Original 24P à tartiner - 384g","p":3.89,"u":"10,13 €/KG","img":"https://fd9-photos.leclercdrive.fr/image.ashx?id=2945451&use=l&cat=p&typeid=i","cat":314030},{"id":213938,"n":"Fromage RichesMonts Raclette  Duo Sans Croute Fumée - 420g","p":6.71,"u":"15,98 €/KG","img":"https://fd9-photos.leclercdrive.fr/image.ashx?id=2953833&use=l&cat=p&typeid=i","cat":314037},{"id":213953,"n":"Recharges WC Canard fresh disc Citron - 2x6 disques","p":4.99,"u":"2,50 €/P","img":"https://fd9-photos.leclercdrive.fr/image.ashx?id=2754821&use=l&cat=p&typeid=i","cat":284662},{"id":213954,"n":"Protège-slips Vania Pocket Normal - x30","p":2.31,"u":"0,08 €/P","img":"https://fd9-photos.leclercdrive.fr/image.ashx?id=2735245&use=l&cat=p&typeid=i","cat":284625},{"id":213958,"n":"Crème Corps Hydratante Mixa Peau très Sèche, terne - 400ml","p":5.79,"u":"14,48 €/L","img":"https://fd9-photos.leclercdrive.fr/image.ashx?id=2595767&use=l&cat=p&typeid=i","cat":325350},{"id":213959,"n":"Nettoyant ménager Pliz Fée du logis - 250ml","p":2.2,"u":"8,80 €/L","img":"https://fd9-photos.leclercdrive.fr/image.ashx?id=2585540&use=l&cat=p&typeid=i","cat":325364},{"id":213962,"n":"Patée pour chiens Eco+ Volaille - 150g","p":0.47,"u":"3,13 €/KG","img":"https://fd9-photos.leclercdrive.fr/image.ashx?id=2584913&use=l&cat=p&typeid=i","cat":284673},{"id":213963,"n":"Patée pour chiens Eco+ Boeuf - 150g","p":0.47,"u":"3,13 €/KG","img":"https://fd9-photos.leclercdrive.fr/image.ashx?id=2586360&use=l&cat=p&typeid=i","cat":284673},{"id":213965,"n":"Adoucissant Eco+ Fraîcheur - 1.5L - x60","p":1.64,"u":"1,09 €/L","img":"https://fd9-photos.leclercdrive.fr/image.ashx?id=2600833&use=l&cat=p&typeid=i","cat":284650},{"id":214070,"n":"Sauceline Maizena Sauce Brune - 250g","p":1.84,"u":"7,36 €/KG","img":"https://fd9-photos.leclercdrive.fr/image.ashx?id=2866813&use=l&cat=p&typeid=i","cat":318430},{"id":214076,"n":"Céréales Frosties Kellogg's Miel & cacahuètes - 375g","p":3.0,"u":"8,00 €/KG","img":"https://fd9-photos.leclercdrive.fr/image.ashx?id=2601169&use=l&cat=p&typeid=i","cat":309513},{"id":214103,"n":"Toasts Aromates spécial saumon Tranches épaisses Harrys 250G","p":1.75,"u":"7,00 €/KG","img":"https://fd9-photos.leclercdrive.fr/image.ashx?id=2587578&use=l&cat=p&typeid=i","cat":285454},{"id":214104,"n":"Toasts Seigle spécial huîtres Tranches épaisses Harrys 250G","p":1.75,"u":"7,00 €/KG","img":"https://fd9-photos.leclercdrive.fr/image.ashx?id=2599200&use=l&cat=p&typeid=i","cat":285454},{"id":214105,"n":"Toast Brioché spécial foie gras Tranches épaisses Harrys 250G","p":1.75,"u":"7,00 €/KG","img":"https://fd9-photos.leclercdrive.fr/image.ashx?id=2587581&use=l&cat=p&typeid=i","cat":285454},{"id":214290,"n":"Batonnets Tous mes amis x30","p":3.5,"u":"0,12 €/P","img":"https://fd9-photos.leclercdrive.fr/image.ashx?id=2600297&use=l&cat=p&typeid=i","cat":294527},{"id":214291,"n":"Os pressé Tous mes amis 14cm - x2","p":3.19,"img":"https://fd9-photos.leclercdrive.fr/image.ashx?id=2600300&use=l&cat=p&typeid=i","cat":294527},{"id":214293,"n":"Os de jambon Tous mes amis Taille M - x1","p":2.1,"img":"https://fd9-photos.leclercdrive.fr/image.ashx?id=2600306&use=l&cat=p&typeid=i","cat":294527},{"id":214332,"n":"Chili Cheese Nuggets Pickers By McCain - 230g","p":3.49,"u":"15,17 €/KG","img":"https://fd9-photos.leclercdrive.fr/image.ashx?id=2958678&use=l&cat=p&typeid=i","cat":319822},{"id":214383,"n":"Chocolat Noir Bio Ethiquable Amandes Cacco 65% Pérou 180g","p":3.84,"u":"21,33 €/KG","img":"https://fd9-photos.leclercdrive.fr/image.ashx?id=2589467&use=l&cat=p&typeid=i","cat":284956},{"id":214384,"n":"Chocolat Noir Bio Ethiquable à croquer - Noisettes 180g","p":3.79,"u":"21,06 €/KG","img":"https://fd9-photos.leclercdrive.fr/image.ashx?id=2589464&use=l&cat=p&typeid=i","cat":284956},{"id":214412,"n":"Vin Blanc Mousseux Brut  Café de Paris - 75cl","p":4.49,"u":"5,99 €/L","img":"https://fd9-photos.leclercdrive.fr/image.ashx?id=2848692&use=l&cat=p&typeid=i","cat":284544},{"id":214456,"n":"Pile rechargeable Foxter Accu - HR22 - 200mAh - x1","p":4.75,"img":"https://fd9-photos.leclercdrive.fr/image.ashx?id=2639296&use=l&cat=p&typeid=i","cat":300572},{"id":214457,"n":"Pile rechargeable Foxter Accus - RTU - HR14 - 3000mAh x2","p":7.99,"u":"4,00 €/P","img":"https://fd9-photos.leclercdrive.fr/image.ashx?id=2639293&use=l&cat=p&typeid=i","cat":300572},{"id":214484,"n":"Capsule lave-vaisselle Sun Absolu Brillance x42 - 630g","p":11.48,"u":"18,22 €/KG","img":"https://fd9-photos.leclercdrive.fr/image.ashx?id=2590863&use=l&cat=p&typeid=i","cat":284656},{"id":214485,"n":"Capsule lave-vaisselle Sun Absolu Dégraissant x42 - 630g","p":12.63,"u":"20,05 €/KG","img":"https://fd9-photos.leclercdrive.fr/image.ashx?id=2590369&use=l&cat=p&typeid=i","cat":284656},{"id":214498,"n":"Tablette de chocolat noir  L'original Côte d'Or 100g","p":1.51,"u":"15,10 €/KG","img":"https://fd9-photos.leclercdrive.fr/image.ashx?id=2961221&use=l&cat=p&typeid=i","cat":284956},{"id":214504,"n":"Dentifrice Colgate Max Fresh Cristaux fraîcheur - 3x75ml","p":5.49,"u":"73,20 €/L","img":"https://fd9-photos.leclercdrive.fr/image.ashx?id=2590851&use=l&cat=p&typeid=i","cat":284612},{"id":214507,"n":"Liégeois au chocolat Andros Au lait d'amande x6 - 540g","p":2.32,"u":"4,30 €/KG","img":"https://fd9-photos.leclercdrive.fr/image.ashx?id=2590815&use=l&cat=p&typeid=i","cat":316071},{"id":214516,"n":"Pâte à pizza Herta Épaisse et ronde - 450g","p":2.8,"u":"6,22 €/KG","img":"https://fd9-photos.leclercdrive.fr/image.ashx?id=2813917&use=l&cat=p&typeid=i","cat":333681},{"id":214567,"n":"Bonbon à sucer Ricola Framboise sans sucre - 50g","p":2.03,"u":"40,60 €/KG","img":"https://fd9-photos.leclercdrive.fr/image.ashx?id=2593014&use=l&cat=p&typeid=i","cat":304252},{"id":214568,"n":"Rôti de porc farci Bigard Au chorizo et fromage - 500g","p":7.69,"u":"15,38 €/KG","img":"https://fd9-photos.leclercdrive.fr/image.ashx?id=2592555&use=l&cat=p&typeid=i","cat":284331},{"id":214648,"n":"Nouilles Banzai Noodle bœuf  cup - 67g","p":1.39,"u":"20,75 €/KG","img":"https://fd9-photos.leclercdrive.fr/image.ashx?id=2730001&use=l&cat=p&typeid=i","cat":288992},{"id":214723,"n":"Biscuit bébé Kiddylicious  Wafers fraise dès 6 mois 4x2p","p":1.52,"u":"95,00 €/KG","img":"https://fd9-photos.leclercdrive.fr/image.ashx?id=2929152&use=l&cat=p&typeid=i","cat":312394},{"id":214724,"n":"Biscuit bébé Kiddylicious Wafers Banane dès 6 mois (4x2p)","p":1.51,"u":"94,38 €/KG","img":"https://fd9-photos.leclercdrive.fr/image.ashx?id=2929149&use=l&cat=p&typeid=i","cat":312394},{"id":214725,"n":"Biscuits bébé Kiddylicious  Soft Biscotti Pomme 6x2p","p":2.56,"u":"21,33 €/KG","img":"https://fd9-photos.leclercdrive.fr/image.ashx?id=2929146&use=l&cat=p&typeid=i","cat":312394},{"id":214726,"n":"Biscuits bébé Kiddylicious  Saveur Fromage dès 9mois 4x12g","p":2.96,"u":"61,67 €/KG","img":"https://fd9-photos.leclercdrive.fr/image.ashx?id=2929143&use=l&cat=p&typeid=i","cat":312394},{"id":214728,"n":"Biscuits bébé Kiddylicious Saveur légumes dès 9 mois 4x12g","p":3.0,"u":"62,50 €/KG","img":"https://fd9-photos.leclercdrive.fr/image.ashx?id=2929140&use=l&cat=p&typeid=i","cat":312394},{"id":214753,"n":"Biscuits Maria P'tit Déli 4x200g","p":2.25,"u":"2,81 €/KG","img":"https://fd9-photos.leclercdrive.fr/image.ashx?id=2591864&use=l&cat=p&typeid=i","cat":284487},{"id":214758,"n":"Haché végétal Happyvore 200g","p":3.61,"u":"18,05 €/KG","img":"https://fd9-photos.leclercdrive.fr/image.ashx?id=2768246&use=l&cat=p&typeid=i","cat":316036},{"id":214762,"n":"Nouilles Banzai Noodle poulet  cup - 67g","p":1.39,"u":"20,75 €/KG","img":"https://fd9-photos.leclercdrive.fr/image.ashx?id=2730004&use=l&cat=p&typeid=i","cat":288992},{"id":214770,"n":"Poire Rocha  1kg","p":2.69,"u":"2,69 €/KG","img":"https://fd9-photos.leclercdrive.fr/image.ashx?id=1636125&use=l&cat=p&typeid=i","cat":284356},{"id":214779,"n":"Lait en poudre bio Modilac Croissance - 800g","p":16.8,"u":"21,00 €/KG","img":"https://fd9-photos.leclercdrive.fr/image.ashx?id=2981175&use=l&cat=p&typeid=i","cat":290219},{"id":214800,"n":"Croquettes petit chien   Pedigree au bœuf - 2kg","p":7.25,"u":"3,63 €/KG","img":"https://fd9-photos.leclercdrive.fr/image.ashx?id=2876995&use=l&cat=p&typeid=i","cat":294526},{"id":214801,"n":"Croquettes petit chien   Pedigree à la volaille - 2kg","p":7.92,"u":"3,96 €/KG","img":"https://fd9-photos.leclercdrive.fr/image.ashx?id=2832323&use=l&cat=p&typeid=i","cat":294526},{"id":214808,"n":"Capsule Nescafé Dolce Gusto Neo  Espresso - x12","p":4.28,"pp":2.82,"u":"42,73 €/KG","img":"https://fd9-photos.leclercdrive.fr/image.ashx?id=2774709&use=l&cat=p&typeid=i","cat":293241},{"id":214809,"n":"Capsule Nescafé Dolce Gusto Neo  Lungo - x12","p":4.21,"pp":2.78,"u":"40,29 €/KG","img":"https://fd9-photos.leclercdrive.fr/image.ashx?id=2775041&use=l&cat=p&typeid=i","cat":293241},{"id":214814,"n":"Ail en semoule Ducro 335g","p":8.7,"u":"25,97 €/KG","img":"https://fd9-photos.leclercdrive.fr/image.ashx?id=2595665&use=l&cat=p&typeid=i","cat":298297},{"id":214849,"n":"Shampooing Head & Shoulders DermaxPro revitalisant - 450ml","p":9.26,"u":"20,58 €/L","img":"https://fd9-photos.leclercdrive.fr/image.ashx?id=2595413&use=l&cat=p&typeid=i","cat":284606},{"id":214925,"n":"Macon Village La Burgondie 75cl","p":7.5,"u":"10,00 €/L","img":"https://fd9-photos.leclercdrive.fr/image.ashx?id=2596230&use=l&cat=p&typeid=i","cat":289557},{"id":214932,"n":"Vin de France rouge Merlot Qui s'y frotte ... 75cl","p":5.36,"u":"7,15 €/L","img":"https://fd9-photos.leclercdrive.fr/image.ashx?id=2596194&use=l&cat=p&typeid=i","cat":289556},{"id":214945,"n":"Pack 2 cartouches  Ovales","p":5.93,"img":"https://fd9-photos.leclercdrive.fr/image.ashx?id=2806783&use=l&cat=p&typeid=i","cat":334135},{"id":215015,"n":"Crabe des neiges Chatka Alaska et Antarctique - 180g","p":11.06,"u":"61,44 €/KG","img":"https://fd9-photos.leclercdrive.fr/image.ashx?id=2938833&use=l&cat=p&typeid=i","cat":305147},{"id":215017,"n":"Croutons ail Tipiak 220g","p":3.39,"u":"15,41 €/KG","img":"https://fd9-photos.leclercdrive.fr/image.ashx?id=2688872&use=l&cat=p&typeid=i","cat":284464},{"id":215023,"n":"Purée Mousline Crème et noix muscade 4x31,25g","p":1.77,"u":"14,16 €/KG","img":"https://fd9-photos.leclercdrive.fr/image.ashx?id=3011731&use=l&cat=p&typeid=i","cat":284431},{"id":215030,"n":"Poulpe mariné Baltic Poivre et piment - 150g","p":3.95,"u":"26,33 €/KG","img":"https://fd9-photos.leclercdrive.fr/image.ashx?id=2845919&use=l&cat=p&typeid=i","cat":285191},{"id":215034,"n":"Tendre poulet Fleury Michon Rôti Sans nitrite x4 - 130g","p":2.13,"u":"16,38 €/KG","img":"https://fd9-photos.leclercdrive.fr/image.ashx?id=2956361&use=l&cat=p&typeid=i","cat":316010},{"id":215035,"n":"Jambon Le Braisé fleury Michon  Doré Sans nitrite x4 - 140g","p":2.66,"u":"19,00 €/KG","img":"https://fd9-photos.leclercdrive.fr/image.ashx?id=2923939&use=l&cat=p&typeid=i","cat":316009},{"id":215065,"n":"Pack 6 cartouches ovales Homeside+","p":16.99,"img":"https://fd9-photos.leclercdrive.fr/image.ashx?id=2806789&use=l&cat=p&typeid=i","cat":334135},{"id":215091,"n":"Complément Alimentaire Juvamine Vitamine C 500 x30","p":3.29,"u":"51,41 €/KG","img":"https://fd9-photos.leclercdrive.fr/image.ashx?id=2749724&use=l&cat=p&typeid=i","cat":313217},{"id":215093,"n":"Complément Alimentaire Juvamine Vitamine C 500 x30","p":2.43,"u":"31,56 €/KG","img":"https://fd9-photos.leclercdrive.fr/image.ashx?id=2749727&use=l&cat=p&typeid=i","cat":313217},{"id":215122,"n":"Pâtes Alpina Perle - 500g","p":1.41,"u":"2,82 €/KG","img":"https://fd9-photos.leclercdrive.fr/image.ashx?id=2789859&use=l&cat=p&typeid=i","cat":284427},{"id":215125,"n":"Caramel Fudges Vahiné 70g","p":3.02,"u":"43,14 €/KG","img":"https://fd9-photos.leclercdrive.fr/image.ashx?id=2596868&use=l&cat=p&typeid=i","cat":284504},{"id":215126,"n":"Chocolat au lait chunks Vahiné 100g","p":2.43,"u":"24,30 €/KG","img":"https://fd9-photos.leclercdrive.fr/image.ashx?id=2596865&use=l&cat=p&typeid=i","cat":284504},{"id":215138,"n":"Les Légumes Gratinés d'Aucy Épinards pomme de terre - 300g","p":3.12,"u":"10,40 €/KG","img":"https://fd9-photos.leclercdrive.fr/image.ashx?id=2596814&use=l&cat=p&typeid=i","cat":319802},{"id":215139,"n":"Steak haché Tendre & Plus Façon bouchère 15%MG x8 - 1kg","p":13.25,"u":"13,25 €/KG","img":"https://fd9-photos.leclercdrive.fr/image.ashx?id=2748362&use=l&cat=p&typeid=i","cat":319778},{"id":215146,"n":"Les Légumes Gratinés d'Aucy Chou-fleur Pomme de terre 300g","p":3.02,"u":"10,07 €/KG","img":"https://fd9-photos.leclercdrive.fr/image.ashx?id=2597363&use=l&cat=p&typeid=i","cat":319802},{"id":215172,"n":"Gambas ASC Pêche Océan Décortiquées & cuites - 110g","p":3.65,"u":"33,18 €/KG","img":"https://fd9-photos.leclercdrive.fr/image.ashx?id=2953656&use=l&cat=p&typeid=i","cat":284343},{"id":215209,"n":"Spray nettoyant La Croix Bicarbonate de soude - 500ml","p":2.13,"u":"4,26 €/L","img":"https://fd9-photos.leclercdrive.fr/image.ashx?id=2597609&use=l&cat=p&typeid=i","cat":325357},{"id":215215,"n":"Rasoir électrique Wilkinson Intuition Bikini - x1","p":15.78,"img":"https://fd9-photos.leclercdrive.fr/image.ashx?id=2597531&use=l&cat=p&typeid=i","cat":325352},{"id":215216,"n":"Lames rasoir Wilkinson Intuition - 2 en 1 - 3 lames","p":9.73,"u":"3,24 €/P","img":"https://fd9-photos.leclercdrive.fr/image.ashx?id=2849427&use=l&cat=p&typeid=i","cat":325352},{"id":215228,"n":"Melange garam masala Ducros 40g","p":2.93,"u":"73,25 €/KG","img":"https://fd9-photos.leclercdrive.fr/image.ashx?id=2597384&use=l&cat=p&typeid=i","cat":298297},{"id":215231,"n":"Petites gambas Fleury Ichon À la persillade - 280g","p":4.41,"u":"15,75 €/KG","img":"https://fd9-photos.leclercdrive.fr/image.ashx?id=2889499&use=l&cat=p&typeid=i","cat":333665},{"id":215233,"n":"Compotes Charles & Alice Pommes morceaux vanille x4 388g","p":1.93,"u":"4,97 €/KG","img":"https://fd9-photos.leclercdrive.fr/image.ashx?id=2757650&use=l&cat=p&typeid=i","cat":284416},{"id":215235,"n":"Foin Tous Mes amis 1kg","p":1.96,"u":"1,96 €/KG","img":"https://fd9-photos.leclercdrive.fr/image.ashx?id=2652332&use=l&cat=p&typeid=i","cat":284677},{"id":215237,"n":"Menu complet Lapin 800G","p":1.88,"u":"2,35 €/KG","img":"https://fd9-photos.leclercdrive.fr/image.ashx?id=2646818&use=l&cat=p&typeid=i","cat":284677},{"id":215238,"n":"Menu complet Lapin 3KG","p":6.6,"u":"2,20 €/KG","img":"https://fd9-photos.leclercdrive.fr/image.ashx?id=2646815&use=l&cat=p&typeid=i","cat":284677},{"id":215239,"n":"Menu complet Tous Mes Amis 800g","p":1.88,"u":"2,35 €/KG","img":"https://fd9-photos.leclercdrive.fr/image.ashx?id=2646812&use=l&cat=p&typeid=i","cat":284677},{"id":215240,"n":"Menu complet Tous Mes Amis Cochon d'Inde - 3kg","p":6.6,"u":"2,20 €/KG","img":"https://fd9-photos.leclercdrive.fr/image.ashx?id=2664731&use=l&cat=p&typeid=i","cat":284677},{"id":215242,"n":"Tomates séchées bio Gusti Amo 280g","p":4.68,"u":"16,71 €/KG","img":"https://fd9-photos.leclercdrive.fr/image.ashx?id=2598181&use=l&cat=p&typeid=i","cat":312608},{"id":215259,"n":"Bonbons Haribo Seau Halloween - 800g","p":5.97,"pp":4.18,"u":"5,22 €/KG","img":"https://fd9-photos.leclercdrive.fr/image.ashx?id=2913211&use=l&cat=p&typeid=i","cat":304250},{"id":215278,"n":"Bonbons Copains Copines Bouée bi-goût acide - 250 g","p":1.59,"u":"6,36 €/KG","img":"https://fd9-photos.leclercdrive.fr/image.ashx?id=2934763&use=l&cat=p&typeid=i","cat":304250},{"id":215282,"n":"Bonbons Copains Copines Unicone - 200 g","p":1.29,"u":"6,45 €/KG","img":"https://fd9-photos.leclercdrive.fr/image.ashx?id=2934769&use=l&cat=p&typeid=i","cat":304250},{"id":215283,"n":"Bonbons DinoAcid' Copains Copines - 200g","p":1.19,"u":"5,95 €/KG","img":"https://fd9-photos.leclercdrive.fr/image.ashx?id=2597345&use=l&cat=p&typeid=i","cat":304250},{"id":215376,"n":"Fromage tartiflette Ermitage de caractère - 450g","p":5.68,"u":"12,62 €/KG","img":"https://fd9-photos.leclercdrive.fr/image.ashx?id=2602203&use=l&cat=p&typeid=i","cat":314037},{"id":215377,"n":"Fromage Persillée Bresse Bleu Le véritable - 200g","p":2.89,"u":"14,45 €/KG","img":"https://fd9-photos.leclercdrive.fr/image.ashx?id=2927486&use=l&cat=p&typeid=i","cat":314032},{"id":215382,"n":"Briquet Bic Ez reach - Shiny xmas - x2","p":3.85,"u":"1,93 €/P","img":"https://fd9-photos.leclercdrive.fr/image.ashx?id=2887599&use=l&cat=p&typeid=i","cat":300578},{"id":215399,"n":"Noix de Saint-Jacques Nautilus Au naturel - 111g","p":6.0,"u":"54,05 €/KG","img":"https://fd9-photos.leclercdrive.fr/image.ashx?id=2598510&use=l&cat=p&typeid=i","cat":305147},{"id":215403,"n":"Châtaignes pelées au feu Mont d'Or - 420g","p":5.81,"u":"13,83 €/KG","img":"https://fd9-photos.leclercdrive.fr/image.ashx?id=2600812&use=l&cat=p&typeid=i","cat":289010},{"id":215446,"n":"Huile d'olive aromatisée Borde À la truffe blanche - 250ml","p":11.42,"u":"45,68 €/L","img":"https://fd9-photos.leclercdrive.fr/image.ashx?id=2598786&use=l&cat=p&typeid=i","cat":284453},{"id":215502,"n":"Casier chocolat liqueur Abtey Rhum arrangé x12 - 155g","p":7.16,"u":"46,19 €/KG","img":"https://fd9-photos.leclercdrive.fr/image.ashx?id=2599586&use=l&cat=p&typeid=i","cat":327601},{"id":215564,"n":"Boules praliné lait Jacquot Eclat de noisettes 1 Kg","p":14.48,"u":"14,48 €/KG","img":"https://fd9-photos.leclercdrive.fr/image.ashx?id=2599607&use=l&cat=p&typeid=i","cat":327595},{"id":215581,"n":"Bouchées chocolats mon chéri  x30 - 315g","p":8.78,"u":"27,87 €/KG","img":"https://fd9-photos.leclercdrive.fr/image.ashx?id=2952923&use=l&cat=p&typeid=i","cat":327601},{"id":215600,"n":"Boîte Ferrero collection  42 pièces - 431g","p":16.98,"u":"39,40 €/KG","img":"https://fd9-photos.leclercdrive.fr/image.ashx?id=2899752&use=l&cat=p&typeid=i","cat":327595},{"id":215644,"n":"Coffret cadeau carré or Hamlet Chocolats belges 250g","p":11.95,"pp":8.96,"u":"35,84 €/KG","img":"https://fd9-photos.leclercdrive.fr/image.ashx?id=2882062&use=l&cat=p&typeid=i","cat":327595},{"id":215686,"n":"Candy Cane Multicolor 12g","p":0.26,"u":"21,67 €/KG","img":"https://fd9-photos.leclercdrive.fr/image.ashx?id=2619202&use=l&cat=p&typeid=i","cat":327592},{"id":215749,"n":"Authentique Revillon Noir et  Lait- 360g","p":9.98,"u":"27,72 €/KG","img":"https://fd9-photos.leclercdrive.fr/image.ashx?id=2618399&use=l&cat=p&typeid=i","cat":327597},{"id":215789,"n":"Marrons entiers Mont d'Or 800g","p":5.82,"u":"7,28 €/KG","img":"https://fd9-photos.leclercdrive.fr/image.ashx?id=2600815&use=l&cat=p&typeid=i","cat":289010},{"id":215875,"n":"Barre de remorquage Foxter 2T","p":23.9,"img":"https://fd9-photos.leclercdrive.fr/image.ashx?id=2602062&use=l&cat=p&typeid=i","cat":298252},{"id":215890,"n":"Piles alcalines Varta V23GA - x2","p":4.65,"u":"2,33 €/P","img":"https://fd9-photos.leclercdrive.fr/image.ashx?id=2600770&use=l&cat=p&typeid=i","cat":300572},{"id":215917,"n":"Liquide de Rinçage Finish  800ml","p":5.38,"u":"6,73 €/L","img":"https://fd9-photos.leclercdrive.fr/image.ashx?id=2864678&use=l&cat=p&typeid=i","cat":284657},{"id":215984,"n":"Rhum Trois Rivières  Cellar réserve - 40° - 70cl","p":30.56,"u":"43,66 €/L","img":"https://fd9-photos.leclercdrive.fr/image.ashx?id=2759981&use=l&cat=p&typeid=i","cat":284550},{"id":216007,"n":"Petits pots bébé P'TIT SOUPER Quinotto carottes 8M+ - 2x200g","p":2.04,"u":"5,10 €/KG","img":"https://fd9-photos.leclercdrive.fr/image.ashx?id=2737762&use=l&cat=p&typeid=i","cat":312239},{"id":216018,"n":"Desserts Lactés P'TIT BRASSE BIO Vanille  6M+ - 4X90g","p":2.2,"u":"6,11 €/KG","img":"https://fd9-photos.leclercdrive.fr/image.ashx?id=2601208&use=l&cat=p&typeid=i","cat":312392},{"id":216021,"n":"Desserts Lactés P'TIT ONCTUEUX  Mini Fraise 6M+ - 6x50g","p":1.99,"u":"6,63 €/KG","img":"https://fd9-photos.leclercdrive.fr/image.ashx?id=2601881&use=l&cat=p&typeid=i","cat":312392},{"id":216071,"n":"Beurre Président  Doux - 60% MG - 200g","p":1.78,"u":"8,90 €/KG","img":"https://fd9-photos.leclercdrive.fr/image.ashx?id=2887683&use=l&cat=p&typeid=i","cat":284379},{"id":216093,"n":"Chips Tortilla Doritos Goût barbecue style - 160g","p":2.07,"u":"12,94 €/KG","img":"https://fd9-photos.leclercdrive.fr/image.ashx?id=2880718&use=l&cat=p&typeid=i","cat":287899},{"id":216095,"n":"Chips Tortilla Doritos Goût nacho cheese - 160g","p":1.53,"u":"9,56 €/KG","img":"https://fd9-photos.leclercdrive.fr/image.ashx?id=2990478&use=l&cat=p&typeid=i","cat":287899},{"id":216097,"n":"Chips Tortilla Doritos Goût paprika - 160g","p":1.8,"u":"11,25 €/KG","img":"https://fd9-photos.leclercdrive.fr/image.ashx?id=2890091&use=l&cat=p&typeid=i","cat":287899},{"id":216098,"n":"Chips Tortilla Doritos Goût sweet chili - 160g","p":1.97,"u":"12,31 €/KG","img":"https://fd9-photos.leclercdrive.fr/image.ashx?id=2990475&use=l&cat=p&typeid=i","cat":287899},{"id":216099,"n":"Chips Tortilla Doritos Goût sour cream - 160g","p":2.12,"u":"13,25 €/KG","img":"https://fd9-photos.leclercdrive.fr/image.ashx?id=2890088&use=l&cat=p&typeid=i","cat":287899},{"id":216100,"n":"Joue de porc cuite Bigard Sauce aux échalotes - 400g","p":8.99,"u":"22,48 €/KG","img":"https://fd9-photos.leclercdrive.fr/image.ashx?id=2602530&use=l&cat=p&typeid=i","cat":284331},{"id":216101,"n":"Araignée de boeuf  Bigard Sauce poivre - 400g","p":8.99,"u":"22,48 €/KG","img":"https://fd9-photos.leclercdrive.fr/image.ashx?id=2602533&use=l&cat=p&typeid=i","cat":284328},{"id":216105,"n":"Pané raclette Grand Fermage x4 - 100g","p":2.47,"u":"24,70 €/KG","img":"https://fd9-photos.leclercdrive.fr/image.ashx?id=2603402&use=l&cat=p&typeid=i","cat":314037},{"id":216112,"n":"Yaourt Fruits Panier de Yoplait Fraise Framboise - 4x125g","p":2.03,"u":"4,06 €/KG","img":"https://fd9-photos.leclercdrive.fr/image.ashx?id=2884471&use=l&cat=p&typeid=i","cat":284410},{"id":216127,"n":"Yaourts Panier de Yoplait  0% Panachés - 12x125g","p":4.01,"u":"2,67 €/KG","img":"https://fd9-photos.leclercdrive.fr/image.ashx?id=2884492&use=l&cat=p&typeid=i","cat":284410},{"id":216128,"n":"Yaourt Fruits Panier de Yoplait Panaché 0%Mg - 16x125g","p":4.59,"u":"2,30 €/KG","img":"https://fd9-photos.leclercdrive.fr/image.ashx?id=2884495&use=l&cat=p&typeid=i","cat":284410},{"id":216194,"n":"Purée pommes de terre Florette Ail fines herbes Boursin 2x200g","p":2.57,"u":"6,43 €/KG","img":"https://fd9-photos.leclercdrive.fr/image.ashx?id=2767705&use=l&cat=p&typeid=i","cat":333665},{"id":216238,"n":"Vinaigre ménager gel citron Mieuxa - 1L","p":3.75,"u":"3,75 €/L","img":"https://fd9-photos.leclercdrive.fr/image.ashx?id=2604656&use=l&cat=p&typeid=i","cat":300576},{"id":216303,"n":"Riz Méditerranée Ben's original  Express 2mn - 220g","p":1.42,"u":"5,68 €/KG","img":"https://fd9-photos.leclercdrive.fr/image.ashx?id=2995301&use=l&cat=p&typeid=i","cat":287600},{"id":216318,"n":"Kaki  3p","p":0.89,"u":"0,30 €/P","img":"https://fd9-photos.leclercdrive.fr/image.ashx?id=1633931&use=l&cat=p&typeid=i","cat":284356},{"id":216319,"n":"Paupiette de porc Bigard Cheddar - 3x125g","p":5.87,"u":"15,65 €/KG","img":"https://fd9-photos.leclercdrive.fr/image.ashx?id=2615448&use=l&cat=p&typeid=i","cat":284331},{"id":216325,"n":"Gel douche Adidas Active Skin & Mind - Energy Kick - 250ml","p":2.53,"u":"10,12 €/L","img":"https://fd9-photos.leclercdrive.fr/image.ashx?id=2990784&use=l&cat=p&typeid=i","cat":284619},{"id":216353,"n":"Émincés de porc caramel L'Atelier Boucherie - 300g","p":4.59,"u":"15,30 €/KG","img":"https://fd9-photos.leclercdrive.fr/image.ashx?id=2854297&use=l&cat=p&typeid=i","cat":284331},{"id":216463,"n":"Lingettes désinfectantes St  Marc Anti-Bactériennes - x80","p":2.14,"u":"0,03 €/P","img":"https://fd9-photos.leclercdrive.fr/image.ashx?id=2811341&use=l&cat=p&typeid=i","cat":325358},{"id":216521,"n":"Yaourt à la grecque YAOS  Nature - 850g","p":3.06,"u":"3,60 €/KG","img":"https://fd9-photos.leclercdrive.fr/image.ashx?id=2729776&use=l&cat=p&typeid=i","cat":314999},{"id":216597,"n":"Pâte à tartiner Andros be nuts Cacahuète crémeux - 325g","p":3.24,"u":"9,97 €/KG","img":"https://fd9-photos.leclercdrive.fr/image.ashx?id=2916201&use=l&cat=p&typeid=i","cat":284481},{"id":216625,"n":"Préparation Lucien Georgelin Abricot SSA - 320g","p":3.92,"u":"1,23 €/L","img":"https://fd9-photos.leclercdrive.fr/image.ashx?id=2608836&use=l&cat=p&typeid=i","cat":284480},{"id":216627,"n":"Préparation Lucien Georgelin 3 agrumes SSA - 320g","p":3.86,"u":"12,06 €/KG","img":"https://fd9-photos.leclercdrive.fr/image.ashx?id=2855232&use=l&cat=p&typeid=i","cat":284480},{"id":216705,"n":"Boisson Mogu Mogu Mangue 32cl","p":1.28,"u":"4,00 €/L","img":"https://fd9-photos.leclercdrive.fr/image.ashx?id=2959130&use=l&cat=p&typeid=i","cat":295018},{"id":216746,"n":"Sauce tomate Gusti Amo Bio ricotta - 350g","p":2.71,"u":"7,74 €/KG","img":"https://fd9-photos.leclercdrive.fr/image.ashx?id=2608869&use=l&cat=p&typeid=i","cat":288384},{"id":216786,"n":"Fromage à raclette RichesMonts Classique - 850g +100g offerts","p":10.15,"u":"11,94 €/KG","img":"https://fd9-photos.leclercdrive.fr/image.ashx?id=2953848&use=l&cat=p&typeid=i","cat":314037},{"id":217015,"n":"AOP Pouilly fumé Domaine du Petit Soumard - 75cl","p":14.9,"u":"19,87 €/L","img":"https://fd9-photos.leclercdrive.fr/image.ashx?id=2718811&use=l&cat=p&typeid=i","cat":289557},{"id":217042,"n":"Bitter Amaro Voltano Saveur orange 25% vol - 70cl","p":13.99,"u":"19,99 €/L","img":"https://fd9-photos.leclercdrive.fr/image.ashx?id=2613738&use=l&cat=p&typeid=i","cat":284913},{"id":217117,"n":"Dosettes café Senseo Espresso Brazil x32","p":6.08,"u":"27,39 €/KG","img":"https://fd9-photos.leclercdrive.fr/image.ashx?id=2788058&use=l&cat=p&typeid=i","cat":293238},{"id":217118,"n":"Dosettes café Senseo Espresso Intense x32","p":5.55,"u":"25,00 €/KG","img":"https://fd9-photos.leclercdrive.fr/image.ashx?id=2788055&use=l&cat=p&typeid=i","cat":293238},{"id":217119,"n":"Dosettes café Senseo Espresso Colombia x32","p":5.94,"u":"26,76 €/KG","img":"https://fd9-photos.leclercdrive.fr/image.ashx?id=2764646&use=l&cat=p&typeid=i","cat":293238},{"id":217145,"n":"Rhum Don Papa Baroko  40% vol. - 70cl","p":36.9,"u":"52,71 €/L","img":"https://fd9-photos.leclercdrive.fr/image.ashx?id=2654017&use=l&cat=p&typeid=i","cat":284550},{"id":217377,"n":"Gel Anti-Mites Raid Senteur Lavande - 2 pièces","p":3.54,"u":"1,77 €/P","img":"https://fd9-photos.leclercdrive.fr/image.ashx?id=2612760&use=l&cat=p&typeid=i","cat":298368},{"id":217391,"n":"Effiloché en gelée Marvo Thon crevette riz - 80g","p":0.88,"u":"11,00 €/KG","img":"https://fd9-photos.leclercdrive.fr/image.ashx?id=2616793&use=l&cat=p&typeid=i","cat":285286},{"id":217404,"n":"Mini rôti volaille Maître Coq Aux figues  - 2x200g","p":9.99,"u":"24,98 €/KG","img":"https://fd9-photos.leclercdrive.fr/image.ashx?id=2962503&use=l&cat=p&typeid=i","cat":327289},{"id":217537,"n":"Raclette Gratte Givre Tech9 Orange - 1 pièce","p":2.55,"img":"https://fd9-photos.leclercdrive.fr/image.ashx?id=2613212&use=l&cat=p&typeid=i","cat":298252},{"id":217538,"n":"Raclette Gratte Givre Tech9 Bleu - 1 pièce","p":2.55,"img":"https://fd9-photos.leclercdrive.fr/image.ashx?id=2613215&use=l&cat=p&typeid=i","cat":298252},{"id":217597,"n":"Boudins blancs morilles Bahier x3 - 375g","p":3.86,"u":"10,29 €/KG","img":"https://fd9-photos.leclercdrive.fr/image.ashx?id=2967019&use=l&cat=p&typeid=i","cat":316012},{"id":217610,"n":"Café en grain  Bio Village Bio Pur arabica - 500g","p":8.39,"u":"16,78 €/KG","img":"https://fd9-photos.leclercdrive.fr/image.ashx?id=2615376&use=l&cat=p&typeid=i","cat":293237},{"id":217612,"n":"Café en grain Plantation Pur arabica - 1kg","p":13.06,"u":"13,06 €/KG","img":"https://fd9-photos.leclercdrive.fr/image.ashx?id=2824307&use=l&cat=p&typeid=i","cat":293237},{"id":217613,"n":"Café en grain Plantation Ethiopie - 500g","p":7.99,"u":"15,98 €/KG","img":"https://fd9-photos.leclercdrive.fr/image.ashx?id=2824310&use=l&cat=p&typeid=i","cat":293237},{"id":217692,"n":"Liquide vaisselle Sun Optimum Booster - 2x450ml","p":8.13,"u":"9,03 €/L","img":"https://fd9-photos.leclercdrive.fr/image.ashx?id=2640902&use=l&cat=p&typeid=i","cat":284657},{"id":217719,"n":"Déodorant spray Dove  Advanced Care - 2x100ml","p":5.66,"u":"28,30 €/L","img":"https://fd9-photos.leclercdrive.fr/image.ashx?id=2903872&use=l&cat=p&typeid=i","cat":284595},{"id":217721,"n":"Déodorant spray Dove Invisible Dry - 2x100ml","p":5.66,"u":"28,30 €/L","img":"https://fd9-photos.leclercdrive.fr/image.ashx?id=2903875&use=l&cat=p&typeid=i","cat":284595},{"id":217935,"n":"Désodorisant diffuseur Airwick  Active Fresh Coton - 75ml","p":3.56,"u":"47,47 €/L","img":"https://fd9-photos.leclercdrive.fr/image.ashx?id=2616186&use=l&cat=p&typeid=i","cat":311629},{"id":217936,"n":"Désodorisant diffuseur Airwick  Active Fresh Magnolia - 75ml","p":3.54,"u":"47,20 €/L","img":"https://fd9-photos.leclercdrive.fr/image.ashx?id=2616435&use=l&cat=p&typeid=i","cat":311629},{"id":217946,"n":"Détachant textile Texil Multi-usage - 500g","p":2.8,"u":"5,60 €/KG","img":"https://fd9-photos.leclercdrive.fr/image.ashx?id=2988132&use=l&cat=p&typeid=i","cat":284651},{"id":217973,"n":"Culottes Huggies® Extra Care® Taille 4 x26 (9-14 kg)","p":11.47,"u":"0,44 €/P","img":"https://fd9-photos.leclercdrive.fr/image.ashx?id=2831405&use=l&cat=p&typeid=i","cat":290633},{"id":217975,"n":"Culottes Huggies® Extra Care® Taille 5 x24 (12-17 kg)","p":11.75,"u":"0,49 €/P","img":"https://fd9-photos.leclercdrive.fr/image.ashx?id=2831408&use=l&cat=p&typeid=i","cat":290633},{"id":217983,"n":"Salade & Cie Sodebo Poulet pané sauce caesar - 320g","p":4.24,"u":"13,25 €/KG","img":"https://fd9-photos.leclercdrive.fr/image.ashx?id=2748320&use=l&cat=p&typeid=i","cat":333657},{"id":217989,"n":"Dentifrice Integral 8 Signal HaleineFraîche Prébiotique 75ml","p":2.21,"u":"29,47 €/L","img":"https://fd9-photos.leclercdrive.fr/image.ashx?id=2985660&use=l&cat=p&typeid=i","cat":284612},{"id":217991,"n":"Dentifrice Signal Integral 8 Nettoyage intense - 75ml","p":2.43,"u":"32,40 €/L","img":"https://fd9-photos.leclercdrive.fr/image.ashx?id=2818190&use=l&cat=p&typeid=i","cat":284612},{"id":217995,"n":"Dentifrice Signal Integral 8 Resist +Prébiotique - 75ml","p":2.65,"u":"35,33 €/L","img":"https://fd9-photos.leclercdrive.fr/image.ashx?id=2818199&use=l&cat=p&typeid=i","cat":284612},{"id":218000,"n":"Dentifrice Signal Système Blancheur 1 semaine - 75ml","p":1.94,"u":"25,87 €/L","img":"https://fd9-photos.leclercdrive.fr/image.ashx?id=2777516&use=l&cat=p&typeid=i","cat":284612},{"id":218001,"n":"Dentifrice Signal Système Blancheur - Charbon - 75ml","p":2.22,"u":"29,60 €/L","img":"https://fd9-photos.leclercdrive.fr/image.ashx?id=2981421&use=l&cat=p&typeid=i","cat":284612},{"id":218002,"n":"Dentifrice Signal Système Blancheur Eclat brillance 75ml","p":2.22,"u":"29,60 €/L","img":"https://fd9-photos.leclercdrive.fr/image.ashx?id=2981424&use=l&cat=p&typeid=i","cat":284612},{"id":218003,"n":"Brosse à dents Signal Integral  8 - Noir - Souple - x1","p":2.2,"img":"https://fd9-photos.leclercdrive.fr/image.ashx?id=2748707&use=l&cat=p&typeid=i","cat":284614},{"id":218055,"n":"Soupe vietnamienne Maggi 40g","p":1.12,"u":"28,00 €/KG","img":"https://fd9-photos.leclercdrive.fr/image.ashx?id=2838078&use=l&cat=p&typeid=i","cat":288992},{"id":218101,"n":"Petits Biscuits Babybio Bio - 160g","p":2.92,"u":"18,25 €/KG","img":"https://fd9-photos.leclercdrive.fr/image.ashx?id=2875384&use=l&cat=p&typeid=i","cat":312394},{"id":218108,"n":"Chocolats liqueurs Abtey Collection chardons - x20  280g","p":10.28,"u":"36,71 €/KG","img":"https://fd9-photos.leclercdrive.fr/image.ashx?id=2616559&use=l&cat=p&typeid=i","cat":327601},{"id":218178,"n":"Nuggets de dinde Côté Croc 1kg","p":5.99,"img":"https://fd9-photos.leclercdrive.fr/image.ashx?id=2837072&use=l&cat=p&typeid=i","cat":333684},{"id":218189,"n":"Pizza croustimoelleuse extrême  Marie Tartiflette - 2+1 offerte","p":6.92,"u":"4,19 €/KG","img":"https://fd9-photos.leclercdrive.fr/image.ashx?id=2996665&use=l&cat=p&typeid=i","cat":284256},{"id":218198,"n":"Foie gras canard Larnaudie Entier - Ma création - 120g","p":11.99,"u":"99,92 €/KG","img":"https://fd9-photos.leclercdrive.fr/image.ashx?id=2617825&use=l&cat=p&typeid=i","cat":305148},{"id":218212,"n":"Gummies Appetit' Control Vitea 90g","p":7.91,"u":"87,89 €/KG","img":"https://fd9-photos.leclercdrive.fr/image.ashx?id=2744896&use=l&cat=p&typeid=i","cat":313217},{"id":218222,"n":"Légumes pour soupe 1kg","p":3.49,"u":"3,49 €/KG","img":"https://fd9-photos.leclercdrive.fr/image.ashx?id=2658716&use=l&cat=p&typeid=i","cat":284352},{"id":218226,"n":"Assaisonnement Viandox Knorr 665ml","p":5.28,"u":"7,94 €/L","img":"https://fd9-photos.leclercdrive.fr/image.ashx?id=2729935&use=l&cat=p&typeid=i","cat":288383},{"id":218304,"n":"Cordon bleu de dinde Côté Croc 1kg","p":5.99,"u":"5,99 €/KG","img":"https://fd9-photos.leclercdrive.fr/image.ashx?id=2617319&use=l&cat=p&typeid=i","cat":333683},{"id":218305,"n":"Saucisses de Montbéliard IGP NRT - 500g","p":5.99,"u":"11,98 €/KG","img":"https://fd9-photos.leclercdrive.fr/image.ashx?id=2991509&use=l&cat=p&typeid=i","cat":316012},{"id":218311,"n":"Pain de mie Epi d'Or Cérales & Graines - 580g","p":2.54,"u":"4,38 €/KG","img":"https://fd9-photos.leclercdrive.fr/image.ashx?id=2728270&use=l&cat=p&typeid=i","cat":284477},{"id":218331,"n":"Saumon fumé Petit Navire Écosse 10 tranches - 290g","p":10.7,"u":"36,90 €/KG","img":"https://fd9-photos.leclercdrive.fr/image.ashx?id=2950495&use=l&cat=p&typeid=i","cat":285188},{"id":218333,"n":"Yakitori poulet Ajinomoto Sauce Teriaki - 200g","p":4.96,"u":"24,80 €/KG","img":"https://fd9-photos.leclercdrive.fr/image.ashx?id=2692596&use=l&cat=p&typeid=i","cat":319774},{"id":218340,"n":"Tartinable de Foie Gras Delpeyrat - 120g","p":5.32,"u":"44,33 €/KG","img":"https://fd9-photos.leclercdrive.fr/image.ashx?id=2617780&use=l&cat=p&typeid=i","cat":305148},{"id":218341,"n":"Tartinable foie gras Delpeyrat A la figue - 120g","p":4.66,"u":"38,83 €/KG","img":"https://fd9-photos.leclercdrive.fr/image.ashx?id=2617783&use=l&cat=p&typeid=i","cat":305148},{"id":218344,"n":"Tartinable foie gras Delpeyrat Au piment d'Espelette - 120g","p":4.62,"u":"38,50 €/KG","img":"https://fd9-photos.leclercdrive.fr/image.ashx?id=2617786&use=l&cat=p&typeid=i","cat":305148},{"id":218383,"n":"Saucisse de Toulouse  Tendre & Plus x4 - 500g","p":4.5,"u":"9,00 €/KG","img":"https://fd9-photos.leclercdrive.fr/image.ashx?id=2618987&use=l&cat=p&typeid=i","cat":284334},{"id":218396,"n":"Bougies magiques Vahiné 1p","p":1.59,"img":"https://fd9-photos.leclercdrive.fr/image.ashx?id=2833333&use=l&cat=p&typeid=i","cat":284504},{"id":218407,"n":"Melange pour curry Ducros 20g","p":1.4,"u":"70,00 €/KG","img":"https://fd9-photos.leclercdrive.fr/image.ashx?id=2618888&use=l&cat=p&typeid=i","cat":298297},{"id":218423,"n":"Burrata di Bufala Les Croisés - 125g","p":2.91,"u":"23,28 €/KG","img":"https://fd9-photos.leclercdrive.fr/image.ashx?id=3009529&use=l&cat=p&typeid=i","cat":314026},{"id":218424,"n":"Milky fromage enfant à tartiner Les Croisés 8 portions - 144g","p":1.76,"u":"12,22 €/KG","img":"https://fd9-photos.leclercdrive.fr/image.ashx?id=2791908&use=l&cat=p&typeid=i","cat":314030},{"id":218427,"n":"Mozzarella Fior Di Latte Les Croisés - 125g","p":1.59,"u":"12,72 €/KG","img":"https://fd9-photos.leclercdrive.fr/image.ashx?id=2617726&use=l&cat=p&typeid=i","cat":314026},{"id":218435,"n":"Tiramisu Saporit  500g","p":7.09,"u":"14,18 €/KG","img":"https://fd9-photos.leclercdrive.fr/image.ashx?id=2619157&use=l&cat=p&typeid=i","cat":284266},{"id":218454,"n":"Velouté La Potagère Butternut & Lentilles Corail - 75cl","p":1.87,"u":"2,49 €/L","img":"https://fd9-photos.leclercdrive.fr/image.ashx?id=2973036&use=l&cat=p&typeid=i","cat":284462},{"id":218455,"n":"Velouté La Potagère 8 Légumes & Pois chiche - 75cl","p":1.71,"u":"2,28 €/L","img":"https://fd9-photos.leclercdrive.fr/image.ashx?id=2973042&use=l&cat=p&typeid=i","cat":284462},{"id":218457,"n":"Velouté La Potagère Tomates & Lentilles corail - 75cl","p":1.74,"u":"2,32 €/L","img":"https://fd9-photos.leclercdrive.fr/image.ashx?id=2973039&use=l&cat=p&typeid=i","cat":284462},{"id":218473,"n":"Ceviche de boeuf Charal 200g","p":5.77,"u":"28,85 €/KG","img":"https://fd9-photos.leclercdrive.fr/image.ashx?id=2618927&use=l&cat=p&typeid=i","cat":284328},{"id":218494,"n":"Panés aux poissons Eco+ 200g","p":1.55,"u":"7,75 €/KG","img":"https://fd9-photos.leclercdrive.fr/image.ashx?id=2618706&use=l&cat=p&typeid=i","cat":284344},{"id":218544,"n":"Bonbons Krema Fiesta - 580g","p":3.89,"u":"6,71 €/KG","img":"https://fd9-photos.leclercdrive.fr/image.ashx?id=2735542&use=l&cat=p&typeid=i","cat":304250},{"id":218560,"n":"Tortillas Old El Paso de blé  nature familial x12 - 489g","p":3.35,"u":"0,28 €/P","img":"https://fd9-photos.leclercdrive.fr/image.ashx?id=2737669&use=l&cat=p&typeid=i","cat":288993},{"id":218563,"n":"Sauce Tomates Cuisinées Panzani - 650G","p":2.52,"u":"3,88 €/KG","img":"https://fd9-photos.leclercdrive.fr/image.ashx?id=2977936&use=l&cat=p&typeid=i","cat":287599},{"id":218572,"n":"Sauce Pesto Barilla Basilic et citron - 190g","p":2.63,"u":"13,84 €/KG","img":"https://fd9-photos.leclercdrive.fr/image.ashx?id=2620758&use=l&cat=p&typeid=i","cat":287599},{"id":218587,"n":"Curry tandoori 37G - DUCROS","p":2.67,"u":"72,16 €/KG","img":"https://fd9-photos.leclercdrive.fr/image.ashx?id=2620137&use=l&cat=p&typeid=i","cat":298297},{"id":218590,"n":"Gâteau fromage blanc  500G - LE STER","p":2.62,"u":"5,24 €/KG","img":"https://fd9-photos.leclercdrive.fr/image.ashx?id=2970942&use=l&cat=p&typeid=i","cat":294776},{"id":218792,"n":"Sachet Père Noël et attaches Rohan - 175g","p":4.81,"u":"27,49 €/KG","img":"https://fd9-photos.leclercdrive.fr/image.ashx?id=2622594&use=l&cat=p&typeid=i","cat":327592},{"id":218793,"n":"Piles max AAA Energizer x12 + 4 offertes","p":10.45,"img":"https://fd9-photos.leclercdrive.fr/image.ashx?id=2776012&use=l&cat=p&typeid=i","cat":300572},{"id":218804,"n":"Croquettes chat Perfect Fit Boeuf Stérilisés Adulte 1.4kg","p":7.46,"u":"5,33 €/KG","img":"https://fd9-photos.leclercdrive.fr/image.ashx?id=2622792&use=l&cat=p&typeid=i","cat":284680},{"id":218807,"n":"Croquettes chat Perfect Fit Poulet stérilisés - 1.4kg","p":7.14,"u":"5,10 €/KG","img":"https://fd9-photos.leclercdrive.fr/image.ashx?id=2622795&use=l&cat=p&typeid=i","cat":284680},{"id":218822,"n":"Boisson gazeuse Fever Tree Mediterranean Tonic Water 50cl","p":2.78,"u":"5,56 €/L","img":"https://fd9-photos.leclercdrive.fr/image.ashx?id=2629545&use=l&cat=p&typeid=i","cat":284531},{"id":219039,"n":"Pétales de céréales Grainea Chocolat noir - 550g","p":2.73,"u":"4,96 €/KG","img":"https://fd9-photos.leclercdrive.fr/image.ashx?id=2917672&use=l&cat=p&typeid=i","cat":309512},{"id":219041,"n":"Pétales de céréales Grainea Chocolat au lait - 550g","p":2.58,"u":"4,69 €/KG","img":"https://fd9-photos.leclercdrive.fr/image.ashx?id=2917669&use=l&cat=p&typeid=i","cat":309512},{"id":219069,"n":"Sauce Pesto Barilla Alla Calabrese - 190g","p":2.69,"u":"14,16 €/KG","img":"https://fd9-photos.leclercdrive.fr/image.ashx?id=2624751&use=l&cat=p&typeid=i","cat":287599},{"id":219070,"n":"Poivre saveur & épices 40g","p":2.42,"u":"60,50 €/KG","img":"https://fd9-photos.leclercdrive.fr/image.ashx?id=2624592&use=l&cat=p&typeid=i","cat":284457},{"id":219142,"n":"Lessive liquide Chanteclair Musc Blanc - 1800ml","p":7.09,"u":"3,94 €/L","img":"https://fd9-photos.leclercdrive.fr/image.ashx?id=2997298&use=l&cat=p&typeid=i","cat":284640},{"id":219273,"n":"Pepites Sainte Lucie Chocolat noir - 100g","p":3.16,"u":"31,60 €/KG","img":"https://fd9-photos.leclercdrive.fr/image.ashx?id=2628650&use=l&cat=p&typeid=i","cat":284504},{"id":219283,"n":"Granola extra cookie Chocolat - 6x184g","p":10.5,"pp":7.35,"u":"6,66 €/KG","img":"https://fd9-photos.leclercdrive.fr/image.ashx?id=2629719&use=l&cat=p&typeid=i","cat":284488},{"id":219601,"n":"Petits pains grillés Pasquier Blé complet - 225g","p":1.8,"u":"8,00 €/KG","img":"https://fd9-photos.leclercdrive.fr/image.ashx?id=2834452&use=l&cat=p&typeid=i","cat":284479},{"id":219602,"n":"Petits pains grillés Pasquier Froment - 225g","p":1.46,"u":"6,49 €/KG","img":"https://fd9-photos.leclercdrive.fr/image.ashx?id=2834455&use=l&cat=p&typeid=i","cat":284479},{"id":219720,"n":"Oeufs de truite Ronde des Mers 80g","p":4.69,"u":"58,63 €/KG","img":"https://fd9-photos.leclercdrive.fr/image.ashx?id=2653092&use=l&cat=p&typeid=i","cat":285191},{"id":219722,"n":"Bloc de foie gras de canard Pierre de Chaumeyrac - 300g","p":16.9,"u":"56,33 €/KG","img":"https://fd9-photos.leclercdrive.fr/image.ashx?id=2804341&use=l&cat=p&typeid=i","cat":316008},{"id":220132,"n":"Dosettes café Senseo Espresso Classique x32","p":5.67,"u":"25,77 €/KG","img":"https://fd9-photos.leclercdrive.fr/image.ashx?id=2788061&use=l&cat=p&typeid=i","cat":293238},{"id":220198,"n":"Bâtonnets Pop'Polo Multi parfums x10 - 700g","p":4.29,"u":"6,13 €/KG","img":"https://fd9-photos.leclercdrive.fr/image.ashx?id=2634286&use=l&cat=p&typeid=i","cat":284265},{"id":220219,"n":"Bâtonnets Pop Fruit Sorbet Citron x4 - 280g","p":3.63,"u":"12,96 €/KG","img":"https://fd9-photos.leclercdrive.fr/image.ashx?id=2658069&use=l&cat=p&typeid=i","cat":284265},{"id":220222,"n":"Bâtonnets Pop Fruit Sorbet Mangue x4 - 280g","p":3.41,"u":"12,18 €/KG","img":"https://fd9-photos.leclercdrive.fr/image.ashx?id=2658072&use=l&cat=p&typeid=i","cat":284265},{"id":220240,"n":"Sachet fraîcheur chiot Pedigree Mixte en gelée - 12x100g","p":6.1,"u":"5,08 €/KG","img":"https://fd9-photos.leclercdrive.fr/image.ashx?id=2876125&use=l&cat=p&typeid=i","cat":284673},{"id":220245,"n":"Croquettes chien  Pedigree à la volaille - 7kg","p":16.55,"u":"2,36 €/KG","img":"https://fd9-photos.leclercdrive.fr/image.ashx?id=2813495&use=l&cat=p&typeid=i","cat":284672},{"id":220254,"n":"Croquettes chien  Pedigree au bœuf - 7kg","p":16.5,"u":"2,36 €/KG","img":"https://fd9-photos.leclercdrive.fr/image.ashx?id=2981286&use=l&cat=p&typeid=i","cat":284672},{"id":220269,"n":"Friandises chat Catisfactions  Herbe à chat - 60g","p":1.2,"u":"20,00 €/KG","img":"https://fd9-photos.leclercdrive.fr/image.ashx?id=2914765&use=l&cat=p&typeid=i","cat":285285},{"id":220298,"n":"Bonbons Tubes Acid'  Copains Copines - 180g","p":1.39,"u":"7,72 €/KG","img":"https://fd9-photos.leclercdrive.fr/image.ashx?id=2934775&use=l&cat=p&typeid=i","cat":304250},{"id":220348,"n":"Foie gras de canard entier  Jean Larnaudie - 160g","p":14.99,"u":"93,69 €/KG","img":"https://fd9-photos.leclercdrive.fr/image.ashx?id=2633923&use=l&cat=p&typeid=i","cat":305148},{"id":220351,"n":"Foie gras de canard entier  Larnaudie Selection - 160g","p":14.99,"u":"93,69 €/KG","img":"https://fd9-photos.leclercdrive.fr/image.ashx?id=2633926&use=l&cat=p&typeid=i","cat":305148},{"id":220410,"n":"Bonbons Haribo Assortiment de Noël - 600g","p":5.01,"u":"8,35 €/KG","img":"https://fd9-photos.leclercdrive.fr/image.ashx?id=2906094&use=l&cat=p&typeid=i","cat":304250},{"id":220510,"n":"Dentifrice Signal Intégral 8  Complet - 3x75ml","p":5.01,"u":"22,27 €/L","img":"https://fd9-photos.leclercdrive.fr/image.ashx?id=2639840&use=l&cat=p&typeid=i","cat":284612},{"id":220512,"n":"Dentifrice Signal Integral 8  Blancheur - 3x75ml","p":5.48,"u":"24,36 €/L","img":"https://fd9-photos.leclercdrive.fr/image.ashx?id=2971461&use=l&cat=p&typeid=i","cat":284612},{"id":220533,"n":"Foie gras canard IGP Sud-Ouest Mi-cuit verrine - 180g","p":16.38,"u":"91,00 €/KG","img":"https://fd9-photos.leclercdrive.fr/image.ashx?id=2634519&use=l&cat=p&typeid=i","cat":316008},{"id":220547,"n":"Raisin blanc sans pépins Panier du Primeur - 500g","p":3.99,"u":"7,98 €/KG","img":"https://fd9-photos.leclercdrive.fr/image.ashx?id=2858132&use=l&cat=p&typeid=i","cat":284356},{"id":220563,"n":"Dentifrice Signal Intégral 8 Interdentaire - 3x75ml","p":5.47,"u":"24,31 €/L","img":"https://fd9-photos.leclercdrive.fr/image.ashx?id=2639846&use=l&cat=p&typeid=i","cat":284612},{"id":220564,"n":"Dentifrice Signal Intégral 8 Haleine fraîche - 3x75ml","p":5.5,"u":"73,33 €/L","img":"https://fd9-photos.leclercdrive.fr/image.ashx?id=2971464&use=l&cat=p&typeid=i","cat":284612},{"id":220591,"n":"Brassé végétal Andros Fraise - 6x100g","p":1.93,"u":"3,22 €/KG","img":"https://fd9-photos.leclercdrive.fr/image.ashx?id=2638975&use=l&cat=p&typeid=i","cat":316071},{"id":220689,"n":"Dentifrice Integral 8 Signal Interdentaire Prébiotique 75ml","p":2.29,"u":"30,53 €/L","img":"https://fd9-photos.leclercdrive.fr/image.ashx?id=2940654&use=l&cat=p&typeid=i","cat":284612},{"id":220742,"n":"Savon Le Petit Marseillais  Recharge antibacterien - 250ml","p":1.52,"u":"6,08 €/L","img":"https://fd9-photos.leclercdrive.fr/image.ashx?id=2684230&use=l&cat=p&typeid=i","cat":284597},{"id":220783,"n":"Coloration Permanente Olia 6.0 Chatain Très Clair","p":8.78,"img":"https://fd9-photos.leclercdrive.fr/image.ashx?id=2635958&use=l&cat=p&typeid=i","cat":288899},{"id":220786,"n":"Papier toilette humide Lotus Confort - x38","p":1.69,"u":"0,04 €/P","img":"https://fd9-photos.leclercdrive.fr/image.ashx?id=2864843&use=l&cat=p&typeid=i","cat":284634},{"id":220791,"n":"Après-shampooing Garnier Cheveu coloré ou méché - 250ml","p":2.73,"u":"10,92 €/L","img":"https://fd9-photos.leclercdrive.fr/image.ashx?id=2828049&use=l&cat=p&typeid=i","cat":284607},{"id":220794,"n":"Sérum Éclat La Provençale Bio Jouvence à la Vitamine C - 30ml","p":11.26,"u":"375,33 €/L","img":"https://fd9-photos.leclercdrive.fr/image.ashx?id=2950363&use=l&cat=p&typeid=i","cat":325345},{"id":220797,"n":"Rasoirs rechargeables Bic Hybrid Flex 3 - Hommes - x4","p":4.73,"u":"1,18 €/P","img":"https://fd9-photos.leclercdrive.fr/image.ashx?id=2636066&use=l&cat=p&typeid=i","cat":284616},{"id":220799,"n":"Rasoirs rechargeables Bic Hybrid Flex 5 - Hommes - x4","p":6.39,"u":"1,60 €/P","img":"https://fd9-photos.leclercdrive.fr/image.ashx?id=2636069&use=l&cat=p&typeid=i","cat":284616},{"id":220822,"n":"Gel lavant mains Le Petit Marseillais Antibactérien 300ml","p":2.06,"u":"6,87 €/L","img":"https://fd9-photos.leclercdrive.fr/image.ashx?id=2684557&use=l&cat=p&typeid=i","cat":284597},{"id":220824,"n":"Crème lavante mains Le Petit Marseillais - Lait - 300ml","p":1.98,"u":"6,60 €/L","img":"https://fd9-photos.leclercdrive.fr/image.ashx?id=2684224&use=l&cat=p&typeid=i","cat":284597},{"id":220827,"n":"Sérum Autobronzant Garnier Natural Bronzer visage - 30ml","p":9.79,"u":"326,33 €/L","img":"https://fd9-photos.leclercdrive.fr/image.ashx?id=2669280&use=l&cat=p&typeid=i","cat":325355},{"id":220851,"n":"Saumon fumé Ronde des Mers Écosse - 14 tranches - 490g","p":17.49,"u":"35,69 €/KG","img":"https://fd9-photos.leclercdrive.fr/image.ashx?id=2976303&use=l&cat=p&typeid=i","cat":285188},{"id":220852,"n":"Orange chocolat La pièce","p":0.87,"img":"https://fd9-photos.leclercdrive.fr/image.ashx?id=2636580&use=l&cat=p&typeid=i","cat":284356},{"id":221193,"n":"Gressins sésame  Eco+ 120g","p":1.04,"u":"8,32 €/KG","img":"https://fd9-photos.leclercdrive.fr/image.ashx?id=2640004&use=l&cat=p&typeid=i","cat":297000},{"id":221205,"n":"Fromage fondu Burger Eco+ x10 - 200g","p":1.15,"u":"5,75 €/KG","img":"https://fd9-photos.leclercdrive.fr/image.ashx?id=2956960&use=l&cat=p&typeid=i","cat":314028},{"id":221208,"n":"Disques à démaquiller x120","p":0.41,"img":"https://fd9-photos.leclercdrive.fr/image.ashx?id=2640119&use=l&cat=p&typeid=i","cat":285593},{"id":221215,"n":"Nectar de poire Pauline  1L","p":2.82,"u":"2,82 €/L","img":"https://fd9-photos.leclercdrive.fr/image.ashx?id=2733868&use=l&cat=p&typeid=i","cat":284915},{"id":221217,"n":"Maxi croustis Cheesy Bonduelle Potiron lentille emmental -240g","p":3.14,"u":"13,08 €/KG","img":"https://fd9-photos.leclercdrive.fr/image.ashx?id=2979650&use=l&cat=p&typeid=i","cat":319822},{"id":221278,"n":"Thon sauce mayonnaise Saupiquet 252g","p":2.36,"u":"9,37 €/KG","img":"https://fd9-photos.leclercdrive.fr/image.ashx?id=2860889&use=l&cat=p&typeid=i","cat":303867},{"id":221279,"n":"Cerneaux de noix Eco+ 400g","p":4.59,"u":"11,48 €/KG","img":"https://fd9-photos.leclercdrive.fr/image.ashx?id=2768454&use=l&cat=p&typeid=i","cat":284357},{"id":221398,"n":"Riz Tradizioni d'Italia Carnaroli - 500g","p":2.39,"u":"4,78 €/KG","img":"https://fd9-photos.leclercdrive.fr/image.ashx?id=2913793&use=l&cat=p&typeid=i","cat":284428},{"id":221401,"n":"Saumon fumé Ronde des Mers Norvège 14 tranches - 490g","p":17.49,"u":"35,69 €/KG","img":"https://fd9-photos.leclercdrive.fr/image.ashx?id=2833141&use=l&cat=p&typeid=i","cat":285188},{"id":221505,"n":"Infusion digestion légère  Elephant - x20 - 32g","p":2.07,"u":"64,69 €/KG","img":"https://fd9-photos.leclercdrive.fr/image.ashx?id=2655653&use=l&cat=p&typeid=i","cat":293234},{"id":221507,"n":"Infusion nuit tranquille  Elephant - x20 - 30g","p":1.54,"u":"51,33 €/KG","img":"https://fd9-photos.leclercdrive.fr/image.ashx?id=2655647&use=l&cat=p&typeid=i","cat":293234},{"id":221593,"n":"Bois d'allumage Flamino 20L","p":3.77,"u":"0,19 €/L","img":"https://fd9-photos.leclercdrive.fr/image.ashx?id=2802500&use=l&cat=p&typeid=i","cat":300577},{"id":221596,"n":"Fromage bleu truffe blanche été L'Origine du Goût - 170g","p":5.5,"u":"32,35 €/KG","img":"https://fd9-photos.leclercdrive.fr/image.ashx?id=2817175&use=l&cat=p&typeid=i","cat":314032},{"id":221641,"n":"saumon fumé Delpierre Laponie x10 - 280g","p":11.45,"u":"4,06 €/KG","img":"https://fd9-photos.leclercdrive.fr/image.ashx?id=2961924&use=l&cat=p&typeid=i","cat":285188},{"id":221665,"n":"Petits pois Bonduelle Sans arôme ajouté 3x560g","p":5.53,"u":"3,29 €/KG","img":"https://fd9-photos.leclercdrive.fr/image.ashx?id=2858195&use=l&cat=p&typeid=i","cat":312607},{"id":221874,"n":"Gyoza Deli's World Grillés aux légumes x8 - 180g","p":3.92,"u":"21,78 €/KG","img":"https://fd9-photos.leclercdrive.fr/image.ashx?id=2647140&use=l&cat=p&typeid=i","cat":319774},{"id":221882,"n":"Dentifrice Oral-B Pro Repair Original - 2x75ml","p":7.8,"u":"52,00 €/L","img":"https://fd9-photos.leclercdrive.fr/image.ashx?id=2745367&use=l&cat=p&typeid=i","cat":284612},{"id":221883,"n":"Dentifrice Oral-B Calm Sensibilité et gencives 2x75ml","p":7.8,"u":"52,00 €/L","img":"https://fd9-photos.leclercdrive.fr/image.ashx?id=2831125&use=l&cat=p&typeid=i","cat":284612},{"id":221884,"n":"Haricots verts extra fins Bonduelle - 3 x 440g","p":5.82,"u":"4,41 €/KG","img":"https://fd9-photos.leclercdrive.fr/image.ashx?id=2856967&use=l&cat=p&typeid=i","cat":312606},{"id":222028,"n":"Dentifrice Oral-B Pro Science Nettoyage intense 2x75ml","p":7.8,"u":"52,00 €/L","img":"https://fd9-photos.leclercdrive.fr/image.ashx?id=2745361&use=l&cat=p&typeid=i","cat":284612},{"id":222046,"n":"Déodorant Axe Aqua bergamot - 2x150ml","p":7.71,"u":"25,70 €/L","img":"https://fd9-photos.leclercdrive.fr/image.ashx?id=2649325&use=l&cat=p&typeid=i","cat":284618},{"id":222047,"n":"Déodorant Axe Copper santal - 2x150ml","p":7.86,"u":"26,20 €/L","img":"https://fd9-photos.leclercdrive.fr/image.ashx?id=2860004&use=l&cat=p&typeid=i","cat":284618},{"id":222052,"n":"Fruit de la passion 1p","p":0.99,"img":"https://fd9-photos.leclercdrive.fr/image.ashx?id=1633904&use=l&cat=p&typeid=i","cat":284356},{"id":222059,"n":"Oranges à déguster  1p","p":0.75,"img":"https://fd9-photos.leclercdrive.fr/image.ashx?id=1629690&use=l&cat=p&typeid=i","cat":284356},{"id":222064,"n":"Grenade 1p","p":2.41,"img":"https://fd9-photos.leclercdrive.fr/image.ashx?id=1633898&use=l&cat=p&typeid=i","cat":284356},{"id":222073,"n":"Ananas Victoria 1p","p":5.29,"img":"https://fd9-photos.leclercdrive.fr/image.ashx?id=571059&use=l&cat=p&typeid=i","cat":284356},{"id":222083,"n":"Shampoing illuminant Ultra Doux Camomille Miel - 600ml","p":5.25,"u":"8,75 €/L","img":"https://fd9-photos.leclercdrive.fr/image.ashx?id=2926602&use=l&cat=p&typeid=i","cat":284606},{"id":222086,"n":"Poire Abate  1p","p":0.75,"img":"https://fd9-photos.leclercdrive.fr/image.ashx?id=1628301&use=l&cat=p&typeid=i","cat":284356},{"id":222092,"n":"Pommes Chantecler 1p","p":0.7,"img":"https://fd9-photos.leclercdrive.fr/image.ashx?id=1631116&use=l&cat=p&typeid=i","cat":284356},{"id":222094,"n":"Pomme Coeur de Reine 1p","p":0.62,"img":"https://fd9-photos.leclercdrive.fr/image.ashx?id=2496611&use=l&cat=p&typeid=i","cat":284356},{"id":222096,"n":"Pomme Pink Lady  1p","p":0.7,"img":"https://fd9-photos.leclercdrive.fr/image.ashx?id=2121659&use=l&cat=p&typeid=i","cat":284356},{"id":222101,"n":"Melon jaune  1p","p":3.49,"img":"https://fd9-photos.leclercdrive.fr/image.ashx?id=1636377&use=l&cat=p&typeid=i","cat":284356},{"id":222111,"n":"Radis noir  1p","p":1.85,"img":"https://fd9-photos.leclercdrive.fr/image.ashx?id=578511&use=l&cat=p&typeid=i","cat":284352},{"id":222116,"n":"Carotte  1p","p":0.35,"img":"https://fd9-photos.leclercdrive.fr/image.ashx?id=1631592&use=l&cat=p&typeid=i","cat":284352},{"id":222117,"n":"Poireau  1p","p":0.72,"img":"https://fd9-photos.leclercdrive.fr/image.ashx?id=1632716&use=l&cat=p&typeid=i","cat":284352},{"id":222123,"n":"Aubergine 1p","p":1.64,"img":"https://fd9-photos.leclercdrive.fr/image.ashx?id=1631421&use=l&cat=p&typeid=i","cat":284352},{"id":222126,"n":"Courgette ronde  1p","p":1.0,"img":"https://fd9-photos.leclercdrive.fr/image.ashx?id=1631976&use=l&cat=p&typeid=i","cat":284352},{"id":222128,"n":"Poivron doux rouge  1p","p":1.49,"img":"https://fd9-photos.leclercdrive.fr/image.ashx?id=1633094&use=l&cat=p&typeid=i","cat":284352},{"id":222131,"n":"Poivron doux vert  1p","p":1.49,"img":"https://fd9-photos.leclercdrive.fr/image.ashx?id=1633202&use=l&cat=p&typeid=i","cat":284352},{"id":222132,"n":"Poivron doux jaune  1p","p":1.49,"img":"https://fd9-photos.leclercdrive.fr/image.ashx?id=1631227&use=l&cat=p&typeid=i","cat":284352},{"id":222133,"n":"Tomate allongée  1p","p":0.4,"img":"https://fd9-photos.leclercdrive.fr/image.ashx?id=1631200&use=l&cat=p&typeid=i","cat":284352},{"id":222146,"n":"Ail blanc  1p","p":0.95,"img":"https://fd9-photos.leclercdrive.fr/image.ashx?id=1631469&use=l&cat=p&typeid=i","cat":284352},{"id":222148,"n":"Echalote longue  La pièce","p":0.12,"img":"https://fd9-photos.leclercdrive.fr/image.ashx?id=1631940&use=l&cat=p&typeid=i","cat":284352},{"id":222152,"n":"Oignon rouge  1p","p":0.67,"img":"https://fd9-photos.leclercdrive.fr/image.ashx?id=2910419&use=l&cat=p&typeid=i","cat":284352},{"id":222170,"n":"Citron  1p","p":0.65,"img":"https://fd9-photos.leclercdrive.fr/image.ashx?id=1628602&use=l&cat=p&typeid=i","cat":284356},{"id":222172,"n":"Citron vert  1p","p":0.79,"img":"https://fd9-photos.leclercdrive.fr/image.ashx?id=1628331&use=l&cat=p&typeid=i","cat":284356},{"id":222220,"n":"Poire Williams   1p","p":0.7,"img":"https://fd9-photos.leclercdrive.fr/image.ashx?id=1636644&use=l&cat=p&typeid=i","cat":284356},{"id":222224,"n":"Pomme Golden  1p","p":0.5,"img":"https://fd9-photos.leclercdrive.fr/image.ashx?id=1630966&use=l&cat=p&typeid=i","cat":284356},{"id":222229,"n":"Pomme Royal Gala  1p","p":0.5,"img":"https://fd9-photos.leclercdrive.fr/image.ashx?id=1630963&use=l&cat=p&typeid=i","cat":284356},{"id":222238,"n":"Pomme Granny Smith  1p","p":0.65,"img":"https://fd9-photos.leclercdrive.fr/image.ashx?id=1630969&use=l&cat=p&typeid=i","cat":284356},{"id":222257,"n":"Avocat  1p","p":1.39,"img":"https://fd9-photos.leclercdrive.fr/image.ashx?id=1633637&use=l&cat=p&typeid=i","cat":284352},{"id":222262,"n":"Fenouil  1p","p":1.49,"img":"https://fd9-photos.leclercdrive.fr/image.ashx?id=612612&use=l&cat=p&typeid=i","cat":284352},{"id":222284,"n":"Courgette  1p","p":0.69,"img":"https://fd9-photos.leclercdrive.fr/image.ashx?id=1631964&use=l&cat=p&typeid=i","cat":284352},{"id":222331,"n":"Oignon jaune  1p","p":0.7,"img":"https://fd9-photos.leclercdrive.fr/image.ashx?id=764178&use=l&cat=p&typeid=i","cat":284352},{"id":222338,"n":"Pomelo rose 1p","p":0.99,"img":"https://fd9-photos.leclercdrive.fr/image.ashx?id=1636262&use=l&cat=p&typeid=i","cat":284356},{"id":222384,"n":"Miel de France liquide 375g","p":5.84,"u":"15,57 €/KG","img":"https://fd9-photos.leclercdrive.fr/image.ashx?id=2649966&use=l&cat=p&typeid=i","cat":287643},{"id":222386,"n":"Miel de France Cremeux  375g","p":5.85,"u":"15,60 €/KG","img":"https://fd9-photos.leclercdrive.fr/image.ashx?id=2649963&use=l&cat=p&typeid=i","cat":287643},{"id":222472,"n":"Ananas Eco+ Morceaux - Sirop léger - 340g","p":1.06,"u":"3,12 €/KG","img":"https://fd9-photos.leclercdrive.fr/image.ashx?id=2650907&use=l&cat=p&typeid=i","cat":284507},{"id":222479,"n":"Pop corn sucre de canne Vico Micro-ondable 240g","p":1.98,"u":"8,25 €/KG","img":"https://fd9-photos.leclercdrive.fr/image.ashx?id=2651585&use=l&cat=p&typeid=i","cat":304249},{"id":222480,"n":"Pop corn Vico Salé - 240g","p":1.94,"u":"8,08 €/KG","img":"https://fd9-photos.leclercdrive.fr/image.ashx?id=2815049&use=l&cat=p&typeid=i","cat":304249},{"id":222482,"n":"Mélange oiseaux du ciel Eco+ - 4kg","p":3.38,"u":"0,85 €/KG","img":"https://fd9-photos.leclercdrive.fr/image.ashx?id=2651327&use=l&cat=p&typeid=i","cat":284678},{"id":222583,"n":"Soin Cheveux Lamination Elsève Glycolic Gloss - 200ml","p":7.56,"u":"37,80 €/L","img":"https://fd9-photos.leclercdrive.fr/image.ashx?id=2656796&use=l&cat=p&typeid=i","cat":284608},{"id":222586,"n":"Démêlant Cheveux Elsève Glycolic Gloss - 150ml","p":6.06,"u":"40,40 €/L","img":"https://fd9-photos.leclercdrive.fr/image.ashx?id=2657160&use=l&cat=p&typeid=i","cat":284607},{"id":222589,"n":"Sérum Soin Sans Rinçage Elsève Glycolic Gloss - 150ml","p":12.34,"u":"82,27 €/L","img":"https://fd9-photos.leclercdrive.fr/image.ashx?id=2656069&use=l&cat=p&typeid=i","cat":284608},{"id":222591,"n":"Soin anti-tâches L'Oréal Paris Bright Reveal SPF50+ - 50ml","p":15.26,"u":"305,20 €/L","img":"https://fd9-photos.leclercdrive.fr/image.ashx?id=2921879&use=l&cat=p&typeid=i","cat":325345},{"id":222593,"n":"Dentifrice Aquafresh Naturals Blancheur Charbon - 2x75ml","p":3.11,"u":"20,73 €/L","img":"https://fd9-photos.leclercdrive.fr/image.ashx?id=2889289&use=l&cat=p&typeid=i","cat":284612},{"id":222595,"n":"Pur jus d'ananas passion  Jafaden - 90cl","p":2.29,"u":"2,54 €/L","img":"https://fd9-photos.leclercdrive.fr/image.ashx?id=2723189&use=l&cat=p&typeid=i","cat":285435},{"id":222597,"n":"Sérum anti-taches L'Oréal Paris Bright Reveal - 30ml","p":14.88,"u":"496,00 €/L","img":"https://fd9-photos.leclercdrive.fr/image.ashx?id=2865881&use=l&cat=p&typeid=i","cat":325345},{"id":222599,"n":"Sérum correcteur L'Oréal Paris  Age Perfect - 30ml","p":11.97,"pp":7.9,"u":"263,33 €/L","img":"https://fd9-photos.leclercdrive.fr/image.ashx?id=2664491&use=l&cat=p&typeid=i","cat":325345},{"id":222602,"n":"Haché à cuisiner Convivial Pur boeuf 15%MG  - 400g","p":4.99,"u":"12,48 €/KG","img":"https://fd9-photos.leclercdrive.fr/image.ashx?id=2653675&use=l&cat=p&typeid=i","cat":319779},{"id":222608,"n":"Jambon cru Serrano Aoste  6 tranches + 3 offertes - 150g","p":3.66,"u":"24,40 €/KG","img":"https://fd9-photos.leclercdrive.fr/image.ashx?id=2653669&use=l&cat=p&typeid=i","cat":316007},{"id":222631,"n":"Gâteau Savane Brossard Max Barr' Pocket x14 - 420g","p":4.4,"u":"10,48 €/KG","img":"https://fd9-photos.leclercdrive.fr/image.ashx?id=2964721&use=l&cat=p&typeid=i","cat":294776},{"id":222638,"n":"Chocolat pâtissier Nestlé Corsé - 2x200g","p":6.27,"u":"15,68 €/KG","img":"https://fd9-photos.leclercdrive.fr/image.ashx?id=2905654&use=l&cat=p&typeid=i","cat":285562},{"id":222649,"n":"Confiture clémentine Valade 320g","p":2.52,"u":"7,88 €/KG","img":"https://fd9-photos.leclercdrive.fr/image.ashx?id=2661262&use=l&cat=p&typeid=i","cat":284480},{"id":222666,"n":"Riz Japonais Mei Asia Pour sushi - 1kg","p":3.07,"u":"3,07 €/KG","img":"https://fd9-photos.leclercdrive.fr/image.ashx?id=2817830&use=l&cat=p&typeid=i","cat":284428},{"id":222689,"n":"Lessive liquide au bicarbonate Maison Nett - 1.85L -41 lavages","p":5.55,"u":"3,00 €/L","img":"https://fd9-photos.leclercdrive.fr/image.ashx?id=2656826&use=l&cat=p&typeid=i","cat":284640},{"id":222702,"n":"Dentifrice Integral 8 Signal Fraîcheur Intense 75ml","p":2.43,"u":"32,40 €/L","img":"https://fd9-photos.leclercdrive.fr/image.ashx?id=2818196&use=l&cat=p&typeid=i","cat":284612},{"id":222703,"n":"Dentifrice Signal Extra fraîcheur blancheur 75ml","p":2.23,"u":"29,73 €/L","img":"https://fd9-photos.leclercdrive.fr/image.ashx?id=2938328&use=l&cat=p&typeid=i","cat":284612},{"id":222735,"n":"Déodorant spray Dove 2x100ml","p":5.66,"u":"28,30 €/L","img":"https://fd9-photos.leclercdrive.fr/image.ashx?id=2905714&use=l&cat=p&typeid=i","cat":284595},{"id":222742,"n":"Swiffer wetjet Kit Lavable Système anti-poussière - x1","p":30.48,"pp":18.29,"img":"https://fd9-photos.leclercdrive.fr/image.ashx?id=2927708&use=l&cat=p&typeid=i","cat":325364},{"id":222750,"n":"Pois vert au wasabi Mei Asia 140g","p":3.48,"u":"24,86 €/KG","img":"https://fd9-photos.leclercdrive.fr/image.ashx?id=2654938&use=l&cat=p&typeid=i","cat":284448},{"id":222777,"n":"Lames de rasoir jetables Gillette Sensor 3 Comfort - x8","p":9.42,"img":"https://fd9-photos.leclercdrive.fr/image.ashx?id=2655139&use=l&cat=p&typeid=i","cat":284616},{"id":222782,"n":"Adoucissant Soupline Lingettes Voile Sèche-linge Grand air-x20","p":2.76,"u":"0,14 €/P","img":"https://fd9-photos.leclercdrive.fr/image.ashx?id=2654435&use=l&cat=p&typeid=i","cat":325302},{"id":222820,"n":"Bonbons Haribo Pocket Assortiment mini sachets - 340g","p":2.46,"u":"7,24 €/KG","img":"https://fd9-photos.leclercdrive.fr/image.ashx?id=2654653&use=l&cat=p&typeid=i","cat":304250},{"id":222822,"n":"Batavia Notre Jardin 200g","p":1.53,"u":"7,65 €/KG","img":"https://fd9-photos.leclercdrive.fr/image.ashx?id=2662592&use=l&cat=p&typeid=i","cat":284353},{"id":222826,"n":"Chou blanc carotte Notre Jardin 250g","p":1.51,"u":"6,04 €/KG","img":"https://fd9-photos.leclercdrive.fr/image.ashx?id=2740975&use=l&cat=p&typeid=i","cat":284353},{"id":222839,"n":"Duo mâche et betterave Notre Jardin - 175g","p":1.32,"u":"7,54 €/KG","img":"https://fd9-photos.leclercdrive.fr/image.ashx?id=2663296&use=l&cat=p&typeid=i","cat":284353},{"id":222842,"n":"Acide citrique Clair 500g","p":2.99,"u":"5,98 €/KG","img":"https://fd9-photos.leclercdrive.fr/image.ashx?id=2822147&use=l&cat=p&typeid=i","cat":325365},{"id":222844,"n":"Gel douche Le Petit Marseillais Fleur de tiaré - 650ml","p":3.23,"u":"4,97 €/L","img":"https://fd9-photos.leclercdrive.fr/image.ashx?id=2656060&use=l&cat=p&typeid=i","cat":284594},{"id":222854,"n":"Lingette lavable Swiffer Wetj Wetjet - Microfibre - x1","p":8.65,"pp":5.19,"img":"https://fd9-photos.leclercdrive.fr/image.ashx?id=2656240&use=l&cat=p&typeid=i","cat":325364},{"id":222958,"n":"Sérum bio So'Bio Etic Anti-âge global - Argan - 30ml","p":19.01,"u":"633,67 €/L","img":"https://fd9-photos.leclercdrive.fr/image.ashx?id=2977480&use=l&cat=p&typeid=i","cat":325345},{"id":222959,"n":"Soin jour bio So'Bio Etic Anti-tâches - Lys - 50ml","p":16.66,"u":"333,20 €/L","img":"https://fd9-photos.leclercdrive.fr/image.ashx?id=3000207&use=l&cat=p&typeid=i","cat":325345},{"id":222960,"n":"Soin nuit bio So'Bio Etic Peeling - Anti-tâche - Lys 50ml","p":16.83,"u":"336,60 €/L","img":"https://fd9-photos.leclercdrive.fr/image.ashx?id=2997019&use=l&cat=p&typeid=i","cat":325345},{"id":222961,"n":"Soin regard So'Bio Etic Lift Grenade bio - 15ml","p":12.16,"u":"810,67 €/L","img":"https://fd9-photos.leclercdrive.fr/image.ashx?id=2787113&use=l&cat=p&typeid=i","cat":325345},{"id":222964,"n":"Colin d'Alaska MSC Pêche Océan Façon Fish & Chips - 400g","p":2.69,"u":"6,73 €/KG","img":"https://fd9-photos.leclercdrive.fr/image.ashx?id=2856211&use=l&cat=p&typeid=i","cat":319788},{"id":222995,"n":"Nouilles Banzai Noodle Curry cup - 67g","p":1.38,"u":"20,60 €/KG","img":"https://fd9-photos.leclercdrive.fr/image.ashx?id=2730007&use=l&cat=p&typeid=i","cat":288992},{"id":223030,"n":"Après-shampooing Herbal Essences - Coconut - 200ml","p":3.72,"u":"18,60 €/L","img":"https://fd9-photos.leclercdrive.fr/image.ashx?id=2737813&use=l&cat=p&typeid=i","cat":284606},{"id":223108,"n":"Oeufs frais sol Eco+ x30","p":4.93,"u":"0,16 €/P","img":"https://fd9-photos.leclercdrive.fr/image.ashx?id=2724550&use=l&cat=p&typeid=i","cat":284378},{"id":223130,"n":"Mini fuet L'Origine du Goût - 100g","p":2.69,"u":"26,90 €/KG","img":"https://fd9-photos.leclercdrive.fr/image.ashx?id=2776310&use=l&cat=p&typeid=i","cat":316006},{"id":223151,"n":"Jus ACE Pauline 1L","p":3.2,"u":"3,20 €/L","img":"https://fd9-photos.leclercdrive.fr/image.ashx?id=2675454&use=l&cat=p&typeid=i","cat":284521},{"id":223157,"n":"Vinaigre blanc 5L - 10°","p":3.57,"u":"0,71 €/L","img":"https://fd9-photos.leclercdrive.fr/image.ashx?id=2659792&use=l&cat=p&typeid=i","cat":298543},{"id":223305,"n":"Rillettes Les Mouettes d'Arvor Maquereau poivre Kampot  125g","p":2.55,"u":"20,40 €/KG","img":"https://fd9-photos.leclercdrive.fr/image.ashx?id=2662373&use=l&cat=p&typeid=i","cat":303868},{"id":223307,"n":"Rillettes Les Mouettes d'Arvor Maquereau piment Chipotle 125g","p":2.56,"u":"20,48 €/KG","img":"https://fd9-photos.leclercdrive.fr/image.ashx?id=2662940&use=l&cat=p&typeid=i","cat":305146},{"id":223309,"n":"Entremet Macaron Framboise 660g","p":9.95,"u":"15,08 €/KG","img":"https://fd9-photos.leclercdrive.fr/image.ashx?id=2767857&use=l&cat=p&typeid=i","cat":284360},{"id":223373,"n":"Emmental Président Coeur de Meule - 500g","p":5.34,"u":"10,68 €/KG","img":"https://fd9-photos.leclercdrive.fr/image.ashx?id=2757602&use=l&cat=p&typeid=i","cat":314034},{"id":223394,"n":"Boisson aux fruits Jafun Tropical - 4x20cl","p":1.49,"u":"1,86 €/L","img":"https://fd9-photos.leclercdrive.fr/image.ashx?id=2992576&use=l&cat=p&typeid=i","cat":295018},{"id":223401,"n":"Bâtonnets Manger Main Bio Yooji Fraise banane avoine - 150g","p":4.19,"u":"27,93 €/KG","img":"https://fd9-photos.leclercdrive.fr/image.ashx?id=2662475&use=l&cat=p&typeid=i","cat":290631},{"id":223402,"n":"Bâtonnets Manger Main Bio Yooji Mangue banane avoine - 150g","p":3.19,"u":"21,27 €/KG","img":"https://fd9-photos.leclercdrive.fr/image.ashx?id=2662478&use=l&cat=p&typeid=i","cat":312394},{"id":223445,"n":"Shampoing fortifiant Fructis Force et Brillance - 300ml","p":2.99,"u":"9,97 €/L","img":"https://fd9-photos.leclercdrive.fr/image.ashx?id=2669271&use=l&cat=p&typeid=i","cat":284606},{"id":223498,"n":"Ketchup Rustica 900g","p":1.79,"u":"1,99 €/KG","img":"https://fd9-photos.leclercdrive.fr/image.ashx?id=2954394&use=l&cat=p&typeid=i","cat":284455},{"id":223499,"n":"Ketchup Rustica 390g","p":1.09,"u":"2,79 €/KG","img":"https://fd9-photos.leclercdrive.fr/image.ashx?id=2954391&use=l&cat=p&typeid=i","cat":284455},{"id":223500,"n":"Mais croquant Notre Jardin 2x285g","p":1.7,"u":"2,98 €/KG","img":"https://fd9-photos.leclercdrive.fr/image.ashx?id=3005694&use=l&cat=p&typeid=i","cat":312611},{"id":223521,"n":"Biscuit bio  Nocciolata bianca Fourré pâte à tartiner - 250g","p":2.8,"u":"11,20 €/KG","img":"https://fd9-photos.leclercdrive.fr/image.ashx?id=2664554&use=l&cat=p&typeid=i","cat":284487},{"id":223527,"n":"Anti-moustiques Marie Rose Zones tropicales - 100ml","p":6.69,"u":"66,90 €/L","img":"https://fd9-photos.leclercdrive.fr/image.ashx?id=2684455&use=l&cat=p&typeid=i","cat":299654},{"id":223528,"n":"Culotte menstruelle Feel Natural - Noir - Taille XS","p":13.08,"pp":7.85,"img":"https://fd9-photos.leclercdrive.fr/image.ashx?id=2795216&use=l&cat=p&typeid=i","cat":284624},{"id":223533,"n":"Culotte menstruelle Feel Natural - Noir - Taille XL","p":13.08,"pp":7.85,"img":"https://fd9-photos.leclercdrive.fr/image.ashx?id=2830642&use=l&cat=p&typeid=i","cat":284624},{"id":223534,"n":"Culotte menstruelle Feel Natural - Noir - Taille XXL","p":13.08,"pp":7.85,"img":"https://fd9-photos.leclercdrive.fr/image.ashx?id=2664503&use=l&cat=p&typeid=i","cat":284624},{"id":223603,"n":"Fil dentaire Dentamyl Cire menthe - 80m","p":2.72,"u":"0,03 €/MT","img":"https://fd9-photos.leclercdrive.fr/image.ashx?id=2672888&use=l&cat=p&typeid=i","cat":285159},{"id":223893,"n":"Lingettes de nettoyage Swiffer Wet Jet - x12","p":7.19,"pp":4.31,"u":"0,36 €/P","img":"https://fd9-photos.leclercdrive.fr/image.ashx?id=2948525&use=l&cat=p&typeid=i","cat":325364},{"id":223919,"n":"Papier aluminium Albal 30m","p":4.89,"img":"https://fd9-photos.leclercdrive.fr/image.ashx?id=2667109&use=l&cat=p&typeid=i","cat":285194},{"id":223920,"n":"Film fraîcheur Albal 50m","p":3.54,"img":"https://fd9-photos.leclercdrive.fr/image.ashx?id=2929059&use=l&cat=p&typeid=i","cat":285194},{"id":223923,"n":"Chocolat crousti Poulain  375g","p":2.09,"u":"5,57 €/KG","img":"https://fd9-photos.leclercdrive.fr/image.ashx?id=2815103&use=l&cat=p&typeid=i","cat":309513},{"id":223927,"n":"Mochi glacé Vanille Caramel Speculoos 198g","p":4.47,"u":"22,58 €/KG","img":"https://fd9-photos.leclercdrive.fr/image.ashx?id=2754072&use=l&cat=p&typeid=i","cat":284266},{"id":223928,"n":"Mochi glacé Mangue Passion x6 - 198g","p":4.25,"u":"425,00 €/L","img":"https://fd9-photos.leclercdrive.fr/image.ashx?id=2754063&use=l&cat=p&typeid=i","cat":284266},{"id":223929,"n":"Mochi glacé Chocolat Coco x6 - 198g","p":4.53,"img":"https://fd9-photos.leclercdrive.fr/image.ashx?id=2754069&use=l&cat=p&typeid=i","cat":284266},{"id":223931,"n":"Mochi glacé Framboise Pistache x6 - 198g","p":5.17,"u":"26,11 €/P","img":"https://fd9-photos.leclercdrive.fr/image.ashx?id=2754075&use=l&cat=p&typeid=i","cat":284266},{"id":223932,"n":"Mochi glacé  Citron givré x6 - 198g","p":4.88,"u":"488,00 €/L","img":"https://fd9-photos.leclercdrive.fr/image.ashx?id=2754078&use=l&cat=p&typeid=i","cat":284266},{"id":223975,"n":"Ampoule LED Foxter Standard - B22 60W - Chaud - x1","p":4.99,"u":"Dont 0,29 € d'éco-part.","img":"https://fd9-photos.leclercdrive.fr/image.ashx?id=2670482&use=l&cat=p&typeid=i","cat":300573},{"id":223977,"n":"Ampoule LED Foxter Flamme - E14 40W - Froid x1","p":4.49,"u":"Dont 0,12 € d'éco-part.","img":"https://fd9-photos.leclercdrive.fr/image.ashx?id=2670488&use=l&cat=p&typeid=i","cat":300573},{"id":223978,"n":"Ampoule LED Foxter Spot - GU10 35W - Chaud x1","p":2.99,"u":"Dont 0,29 € d'éco-part.","img":"https://fd9-photos.leclercdrive.fr/image.ashx?id=2670500&use=l&cat=p&typeid=i","cat":300573},{"id":224092,"n":"Noix de joue de boeuf Férial Carotte oignon - 400g","p":5.99,"u":"14,98 €/KG","img":"https://fd9-photos.leclercdrive.fr/image.ashx?id=2670509&use=l&cat=p&typeid=i","cat":284328},{"id":224141,"n":"Bun's bolognaise McCain 460g","p":3.75,"u":"8,15 €/KG","img":"https://fd9-photos.leclercdrive.fr/image.ashx?id=2750675&use=l&cat=p&typeid=i","cat":319822},{"id":224143,"n":"Bun's Burger McCain 460g","p":3.83,"u":"8,33 €/KG","img":"https://fd9-photos.leclercdrive.fr/image.ashx?id=2741183&use=l&cat=p&typeid=i","cat":319822},{"id":224144,"n":"Bun's jambon 4 fromages McCain 460g","p":4.18,"u":"9,09 €/KG","img":"https://fd9-photos.leclercdrive.fr/image.ashx?id=2668111&use=l&cat=p&typeid=i","cat":319822},{"id":224232,"n":"Dentrifrice Sanogyl Soin global - 3x75ml","p":7.0,"u":"31,11 €/L","img":"https://fd9-photos.leclercdrive.fr/image.ashx?id=2669172&use=l&cat=p&typeid=i","cat":284612},{"id":224235,"n":"Box All Italiana Sodebo  Pesto Verde Parmesan Basi -280g","p":3.49,"u":"12,46 €/KG","img":"https://fd9-photos.leclercdrive.fr/image.ashx?id=2786264&use=l&cat=p&typeid=i","cat":334983},{"id":224237,"n":"Box All Italiana Sodebo  Cacio & Pepe - 280g","p":3.45,"u":"12,32 €/KG","img":"https://fd9-photos.leclercdrive.fr/image.ashx?id=2786267&use=l&cat=p&typeid=i","cat":334983},{"id":224240,"n":"Dentifrice L'Arbre vert Blancheur - Mente - 75ml","p":2.35,"u":"31,33 €/L","img":"https://fd9-photos.leclercdrive.fr/image.ashx?id=2892805&use=l&cat=p&typeid=i","cat":284612},{"id":224248,"n":"Eau micellaire So'Bio Etic Hydratante Bio 500ml","p":3.91,"u":"7,82 €/L","img":"https://fd9-photos.leclercdrive.fr/image.ashx?id=2669235&use=l&cat=p&typeid=i","cat":284603},{"id":224251,"n":"Xtrem Box Sodebo Radiatori Tomate Mozza - 400g","p":2.9,"u":"7,25 €/KG","img":"https://fd9-photos.leclercdrive.fr/image.ashx?id=2890142&use=l&cat=p&typeid=i","cat":334983},{"id":224260,"n":"Vache qui Rit 24 + 8 portions offertes - 512g","p":3.97,"u":"7,75 €/KG","img":"https://fd9-photos.leclercdrive.fr/image.ashx?id=2669070&use=l&cat=p&typeid=i","cat":314030},{"id":224263,"n":"Monster Energy zéro sucres 50cl","p":1.48,"u":"2,96 €/L","img":"https://fd9-photos.leclercdrive.fr/image.ashx?id=2669358&use=l&cat=p&typeid=i","cat":284533},{"id":224265,"n":"Monster Energy Juice Bad apple 50cl","p":1.71,"u":"3,42 €/L","img":"https://fd9-photos.leclercdrive.fr/image.ashx?id=2759044&use=l&cat=p&typeid=i","cat":284533},{"id":224275,"n":"Crème pieds Scholl Réparatrice - 2x75ml","p":5.81,"u":"38,73 €/L","img":"https://fd9-photos.leclercdrive.fr/image.ashx?id=2670044&use=l&cat=p&typeid=i","cat":325354},{"id":224353,"n":"Eosine Mercurochrome 2% Solution aquese - 100ml","p":3.37,"u":"33,70 €/L","img":"https://fd9-photos.leclercdrive.fr/image.ashx?id=2670710&use=l&cat=p&typeid=i","cat":284630},{"id":224354,"n":"Répulsif Anti-moustiques  Marie Rose - Végétale 100ml","p":7.13,"u":"71,30 €/L","img":"https://fd9-photos.leclercdrive.fr/image.ashx?id=2670713&use=l&cat=p&typeid=i","cat":299654},{"id":224359,"n":"Crème Visage Homme Nivea Men Anti-taches Power 2en1 - 50ml","p":13.4,"pp":8.84,"u":"176,80 €/L","img":"https://fd9-photos.leclercdrive.fr/image.ashx?id=3014617&use=l&cat=p&typeid=i","cat":284622},{"id":224361,"n":"Lait Corps Anti-taches  Nivea Anti-vergeture Luminous - 200ml","p":10.38,"u":"51,90 €/L","img":"https://fd9-photos.leclercdrive.fr/image.ashx?id=2689049&use=l&cat=p&typeid=i","cat":325349},{"id":224363,"n":"Piles alcalines Eco+ LR03 - x4","p":0.7,"u":"0,18 €/P","img":"https://fd9-photos.leclercdrive.fr/image.ashx?id=2714829&use=l&cat=p&typeid=i","cat":300572},{"id":224364,"n":"Piles alcalines Eco+ LR6 - x4","p":0.7,"u":"0,18 €/P","img":"https://fd9-photos.leclercdrive.fr/image.ashx?id=2714832&use=l&cat=p&typeid=i","cat":300572},{"id":224369,"n":"Huile d'olive Terra Delyssa Vierge extra - 50cl","p":5.82,"u":"11,64 €/L","img":"https://fd9-photos.leclercdrive.fr/image.ashx?id=3000399&use=l&cat=p&typeid=i","cat":284453},{"id":224416,"n":"Crème radieuse La Provençale Huile d'olive Bio - 2x50ml","p":8.74,"u":"87,40 €/L","img":"https://fd9-photos.leclercdrive.fr/image.ashx?id=2679933&use=l&cat=p&typeid=i","cat":325350},{"id":224423,"n":"Concentré Sodastream Ice Tea - 440ml","p":5.99,"pp":4.99,"u":"11,34 €/L","img":"https://fd9-photos.leclercdrive.fr/image.ashx?id=2670917&use=l&cat=p&typeid=i","cat":295020},{"id":224591,"n":"Boudin blanc Prunier x2 - 240g","p":4.38,"u":"18,25 €/KG","img":"https://fd9-photos.leclercdrive.fr/image.ashx?id=2688956&use=l&cat=p&typeid=i","cat":316012},{"id":224595,"n":"Boudin blanc forestier x2 - 240g","p":3.17,"u":"13,21 €/KG","img":"https://fd9-photos.leclercdrive.fr/image.ashx?id=2688959&use=l&cat=p&typeid=i","cat":316012},{"id":224598,"n":"Boudin noir  x2 - 240g","p":3.94,"u":"16,42 €/KG","img":"https://fd9-photos.leclercdrive.fr/image.ashx?id=2688962&use=l&cat=p&typeid=i","cat":316012},{"id":224706,"n":"Gnocchi star à poêler Lustucru  300g","p":1.94,"u":"6,47 €/KG","img":"https://fd9-photos.leclercdrive.fr/image.ashx?id=2921630&use=l&cat=p&typeid=i","cat":333682},{"id":224762,"n":"Infusion Elephant  Douce elimination - x20 - 36g","p":2.3,"u":"63,89 €/KG","img":"https://fd9-photos.leclercdrive.fr/image.ashx?id=2677633&use=l&cat=p&typeid=i","cat":293234},{"id":224782,"n":"Madeleine Bonne Maman Pur beurre - 600g","p":3.66,"u":"6,10 €/KG","img":"https://fd9-photos.leclercdrive.fr/image.ashx?id=2986287&use=l&cat=p&typeid=i","cat":284492},{"id":224783,"n":"Liqueur Rivière du Mat L'Onctueux - 70cl","p":13.74,"u":"19,63 €/L","img":"https://fd9-photos.leclercdrive.fr/image.ashx?id=2693539&use=l&cat=p&typeid=i","cat":286032},{"id":224787,"n":"Liqueur Rivière du Mat Vanille Bourbon 17° - 70cl","p":12.91,"u":"18,44 €/L","img":"https://fd9-photos.leclercdrive.fr/image.ashx?id=2740001&use=l&cat=p&typeid=i","cat":286032},{"id":224805,"n":"Biscuits Kinder Kinderini Nature et cacao - 250g","p":2.83,"u":"11,32 €/KG","img":"https://fd9-photos.leclercdrive.fr/image.ashx?id=2708372&use=l&cat=p&typeid=i","cat":284488},{"id":224808,"n":"Riz Citron Ben's original  Express 2mn - 220g","p":1.52,"u":"6,91 €/KG","img":"https://fd9-photos.leclercdrive.fr/image.ashx?id=2906442&use=l&cat=p&typeid=i","cat":287600},{"id":224810,"n":"Riz Tomate Ben's original  Express 2mn - 220g","p":1.33,"u":"6,05 €/KG","img":"https://fd9-photos.leclercdrive.fr/image.ashx?id=2995295&use=l&cat=p&typeid=i","cat":287600},{"id":224818,"n":"Riz Basmati Ben's original  Express 2mn - 220g","p":1.23,"u":"5,59 €/KG","img":"https://fd9-photos.leclercdrive.fr/image.ashx?id=2995292&use=l&cat=p&typeid=i","cat":287600},{"id":224822,"n":"Muesli energie Bjorg Bio - 375g","p":3.41,"u":"9,09 €/KG","img":"https://fd9-photos.leclercdrive.fr/image.ashx?id=2906259&use=l&cat=p&typeid=i","cat":309512},{"id":224823,"n":"Croustillant fibres Bjorg Bio - 375g","p":3.1,"u":"8,27 €/KG","img":"https://fd9-photos.leclercdrive.fr/image.ashx?id=2863425&use=l&cat=p&typeid=i","cat":309512},{"id":224825,"n":"Croustillant Bjorg Bio Chocolat intense - 450g","p":3.76,"u":"8,36 €/KG","img":"https://fd9-photos.leclercdrive.fr/image.ashx?id=2939472&use=l&cat=p&typeid=i","cat":309512},{"id":224830,"n":"Riz Complet Ben's original Vrac 12mn - 1kg","p":4.05,"u":"4,05 €/KG","img":"https://fd9-photos.leclercdrive.fr/image.ashx?id=2886307&use=l&cat=p&typeid=i","cat":284428},{"id":224873,"n":"Riz Paella Ben's original Express 2mn - 220g","p":1.56,"u":"7,09 €/KG","img":"https://fd9-photos.leclercdrive.fr/image.ashx?id=2995310&use=l&cat=p&typeid=i","cat":287600},{"id":224876,"n":"Riz Long grain Ben's original  Express 2mn - 220g","p":1.33,"u":"6,05 €/KG","img":"https://fd9-photos.leclercdrive.fr/image.ashx?id=2995298&use=l&cat=p&typeid=i","cat":287600},{"id":224879,"n":"Riz Curry Ben's original Express 2mn - 220g","p":1.54,"u":"7,00 €/KG","img":"https://fd9-photos.leclercdrive.fr/image.ashx?id=2906433&use=l&cat=p&typeid=i","cat":287600},{"id":224882,"n":"Riz Long grain Ben's original  Sachet cuisson 10mn - 1kg","p":3.36,"u":"3,36 €/KG","img":"https://fd9-photos.leclercdrive.fr/image.ashx?id=2957272&use=l&cat=p&typeid=i","cat":284428},{"id":224883,"n":"Riz Long Grain Ben's original Sachet cuisson 10mn - 750g","p":3.07,"u":"4,09 €/KG","img":"https://fd9-photos.leclercdrive.fr/image.ashx?id=2886313&use=l&cat=p&typeid=i","cat":284428},{"id":224888,"n":"Riz Long grain Ben's original Vrac 20mn - 1kg","p":3.36,"u":"3,36 €/KG","img":"https://fd9-photos.leclercdrive.fr/image.ashx?id=2886301&use=l&cat=p&typeid=i","cat":284428},{"id":224930,"n":"Lait d'avoine Bjorg Bio Vanille - 1L","p":2.5,"u":"2,50 €/L","img":"https://fd9-photos.leclercdrive.fr/image.ashx?id=2906253&use=l&cat=p&typeid=i","cat":316067},{"id":224931,"n":"Boisson soja Bjorg Bio Proteines - 1L","p":2.17,"u":"2,17 €/L","img":"https://fd9-photos.leclercdrive.fr/image.ashx?id=2939469&use=l&cat=p&typeid=i","cat":316067},{"id":224932,"n":"Boisson végétale Bjorg Bio noisettes sans sucres - 1L","p":2.86,"u":"2,86 €/L","img":"https://fd9-photos.leclercdrive.fr/image.ashx?id=2939466&use=l&cat=p&typeid=i","cat":316067},{"id":224937,"n":"Plat en morceaux Bledina 200g","p":2.28,"u":"11,40 €/KG","img":"https://fd9-photos.leclercdrive.fr/image.ashx?id=2866298&use=l&cat=p&typeid=i","cat":312239},{"id":224938,"n":"Liqueur au rhum Valois & Cie Mangue & abricot - 70cl","p":16.43,"u":"23,47 €/L","img":"https://fd9-photos.leclercdrive.fr/image.ashx?id=2954803&use=l&cat=p&typeid=i","cat":284550},{"id":224939,"n":"Liqueur au rhum Valoie & Cie FRamboise - 70cl","p":16.25,"u":"23,21 €/L","img":"https://fd9-photos.leclercdrive.fr/image.ashx?id=2954806&use=l&cat=p&typeid=i","cat":284550},{"id":224941,"n":"Champagne Veuve Clicquot Brut - 12,5% - 75cl","p":42.83,"u":"57,11 €/L","img":"https://fd9-photos.leclercdrive.fr/image.ashx?id=2675070&use=l&cat=p&typeid=i","cat":284542},{"id":224980,"n":"Après-shamppoing Kératine OGX Du Brésil Cheveux frisés 385ml","p":6.74,"u":"17,51 €/L","img":"https://fd9-photos.leclercdrive.fr/image.ashx?id=2805078&use=l&cat=p&typeid=i","cat":284607},{"id":224983,"n":"Dentifrice Sensodyne Soin blancheur - 2x75ml","p":6.55,"u":"43,67 €/L","img":"https://fd9-photos.leclercdrive.fr/image.ashx?id=2921085&use=l&cat=p&typeid=i","cat":284612},{"id":224985,"n":"Crème fixative Polident Power Max - Ultimate - 2x40g","p":7.76,"u":"97,00 €/KG","img":"https://fd9-photos.leclercdrive.fr/image.ashx?id=2921088&use=l&cat=p&typeid=i","cat":285158},{"id":225006,"n":"Quenelle brochet sauvage\t Ecochard - 4x80g","p":2.79,"u":"8,72 €/KG","img":"https://fd9-photos.leclercdrive.fr/image.ashx?id=2842630&use=l&cat=p&typeid=i","cat":333682},{"id":225007,"n":"Quenelle Nature l'Atelier Ecochard - 4x80g","p":2.38,"u":"7,44 €/KG","img":"https://fd9-photos.leclercdrive.fr/image.ashx?id=2996575&use=l&cat=p&typeid=i","cat":333682},{"id":225046,"n":"Huile à barbe homme King C. Gillette - 30ml","p":8.5,"pp":5.1,"u":"170,00 €/L","img":"https://fd9-photos.leclercdrive.fr/image.ashx?id=2746358&use=l&cat=p&typeid=i","cat":284622},{"id":225052,"n":"Dentifrice Oral-B 3D White Charbon - 3x75ml","p":7.69,"u":"34,18 €/L","img":"https://fd9-photos.leclercdrive.fr/image.ashx?id=2676228&use=l&cat=p&typeid=i","cat":284612},{"id":225130,"n":"AOP Côtes de Provence Blanc Domaine La Grand Pièce - 75cl","p":9.3,"u":"12,40 €/L","img":"https://fd9-photos.leclercdrive.fr/image.ashx?id=2689046&use=l&cat=p&typeid=i","cat":289557},{"id":225132,"n":"AOP Côtes de Provence Rosé Domaine La Grand Pièce - 75cl","p":9.3,"u":"12,40 €/L","img":"https://fd9-photos.leclercdrive.fr/image.ashx?id=2722036&use=l&cat=p&typeid=i","cat":289558},{"id":225166,"n":"Aluminium gaufré Alfapac 10m","p":2.1,"img":"https://fd9-photos.leclercdrive.fr/image.ashx?id=2870443&use=l&cat=p&typeid=i","cat":334134},{"id":225210,"n":"Infusion Yogi Bio Gingembre Citron  X15 - 30g","p":2.08,"u":"69,33 €/KG","img":"https://fd9-photos.leclercdrive.fr/image.ashx?id=2677498&use=l&cat=p&typeid=i","cat":293234},{"id":225213,"n":"Thé Matcha Energie Yogi Bio x15 - 27g","p":2.18,"u":"80,74 €/KG","img":"https://fd9-photos.leclercdrive.fr/image.ashx?id=2677495&use=l&cat=p&typeid=i","cat":293234},{"id":225214,"n":"Infusion Yogi bio  Gingembre orange - x15 - 27g","p":2.23,"u":"82,59 €/KG","img":"https://fd9-photos.leclercdrive.fr/image.ashx?id=2677492&use=l&cat=p&typeid=i","cat":293234},{"id":225215,"n":"Infusion Yogi detox Bio énergie - x15 - 27g","p":2.23,"u":"82,59 €/KG","img":"https://fd9-photos.leclercdrive.fr/image.ashx?id=2677489&use=l&cat=p&typeid=i","cat":293234},{"id":225217,"n":"Infusion Nuit Calme Yogi Bio x15 - 27g","p":2.23,"u":"82,59 €/KG","img":"https://fd9-photos.leclercdrive.fr/image.ashx?id=2677486&use=l&cat=p&typeid=i","cat":293234},{"id":225218,"n":"Thé Chaï aux Epices Yogi Bio  x15 - 27g","p":2.24,"u":"74,67 €/KG","img":"https://fd9-photos.leclercdrive.fr/image.ashx?id=2677483&use=l&cat=p&typeid=i","cat":293234},{"id":225247,"n":"Pain nature Gerblé   Sans Gluten  - 200g","p":2.43,"u":"12,15 €/KG","img":"https://fd9-photos.leclercdrive.fr/image.ashx?id=2677303&use=l&cat=p&typeid=i","cat":318654},{"id":225248,"n":"Tartine céréales Gerblé  Matin - 125g","p":1.53,"u":"12,24 €/KG","img":"https://fd9-photos.leclercdrive.fr/image.ashx?id=2688866&use=l&cat=p&typeid=i","cat":318651},{"id":225275,"n":"Doomino Chocolat blanc St-Michel - 180g","p":1.93,"u":"10,72 €/KG","img":"https://fd9-photos.leclercdrive.fr/image.ashx?id=2950003&use=l&cat=p&typeid=i","cat":284495},{"id":225276,"n":"Galette moelleuse tigrée Choco blanc - St Michel - 180g","p":1.97,"u":"10,94 €/KG","img":"https://fd9-photos.leclercdrive.fr/image.ashx?id=2953501&use=l&cat=p&typeid=i","cat":284495},{"id":225298,"n":"Dentifrice Oral-B Pro-science Sensibilité & gencives - 3x75ml","p":10.96,"u":"48,71 €/L","img":"https://fd9-photos.leclercdrive.fr/image.ashx?id=2679404&use=l&cat=p&typeid=i","cat":284612},{"id":225309,"n":"Bière blonde Kronenbourg 4,2° - 30x25cl","p":15.87,"u":"2,12 €/L","img":"https://fd9-photos.leclercdrive.fr/image.ashx?id=2992759&use=l&cat=p&typeid=i","cat":334873},{"id":225310,"n":"Boisson aux Fruits Tropico Tropical - Bouteille - 1,25L","p":1.7,"u":"1,36 €/L","img":"https://fd9-photos.leclercdrive.fr/image.ashx?id=2736811&use=l&cat=p&typeid=i","cat":295018},{"id":225311,"n":"Boisson Tropico Orange Ananas - 1.25 L","p":1.7,"u":"1,36 €/L","img":"https://fd9-photos.leclercdrive.fr/image.ashx?id=2977702&use=l&cat=p&typeid=i","cat":295018},{"id":225334,"n":"Complément alimentaire Vitavea Magnesium vitamine B6","p":4.67,"u":"0,10 €/P","img":"https://fd9-photos.leclercdrive.fr/image.ashx?id=2814548&use=l&cat=p&typeid=i","cat":313217},{"id":225358,"n":"Dentifrice Colgate Tonigencyl Gencive - 3x75ml","p":5.49,"u":"24,40 €/L","img":"https://fd9-photos.leclercdrive.fr/image.ashx?id=2679452&use=l&cat=p&typeid=i","cat":284612},{"id":225385,"n":"Déodorant homme L'Arbre Vert Bois de cèdre - 50","p":3.1,"u":"62,00 €/L","img":"https://fd9-photos.leclercdrive.fr/image.ashx?id=2680203&use=l&cat=p&typeid=i","cat":284618},{"id":225434,"n":"Oeufs surprise  Pat Patrouille x3 - 60g","p":2.87,"u":"47,83 €/KG","img":"https://fd9-photos.leclercdrive.fr/image.ashx?id=2680563&use=l&cat=p&typeid=i","cat":284958},{"id":225441,"n":"Fusilli au poulet Fleury Michon Sauce champignons - 280g","p":2.83,"u":"10,11 €/KG","img":"https://fd9-photos.leclercdrive.fr/image.ashx?id=3003233&use=l&cat=p&typeid=i","cat":333665},{"id":225443,"n":"Risotto Fleury Michon Saint Jacques poireaux - 280g","p":3.96,"u":"14,14 €/KG","img":"https://fd9-photos.leclercdrive.fr/image.ashx?id=3003263&use=l&cat=p&typeid=i","cat":333665},{"id":225445,"n":"Les tranches Fleury Michon Pois chiches x4 - 120g","p":1.93,"u":"16,08 €/KG","img":"https://fd9-photos.leclercdrive.fr/image.ashx?id=2902007&use=l&cat=p&typeid=i","cat":316036},{"id":225446,"n":"Les tranches Fleury Michon Lentilles corail  x4 - 120g","p":1.93,"u":"16,08 €/KG","img":"https://fd9-photos.leclercdrive.fr/image.ashx?id=2900905&use=l&cat=p&typeid=i","cat":316036},{"id":225447,"n":"Les tranches Fleury Michon Haricots blancs x4 - 120g","p":2.07,"u":"17,25 €/KG","img":"https://fd9-photos.leclercdrive.fr/image.ashx?id=2902010&use=l&cat=p&typeid=i","cat":316036},{"id":225463,"n":"Déodorant Bille Homme 48h Narta Fraîcheur Polaire - 50ml","p":2.33,"u":"46,60 €/L","img":"https://fd9-photos.leclercdrive.fr/image.ashx?id=2681865&use=l&cat=p&typeid=i","cat":284618},{"id":225467,"n":"Déodorant Bille Homme 48h Narta Invisible Sans Alcool - 50ml","p":4.26,"u":"85,20 €/L","img":"https://fd9-photos.leclercdrive.fr/image.ashx?id=2681877&use=l&cat=p&typeid=i","cat":284618},{"id":225614,"n":"Désinfectant Sanytol Eucalyptus - Multi-usage 500ml","p":2.18,"u":"4,36 €/L","img":"https://fd9-photos.leclercdrive.fr/image.ashx?id=2894800&use=l&cat=p&typeid=i","cat":325357},{"id":225616,"n":"Chips NRT Piment d'espelette - 125g","p":1.99,"u":"15,92 €/KG","img":"https://fd9-photos.leclercdrive.fr/image.ashx?id=2771435&use=l&cat=p&typeid=i","cat":284447},{"id":225617,"n":"Désinfectant Sanytol Pamplemousse Multi-usage 500ml","p":2.55,"u":"5,10 €/L","img":"https://fd9-photos.leclercdrive.fr/image.ashx?id=2682144&use=l&cat=p&typeid=i","cat":325357},{"id":225618,"n":"Chips NRT Herbes de provence - 125g","p":1.99,"u":"15,92 €/KG","img":"https://fd9-photos.leclercdrive.fr/image.ashx?id=2771438&use=l&cat=p&typeid=i","cat":284447},{"id":225619,"n":"Désinfectant nettoyant Sanytol Multi-surfaces - Eucalyptus 1L","p":2.12,"u":"2,12 €/L","img":"https://fd9-photos.leclercdrive.fr/image.ashx?id=2866319&use=l&cat=p&typeid=i","cat":284907},{"id":225622,"n":"Lingettes optiques - Nettoyant lunettes x52","p":1.33,"u":"0,03 €/P","img":"https://fd9-photos.leclercdrive.fr/image.ashx?id=2681536&use=l&cat=p&typeid=i","cat":288862},{"id":225623,"n":"Lingettes optiques - Nettoyant  lunettes x30","p":1.29,"u":"0,04 €/P","img":"https://fd9-photos.leclercdrive.fr/image.ashx?id=2681539&use=l&cat=p&typeid=i","cat":288862},{"id":225628,"n":"Bière Blonde Peroni 50cl - 5%vol","p":1.8,"u":"3,60 €/L","img":"https://fd9-photos.leclercdrive.fr/image.ashx?id=2682406&use=l&cat=p&typeid=i","cat":334853},{"id":225643,"n":"Sirop Monin Vanille expérience - 33cl","p":2.49,"u":"7,55 €/L","img":"https://fd9-photos.leclercdrive.fr/image.ashx?id=2682941&use=l&cat=p&typeid=i","cat":295020},{"id":225647,"n":"Maïs Géant Vert extra tendre sans résidu pesticides - 3x140g","p":2.52,"u":"6,00 €/KG","img":"https://fd9-photos.leclercdrive.fr/image.ashx?id=2977366&use=l&cat=p&typeid=i","cat":312611},{"id":225655,"n":"Huile d'olive Terra Delyssa Vierge extra - 75cl","p":7.63,"u":"10,17 €/L","img":"https://fd9-photos.leclercdrive.fr/image.ashx?id=2686153&use=l&cat=p&typeid=i","cat":284453},{"id":225657,"n":"Mon Huile d'Olive Tramier  Subtile 1l","p":11.68,"u":"11,68 €/L","img":"https://fd9-photos.leclercdrive.fr/image.ashx?id=2834047&use=l&cat=p&typeid=i","cat":284453},{"id":225661,"n":"Biscuit soufflés Curly Le Crunch Emmental - 80g","p":0.93,"u":"11,63 €/KG","img":"https://fd9-photos.leclercdrive.fr/image.ashx?id=3008446&use=l&cat=p&typeid=i","cat":284449},{"id":225662,"n":"Purée lisse petits pois Yooji Bio - 4 mois - 400g","p":3.42,"u":"8,55 €/KG","img":"https://fd9-photos.leclercdrive.fr/image.ashx?id=2683187&use=l&cat=p&typeid=i","cat":319805},{"id":225665,"n":"Gyozas aux légumes Tables du Monde x10 - 212g","p":3.29,"u":"15,52 €/KG","img":"https://fd9-photos.leclercdrive.fr/image.ashx?id=2682018&use=l&cat=p&typeid=i","cat":319774},{"id":225703,"n":"Aérosol répulsif Raid Moustiques - 300ml","p":3.53,"u":"11,77 €/L","img":"https://fd9-photos.leclercdrive.fr/image.ashx?id=2736385&use=l&cat=p&typeid=i","cat":298368},{"id":225706,"n":"Aérosol répulsif Raid Fourmis et cafards - 300ml","p":3.7,"u":"12,33 €/L","img":"https://fd9-photos.leclercdrive.fr/image.ashx?id=2736382&use=l&cat=p&typeid=i","cat":298368},{"id":225732,"n":"Bonbons Haribo méga fête Assortiment mini sachets - 880g","p":8.89,"u":"10,10 €/KG","img":"https://fd9-photos.leclercdrive.fr/image.ashx?id=2984961&use=l&cat=p&typeid=i","cat":304250},{"id":225734,"n":"Tablette chocolat au lait Noisettes et amandes - 100g","p":3.01,"u":"30,10 €/KG","img":"https://fd9-photos.leclercdrive.fr/image.ashx?id=2683835&use=l&cat=p&typeid=i","cat":284497},{"id":225749,"n":"Masque Lissant Ultra Doux Eau de Riz - 340ml","p":5.14,"u":"15,12 €/L","img":"https://fd9-photos.leclercdrive.fr/image.ashx?id=2684233&use=l&cat=p&typeid=i","cat":284608},{"id":225751,"n":"Shampoing Lissant Ultra Doux Cheveux longs - 250ml","p":2.39,"u":"9,56 €/L","img":"https://fd9-photos.leclercdrive.fr/image.ashx?id=2684236&use=l&cat=p&typeid=i","cat":284606},{"id":225752,"n":"Après-shampooing Garnier Ultra Doux - Eau de riz - 200ml","p":3.05,"u":"15,25 €/L","img":"https://fd9-photos.leclercdrive.fr/image.ashx?id=2684239&use=l&cat=p&typeid=i","cat":284607},{"id":225766,"n":"Shampooing OGX Huile argan Maroc - 385ml","p":6.97,"u":"18,10 €/L","img":"https://fd9-photos.leclercdrive.fr/image.ashx?id=2805081&use=l&cat=p&typeid=i","cat":284606},{"id":225767,"n":"Après-shampooing OGX Huile argan Maroc - 385ml","p":6.97,"u":"18,10 €/L","img":"https://fd9-photos.leclercdrive.fr/image.ashx?id=2805084&use=l&cat=p&typeid=i","cat":284607},{"id":225769,"n":"Change culottes Mots d'enfants T7 - 17kg - x15","p":5.15,"u":"0,34 €/P","img":"https://fd9-photos.leclercdrive.fr/image.ashx?id=2907249&use=l&cat=p&typeid=i","cat":290633},{"id":225770,"n":"Filtres à café Plantation N°2 - x80","p":1.33,"u":"0,02 €/P","img":"https://fd9-photos.leclercdrive.fr/image.ashx?id=2756940&use=l&cat=p&typeid=i","cat":284751},{"id":225780,"n":"Dentifrice Sanogyl Biome Protège gencive - 75ml","p":4.13,"u":"55,07 €/L","img":"https://fd9-photos.leclercdrive.fr/image.ashx?id=2684152&use=l&cat=p&typeid=i","cat":284612},{"id":225785,"n":"Bandes de cire Veet Pure Jambes - x20","p":4.45,"u":"0,22 €/P","img":"https://fd9-photos.leclercdrive.fr/image.ashx?id=2964956&use=l&cat=p&typeid=i","cat":325351},{"id":225793,"n":"Liquide vaisselle Paic Acti Froid - Menthe - 500ml","p":2.57,"u":"5,14 €/L","img":"https://fd9-photos.leclercdrive.fr/image.ashx?id=2684335&use=l&cat=p&typeid=i","cat":284655},{"id":225891,"n":"Bière blonde 1664 5,5° - 18x25cl","p":11.4,"pp":8.55,"u":"1,90 €/L","img":"https://fd9-photos.leclercdrive.fr/image.ashx?id=2684931&use=l&cat=p&typeid=i","cat":334873},{"id":225927,"n":"Boulettes de poulet Aldelis x18 - 420g","p":5.54,"u":"13,19 €/KG","img":"https://fd9-photos.leclercdrive.fr/image.ashx?id=2904371&use=l&cat=p&typeid=i","cat":284336},{"id":225931,"n":"Tuiles Monster Munch  Crazy barbecue - 150g","p":1.9,"u":"12,67 €/KG","img":"https://fd9-photos.leclercdrive.fr/image.ashx?id=2923993&use=l&cat=p&typeid=i","cat":287899},{"id":225947,"n":"Bière blonde 1664 5,5° 24x25cl","p":15.36,"u":"2,56 €/L","img":"https://fd9-photos.leclercdrive.fr/image.ashx?id=2686597&use=l&cat=p&typeid=i","cat":334873},{"id":225951,"n":"Riz tandoori Jardin Bio bio 220g","p":2.61,"u":"11,86 €/KG","img":"https://fd9-photos.leclercdrive.fr/image.ashx?id=2686048&use=l&cat=p&typeid=i","cat":284953},{"id":225963,"n":"Petit beurre fourrés Jardin Bio Bio - 197g","p":2.47,"u":"12,54 €/KG","img":"https://fd9-photos.leclercdrive.fr/image.ashx?id=2859452&use=l&cat=p&typeid=i","cat":284487},{"id":225971,"n":"Mouliné Jardin Bio Legumes verts bio - 1L","p":2.76,"u":"2,76 €/L","img":"https://fd9-photos.leclercdrive.fr/image.ashx?id=2692539&use=l&cat=p&typeid=i","cat":284462},{"id":225975,"n":"Gaspacho Jardin Bio  Bio - 1L","p":3.08,"u":"3,08 €/L","img":"https://fd9-photos.leclercdrive.fr/image.ashx?id=2686036&use=l&cat=p&typeid=i","cat":287365},{"id":226032,"n":"Sel essentiel fin La Baleine 350 g","p":2.82,"u":"8,06 €/KG","img":"https://fd9-photos.leclercdrive.fr/image.ashx?id=2686678&use=l&cat=p&typeid=i","cat":284457},{"id":226036,"n":"Parfum de linge Lenor Unstoppable aérien x19 235g","p":6.57,"u":"27,96 €/KG","img":"https://fd9-photos.leclercdrive.fr/image.ashx?id=2863018&use=l&cat=p&typeid=i","cat":325302},{"id":226055,"n":"Tartelettes citron Pasquier  x2 - 160g","p":3.5,"u":"21,88 €/KG","img":"https://fd9-photos.leclercdrive.fr/image.ashx?id=2686702&use=l&cat=p&typeid=i","cat":284360},{"id":226056,"n":"Petits fours chocolat Pasquier  x16 - 208g","p":6.7,"u":"32,21 €/KG","img":"https://fd9-photos.leclercdrive.fr/image.ashx?id=2962329&use=l&cat=p&typeid=i","cat":284360},{"id":226057,"n":"Saint jacques à la bretonne Marie - 300g","p":4.64,"u":"15,47 €/KG","img":"https://fd9-photos.leclercdrive.fr/image.ashx?id=2686822&use=l&cat=p&typeid=i","cat":333665},{"id":226058,"n":"Emincés de poulet à la normande Marie - 300g","p":4.63,"u":"15,43 €/KG","img":"https://fd9-photos.leclercdrive.fr/image.ashx?id=2686825&use=l&cat=p&typeid=i","cat":333665},{"id":226059,"n":"Spaghetti à la bolognaise Marie - 300g","p":3.43,"u":"11,43 €/KG","img":"https://fd9-photos.leclercdrive.fr/image.ashx?id=2686828&use=l&cat=p&typeid=i","cat":333665},{"id":226108,"n":"Chocolat Nesquik 800g","p":4.67,"u":"5,84 €/KG","img":"https://fd9-photos.leclercdrive.fr/image.ashx?id=3005377&use=l&cat=p&typeid=i","cat":293235},{"id":226116,"n":"Chewing-gum Mentos Pure Fresh  Fresh Mint sans sucres - 100g","p":3.28,"u":"32,80 €/KG","img":"https://fd9-photos.leclercdrive.fr/image.ashx?id=2687707&use=l&cat=p&typeid=i","cat":304251},{"id":226122,"n":"Biscuits Delacre Cigarettes Russes - 230g","p":1.95,"u":"8,48 €/KG","img":"https://fd9-photos.leclercdrive.fr/image.ashx?id=2688833&use=l&cat=p&typeid=i","cat":284490},{"id":226137,"n":"Sun caps  x39 - 585g","p":11.76,"u":"20,10 €/KG","img":"https://fd9-photos.leclercdrive.fr/image.ashx?id=2877262&use=l&cat=p&typeid=i","cat":284656},{"id":226141,"n":"Purée lisse Bio Yooji Patate douce - Dès 4 mois 400g","p":3.48,"u":"8,70 €/KG","img":"https://fd9-photos.leclercdrive.fr/image.ashx?id=2689246&use=l&cat=p&typeid=i","cat":290631},{"id":226142,"n":"Purée lisse bébé Yooji Potiron Bio - 4 mois - 400g","p":3.27,"u":"8,18 €/KG","img":"https://fd9-photos.leclercdrive.fr/image.ashx?id=2689243&use=l&cat=p&typeid=i","cat":290631},{"id":226297,"n":"Biscuits Savour Olive herbes de provence - 100g","p":1.85,"u":"18,50 €/KG","img":"https://fd9-photos.leclercdrive.fr/image.ashx?id=2781886&use=l&cat=p&typeid=i","cat":297000},{"id":226304,"n":"Pâtes fraîches RANA Ravioli  Saumon fumé et Mascarpone -250g","p":3.7,"u":"14,80 €/KG","img":"https://fd9-photos.leclercdrive.fr/image.ashx?id=2737387&use=l&cat=p&typeid=i","cat":333682},{"id":226307,"n":"Biscuits Savour Chorizo - 100g","p":1.85,"u":"18,50 €/KG","img":"https://fd9-photos.leclercdrive.fr/image.ashx?id=2781883&use=l&cat=p&typeid=i","cat":297000},{"id":226313,"n":"Purée d'amande bio Jardin Bio 170g","p":5.76,"u":"33,88 €/KG","img":"https://fd9-photos.leclercdrive.fr/image.ashx?id=2692533&use=l&cat=p&typeid=i","cat":284481},{"id":226315,"n":"Croquettes Vitafit Friskies Boeuf - 12kg","p":23.98,"u":"2,00 €/KG","img":"https://fd9-photos.leclercdrive.fr/image.ashx?id=2986996&use=l&cat=p&typeid=i","cat":284672},{"id":226317,"n":"Croquettes Vitafit Friskies Light Poulet légumes 7 kg","p":17.37,"u":"2,48 €/KG","img":"https://fd9-photos.leclercdrive.fr/image.ashx?id=2986993&use=l&cat=p&typeid=i","cat":284672},{"id":226319,"n":"Morceaux en sauce Edgard Cooper 85g","p":8.64,"u":"12,71 €/KG","img":"https://fd9-photos.leclercdrive.fr/image.ashx?id=2845026&use=l&cat=p&typeid=i","cat":285601},{"id":226327,"n":"Sauce Nos Régions ont du Talent Marmande oignon ail - 300g","p":2.02,"u":"6,73 €/KG","img":"https://fd9-photos.leclercdrive.fr/image.ashx?id=2954172&use=l&cat=p&typeid=i","cat":288384},{"id":226331,"n":"Crozets nature Alpina Savoie Maxi format - 600g","p":4.28,"u":"7,13 €/KG","img":"https://fd9-photos.leclercdrive.fr/image.ashx?id=2795066&use=l&cat=p&typeid=i","cat":284427},{"id":226339,"n":"Sardines Parmentier Filet d'huile d'olive - 135g","p":1.95,"u":"14,44 €/KG","img":"https://fd9-photos.leclercdrive.fr/image.ashx?id=2826531&use=l&cat=p&typeid=i","cat":305146},{"id":226346,"n":"Boisson Gazeuse Maison Perrier Forever Gingembre Citron 1L","p":1.02,"u":"1,02 €/L","img":"https://fd9-photos.leclercdrive.fr/image.ashx?id=2692818&use=l&cat=p&typeid=i","cat":284536},{"id":226348,"n":"Céréales P'tit Déli Caramel & Chocolat - 400g","p":2.12,"u":"5,30 €/KG","img":"https://fd9-photos.leclercdrive.fr/image.ashx?id=2691528&use=l&cat=p&typeid=i","cat":309513},{"id":226349,"n":"Boisson Gazeuse Maison Perrier Chic Citrus Fizz 4x25cl","p":3.01,"u":"3,01 €/L","img":"https://fd9-photos.leclercdrive.fr/image.ashx?id=2841595&use=l&cat=p&typeid=i","cat":284536},{"id":226350,"n":"Boisson Gazeuse Maison Perrier Chic Lemonjito 4x25cl","p":2.64,"u":"2,64 €/L","img":"https://fd9-photos.leclercdrive.fr/image.ashx?id=2692809&use=l&cat=p&typeid=i","cat":284536},{"id":226351,"n":"Miel de fleurs  Les Apiculteurs Associés - 500g","p":4.32,"u":"8,64 €/KG","img":"https://fd9-photos.leclercdrive.fr/image.ashx?id=2692566&use=l&cat=p&typeid=i","cat":287643},{"id":226355,"n":"Liqueur Eclat de Menthe Menthe fraîche - 18% - 70cl","p":8.2,"u":"11,71 €/L","img":"https://fd9-photos.leclercdrive.fr/image.ashx?id=2792018&use=l&cat=p&typeid=i","cat":286032},{"id":226398,"n":"Céréales Eco+ Caramel cacao - 750g","p":2.97,"u":"3,96 €/KG","img":"https://fd9-photos.leclercdrive.fr/image.ashx?id=2691559&use=l&cat=p&typeid=i","cat":309513},{"id":226412,"n":"Barre de céréales Nature Valley  Protéine cranberries x4 -160g","p":2.83,"u":"17,69 €/KG","img":"https://fd9-photos.leclercdrive.fr/image.ashx?id=2693869&use=l&cat=p&typeid=i","cat":285869},{"id":226414,"n":"Roulé Balconi 6x32g","p":1.61,"u":"8,39 €/KG","img":"https://fd9-photos.leclercdrive.fr/image.ashx?id=2922212&use=l&cat=p&typeid=i","cat":284495},{"id":226430,"n":"Café grains Plantation Pérou pur arabica - 500g","p":8.29,"u":"16,58 €/KG","img":"https://fd9-photos.leclercdrive.fr/image.ashx?id=2824313&use=l&cat=p&typeid=i","cat":293237},{"id":226437,"n":"Jus multivitamines Tropicana 4x1.5L","p":12.9,"pp":9.67,"u":"1,61 €/L","img":"https://fd9-photos.leclercdrive.fr/image.ashx?id=2921429&use=l&cat=p&typeid=i","cat":284917},{"id":226438,"n":"Soda Coca-Cola Original Canette - Pack 6x20CL","p":3.87,"u":"3,23 €/L","img":"https://fd9-photos.leclercdrive.fr/image.ashx?id=2766571&use=l&cat=p&typeid=i","cat":284530},{"id":226440,"n":"Pavés de saumon Gimbert Océan 400g","p":6.23,"u":"15,58 €/KG","img":"https://fd9-photos.leclercdrive.fr/image.ashx?id=2955179&use=l&cat=p&typeid=i","cat":319786},{"id":226449,"n":"Lait de coco Eco+ 200ml","p":0.69,"u":"3,45 €/L","img":"https://fd9-photos.leclercdrive.fr/image.ashx?id=2691790&use=l&cat=p&typeid=i","cat":288992},{"id":226453,"n":"Madeleines longues Le Ster Chocolat noisettes x20 - 250g","p":1.83,"u":"7,32 €/KG","img":"https://fd9-photos.leclercdrive.fr/image.ashx?id=2962578&use=l&cat=p&typeid=i","cat":284492},{"id":226455,"n":"Chewing-gum Mentos Pure Fresh  Fresh Chloro sans sucres - 100g","p":3.28,"u":"32,80 €/KG","img":"https://fd9-photos.leclercdrive.fr/image.ashx?id=2693434&use=l&cat=p&typeid=i","cat":304251},{"id":226463,"n":"Whisky bourbon Jura Bourbon Cask 40% - 70cl","p":24.74,"u":"35,34 €/L","img":"https://fd9-photos.leclercdrive.fr/image.ashx?id=2693806&use=l&cat=p&typeid=i","cat":284547},{"id":226472,"n":"Tonic classique Hysope 75cl","p":3.39,"u":"4,52 €/L","img":"https://fd9-photos.leclercdrive.fr/image.ashx?id=2769095&use=l&cat=p&typeid=i","cat":284531},{"id":226480,"n":"Rhum VO Dillon 43%vol - 70L","p":18.73,"u":"26,76 €/L","img":"https://fd9-photos.leclercdrive.fr/image.ashx?id=2921277&use=l&cat=p&typeid=i","cat":284550},{"id":226481,"n":"Sucre de canne roux Canadou 70cl","p":3.37,"u":"4,81 €/L","img":"https://fd9-photos.leclercdrive.fr/image.ashx?id=2694446&use=l&cat=p&typeid=i","cat":284502},{"id":226484,"n":"Cookies Crunchy Kinder Pépites au cacao et lait - 136g","p":2.7,"u":"19,85 €/KG","img":"https://fd9-photos.leclercdrive.fr/image.ashx?id=2691995&use=l&cat=p&typeid=i","cat":325066},{"id":226486,"n":"Whisky West Cork Bourbon cask 40% - 70cl","p":16.74,"u":"23,91 €/L","img":"https://fd9-photos.leclercdrive.fr/image.ashx?id=2845023&use=l&cat=p&typeid=i","cat":284547},{"id":226489,"n":"Speculoos Lotus Biscoff 8x125g","p":5.77,"u":"5,77 €/KG","img":"https://fd9-photos.leclercdrive.fr/image.ashx?id=2861749&use=l&cat=p&typeid=i","cat":284487},{"id":226491,"n":"Mojito sans alcool Sir James 25cl","p":1.99,"u":"7,96 €/L","img":"https://fd9-photos.leclercdrive.fr/image.ashx?id=3000489&use=l&cat=p&typeid=i","cat":284549},{"id":226492,"n":"Sprtiz sans alcool Sir James 25cl","p":2.05,"u":"8,20 €/L","img":"https://fd9-photos.leclercdrive.fr/image.ashx?id=3000492&use=l&cat=p&typeid=i","cat":284549},{"id":226493,"n":"G&T sans alcool Sir James 25cl","p":1.95,"u":"7,80 €/L","img":"https://fd9-photos.leclercdrive.fr/image.ashx?id=2902445&use=l&cat=p&typeid=i","cat":284549},{"id":226495,"n":"Passion martini Sir James Sans alcool 25cl","p":1.95,"u":"7,80 €/L","img":"https://fd9-photos.leclercdrive.fr/image.ashx?id=2878492&use=l&cat=p&typeid=i","cat":284549},{"id":226497,"n":"Ginger mule Sir James Sans alcool 25cl","p":1.96,"u":"7,84 €/L","img":"https://fd9-photos.leclercdrive.fr/image.ashx?id=2878495&use=l&cat=p&typeid=i","cat":284549},{"id":226510,"n":"Biscuits BN Chocolats -570g","p":2.59,"img":"https://fd9-photos.leclercdrive.fr/image.ashx?id=2693509&use=l&cat=p&typeid=i","cat":284488},{"id":226514,"n":"Filet de cabillaud Fish & Chips L'Atelier Poissonnerie - 200g","p":3.89,"u":"19,45 €/KG","img":"https://fd9-photos.leclercdrive.fr/image.ashx?id=2714456&use=l&cat=p&typeid=i","cat":284344},{"id":226522,"n":"Déodorant aérosol Dove Invisible dry - 2x200ml","p":5.66,"u":"14,15 €/L","img":"https://fd9-photos.leclercdrive.fr/image.ashx?id=2838833&use=l&cat=p&typeid=i","cat":284595},{"id":226524,"n":"Déodorant aérosol Dove Original - 2x200ml","p":5.66,"u":"14,15 €/L","img":"https://fd9-photos.leclercdrive.fr/image.ashx?id=2838836&use=l&cat=p&typeid=i","cat":284595},{"id":226528,"n":"Olives vertes Tramier Dénoyautées - 160g","p":2.09,"u":"13,06 €/KG","img":"https://fd9-photos.leclercdrive.fr/image.ashx?id=2988309&use=l&cat=p&typeid=i","cat":284450},{"id":226534,"n":"Huile de tournesol Tramier  1L","p":5.59,"u":"5,59 €/L","img":"https://fd9-photos.leclercdrive.fr/image.ashx?id=2695097&use=l&cat=p&typeid=i","cat":284453},{"id":226554,"n":"Petit déjeuner Gullon Avoine Fourrage Chocolat 220g","p":2.33,"u":"10,59 €/KG","img":"https://fd9-photos.leclercdrive.fr/image.ashx?id=2698102&use=l&cat=p&typeid=i","cat":318651},{"id":226557,"n":"Petit déjeuner Gullon Céréales Fruits rouges - yaourt - 220g","p":2.36,"u":"10,73 €/KG","img":"https://fd9-photos.leclercdrive.fr/image.ashx?id=2698099&use=l&cat=p&typeid=i","cat":318651},{"id":226571,"n":"Cèpes beurre persillé Magda Pommes de terre grenaille-300g","p":4.23,"u":"14,10 €/KG","img":"https://fd9-photos.leclercdrive.fr/image.ashx?id=2693674&use=l&cat=p&typeid=i","cat":319805},{"id":226572,"n":"Twins enrobé Gullon Chocolat blanc - 252g","p":2.36,"u":"9,37 €/KG","img":"https://fd9-photos.leclercdrive.fr/image.ashx?id=2698078&use=l&cat=p&typeid=i","cat":284488},{"id":226583,"n":"Boisson gazeuse Maison Perrier Magnetic Juice Fraise 4x25cl","p":2.96,"u":"2,96 €/L","img":"https://fd9-photos.leclercdrive.fr/image.ashx?id=2887314&use=l&cat=p&typeid=i","cat":284536},{"id":226636,"n":"Déodorant Homme Adidas Fresh Endurance - 150ml","p":2.89,"u":"19,27 €/L","img":"https://fd9-photos.leclercdrive.fr/image.ashx?id=2990772&use=l&cat=p&typeid=i","cat":284618},{"id":226646,"n":"Boisson Gazeuse Maison Perrier Forever Citron Vert 1L","p":0.89,"u":"0,89 €/L","img":"https://fd9-photos.leclercdrive.fr/image.ashx?id=2695103&use=l&cat=p&typeid=i","cat":284536},{"id":226657,"n":"Boisson Gazeuse Maison Perrier Forever Citron 1L","p":1.03,"u":"1,03 €/L","img":"https://fd9-photos.leclercdrive.fr/image.ashx?id=2887311&use=l&cat=p&typeid=i","cat":284536},{"id":226661,"n":"Boisson Gazeuse Maison Perrier Forever Menthe 1L","p":0.89,"u":"0,89 €/L","img":"https://fd9-photos.leclercdrive.fr/image.ashx?id=2695112&use=l&cat=p&typeid=i","cat":284536},{"id":226663,"n":"Boisson Gazeuse Maison Perrier Forever Citron 6x50cl","p":3.91,"u":"1,30 €/L","img":"https://fd9-photos.leclercdrive.fr/image.ashx?id=2695100&use=l&cat=p&typeid=i","cat":284536},{"id":226664,"n":"Boisson Gazeuse Maison Perrier Forever Citron Vert 6x50cl","p":3.86,"u":"1,29 €/L","img":"https://fd9-photos.leclercdrive.fr/image.ashx?id=2695109&use=l&cat=p&typeid=i","cat":284536},{"id":226666,"n":"Sac cabas en toile de jute Rose - x1","p":2.85,"img":"https://fd9-photos.leclercdrive.fr/image.ashx?id=2693108&use=l&cat=p&typeid=i","cat":313597},{"id":226667,"n":"Boisson Gazeuse Maison Perrier Forever Citron 6x33cl","p":3.09,"u":"1,56 €/L","img":"https://fd9-photos.leclercdrive.fr/image.ashx?id=2878447&use=l&cat=p&typeid=i","cat":284536},{"id":226668,"n":"Boisson Gazeuse Maison Perrier Forever Citron Vert 6x33cl","p":3.36,"u":"1,70 €/L","img":"https://fd9-photos.leclercdrive.fr/image.ashx?id=2887308&use=l&cat=p&typeid=i","cat":284536},{"id":226776,"n":"Thé noir fruits rouges Lipton 20 sachets - 30g","p":1.88,"u":"62,67 €/KG","img":"https://fd9-photos.leclercdrive.fr/image.ashx?id=2695359&use=l&cat=p&typeid=i","cat":293233},{"id":226777,"n":"Thé noir vanille et caramel 20 sachets - 34g","p":2.68,"u":"78,82 €/KG","img":"https://fd9-photos.leclercdrive.fr/image.ashx?id=2736703&use=l&cat=p&typeid=i","cat":293233},{"id":226779,"n":"Thé noir citron Lipton 20 sachets - 34g","p":2.23,"u":"65,59 €/KG","img":"https://fd9-photos.leclercdrive.fr/image.ashx?id=2695365&use=l&cat=p&typeid=i","cat":293233},{"id":226780,"n":"Thé noir earl grey et bergamote 20 sachets - 32g","p":2.47,"u":"7,72 €/L","img":"https://fd9-photos.leclercdrive.fr/image.ashx?id=2736706&use=l&cat=p&typeid=i","cat":293233},{"id":226781,"n":"Thé noir pêche mangue Lipton 20 sachets - 34g","p":2.56,"u":"75,29 €/KG","img":"https://fd9-photos.leclercdrive.fr/image.ashx?id=2695362&use=l&cat=p&typeid=i","cat":293233},{"id":226795,"n":"Glace mini cone Extreme Café x8 - 312g","p":4.06,"u":"13,01 €/KG","img":"https://fd9-photos.leclercdrive.fr/image.ashx?id=2694668&use=l&cat=p&typeid=i","cat":284264},{"id":226800,"n":"Parfum de linge billes Lenor Envolée d'air x41","p":9.79,"u":"19,78 €/KG","img":"https://fd9-photos.leclercdrive.fr/image.ashx?id=2857893&use=l&cat=p&typeid=i","cat":325302},{"id":226806,"n":"Liquide de rinçage Sun Brillance - 500ml","p":3.41,"u":"6,82 €/L","img":"https://fd9-photos.leclercdrive.fr/image.ashx?id=2829099&use=l&cat=p&typeid=i","cat":284657},{"id":226807,"n":"Liquide de rinçage Sun Séchage - 500ml","p":4.17,"u":"8,34 €/L","img":"https://fd9-photos.leclercdrive.fr/image.ashx?id=2738716&use=l&cat=p&typeid=i","cat":284657},{"id":226816,"n":"Crème adhésive Fixodent plus  Maintien imbattable - 60g","p":5.25,"u":"87,50 €/KG","img":"https://fd9-photos.leclercdrive.fr/image.ashx?id=2695136&use=l&cat=p&typeid=i","cat":285158},{"id":226818,"n":"Dentifrice Sensodyne Soin  complet Triple action - 75ml","p":3.91,"u":"52,13 €/L","img":"https://fd9-photos.leclercdrive.fr/image.ashx?id=2997778&use=l&cat=p&typeid=i","cat":284612},{"id":226819,"n":"Dentifrice Sensodyne Soin gencives Triple action - 75ml","p":4.42,"u":"58,93 €/L","img":"https://fd9-photos.leclercdrive.fr/image.ashx?id=3000384&use=l&cat=p&typeid=i","cat":284612},{"id":226821,"n":"Bière Fada Sunny IPA 33cl","p":2.51,"u":"7,61 €/L","img":"https://fd9-photos.leclercdrive.fr/image.ashx?id=2852664&use=l&cat=p&typeid=i","cat":334872},{"id":226822,"n":"Bière Fada Blonde 33cl","p":1.75,"u":"5,30 €/L","img":"https://fd9-photos.leclercdrive.fr/image.ashx?id=2852169&use=l&cat=p&typeid=i","cat":334872},{"id":226824,"n":"Dentifrice Sensodyne Soin  Blancheur naturelle 24h - 75ml","p":4.29,"u":"57,20 €/L","img":"https://fd9-photos.leclercdrive.fr/image.ashx?id=2694944&use=l&cat=p&typeid=i","cat":284612},{"id":226825,"n":"Dentifrice Sensodyne Répare & protège Novamin - 75ml","p":4.75,"u":"63,33 €/L","img":"https://fd9-photos.leclercdrive.fr/image.ashx?id=2694947&use=l&cat=p&typeid=i","cat":284612},{"id":226826,"n":"Dentifrice Sensodyne Soin Blancheur triple action - 75ml","p":4.44,"u":"59,20 €/L","img":"https://fd9-photos.leclercdrive.fr/image.ashx?id=3000381&use=l&cat=p&typeid=i","cat":284612},{"id":226829,"n":"Dentifrice Sensodyne Répare & protège extra fresh - 75ml","p":4.4,"u":"58,67 €/L","img":"https://fd9-photos.leclercdrive.fr/image.ashx?id=2694956&use=l&cat=p&typeid=i","cat":284612},{"id":226830,"n":"Dentifrice Sensodyne Répare & protège Blancheur - 75ml","p":4.82,"u":"64,27 €/L","img":"https://fd9-photos.leclercdrive.fr/image.ashx?id=2872955&use=l&cat=p&typeid=i","cat":284612},{"id":226831,"n":"Nettoyant machine Sun Pendant le cycle x4 - 60g","p":4.86,"u":"10,13 €/KG","img":"https://fd9-photos.leclercdrive.fr/image.ashx?id=2738713&use=l&cat=p&typeid=i","cat":284657},{"id":226832,"n":"Savon de Marseille beige Huiles R.S.P.O Ecocert - 300g","p":2.39,"u":"7,97 €/KG","img":"https://fd9-photos.leclercdrive.fr/image.ashx?id=2694575&use=l&cat=p&typeid=i","cat":325365},{"id":226856,"n":"P'tit onctueux pêche Nestlé sans sucres ajoutés - 4x90g","p":2.04,"u":"5,67 €/KG","img":"https://fd9-photos.leclercdrive.fr/image.ashx?id=2695124&use=l&cat=p&typeid=i","cat":312392},{"id":226879,"n":"Pate tomate colin Naturnes Dès 6 mois - 2x90g","p":1.94,"u":"10,78 €/KG","img":"https://fd9-photos.leclercdrive.fr/image.ashx?id=2696139&use=l&cat=p&typeid=i","cat":312235},{"id":226881,"n":"Infusion detox Pukka Fruits rouges x20 - 34g","p":4.57,"u":"134,41 €/KG","img":"https://fd9-photos.leclercdrive.fr/image.ashx?id=2859803&use=l&cat=p&typeid=i","cat":293234},{"id":226885,"n":"Muesli protéine choco cacahuète  bio Terres et Céréales -350g","p":3.28,"u":"9,37 €/KG","img":"https://fd9-photos.leclercdrive.fr/image.ashx?id=2695968&use=l&cat=p&typeid=i","cat":309512},{"id":226899,"n":"Mini bille chocolaté M&Ms 176g","p":2.29,"u":"13,01 €/KG","img":"https://fd9-photos.leclercdrive.fr/image.ashx?id=3009074&use=l&cat=p&typeid=i","cat":304238},{"id":226911,"n":"Bille au chocolat Maltesers 400g","p":5.91,"u":"14,78 €/KG","img":"https://fd9-photos.leclercdrive.fr/image.ashx?id=2976050&use=l&cat=p&typeid=i","cat":304238},{"id":226912,"n":"Boisson énergisante Maison Perrier pêche - 25cl","p":0.91,"u":"3,64 €/L","img":"https://fd9-photos.leclercdrive.fr/image.ashx?id=2696142&use=l&cat=p&typeid=i","cat":284533},{"id":226920,"n":"Bonbons Skittles  152g","p":1.46,"u":"9,61 €/KG","img":"https://fd9-photos.leclercdrive.fr/image.ashx?id=3008984&use=l&cat=p&typeid=i","cat":304250},{"id":226949,"n":"Concentré Antésite Citron jaune et Eucalyptus - 13cl","p":4.37,"u":"33,62 €/L","img":"https://fd9-photos.leclercdrive.fr/image.ashx?id=2850476&use=l&cat=p&typeid=i","cat":295020},{"id":226950,"n":"Concentré Antésite Réglisse Mandarine et Bergamote - 13cl","p":4.03,"u":"31,00 €/L","img":"https://fd9-photos.leclercdrive.fr/image.ashx?id=2850473&use=l&cat=p&typeid=i","cat":295020},{"id":226951,"n":"Concentré Antésite Réglisse Orange - 13cl","p":4.07,"u":"31,31 €/L","img":"https://fd9-photos.leclercdrive.fr/image.ashx?id=2850479&use=l&cat=p&typeid=i","cat":295020},{"id":226953,"n":"Pinsa fraîche Pinsami 2x230g","p":6.12,"u":"13,30 €/KG","img":"https://fd9-photos.leclercdrive.fr/image.ashx?id=2701061&use=l&cat=p&typeid=i","cat":284985},{"id":226970,"n":"Tablette lave-vaisselle Sun  Expert Plus x40 -700g","p":7.9,"u":"11,29 €/KG","img":"https://fd9-photos.leclercdrive.fr/image.ashx?id=2738734&use=l&cat=p&typeid=i","cat":284656},{"id":226971,"n":"Sun Tablettes Lave-Vaisselle Tout en 1 Expert Plus x40","p":7.9,"u":"11,29 €/KG","img":"https://fd9-photos.leclercdrive.fr/image.ashx?id=2942012&use=l&cat=p&typeid=i","cat":284656},{"id":226972,"n":"Sun Tablettes Lave-Vaisselle Tout en 1 Regular Ecolabel x46","p":7.9,"u":"10,41 €/KG","img":"https://fd9-photos.leclercdrive.fr/image.ashx?id=3000902&use=l&cat=p&typeid=i","cat":284656},{"id":226973,"n":"Sun Tablettes Lave-Vaisselle Tout en 1 Citron Ecolabel x46","p":7.9,"u":"10,41 €/KG","img":"https://fd9-photos.leclercdrive.fr/image.ashx?id=3000905&use=l&cat=p&typeid=i","cat":284656},{"id":226978,"n":"Crème Anti-Âge Rose Re-Fortifiant - 50ml","p":11.97,"pp":7.9,"u":"158,00 €/L","img":"https://fd9-photos.leclercdrive.fr/image.ashx?id=2757425&use=l&cat=p&typeid=i","cat":325345},{"id":226995,"n":"Patchs Bioré Ultra purifiants - x6","p":5.33,"u":"0,89 €/P","img":"https://fd9-photos.leclercdrive.fr/image.ashx?id=2696649&use=l&cat=p&typeid=i","cat":325346},{"id":227006,"n":"Crème glacée Häagen-Dazs  Chocolat belge - 400g","p":4.59,"u":"11,48 €/KG","img":"https://fd9-photos.leclercdrive.fr/image.ashx?id=2886891&use=l&cat=p&typeid=i","cat":284725},{"id":227012,"n":"Halloumi AOP Casa Azzurra 200g","p":3.49,"u":"17,45 €/KG","img":"https://fd9-photos.leclercdrive.fr/image.ashx?id=2696729&use=l&cat=p&typeid=i","cat":314026},{"id":227051,"n":"Nectar de Pêche de Vigne 1L","p":2.75,"u":"2,75 €/L","img":"https://fd9-photos.leclercdrive.fr/image.ashx?id=2697030&use=l&cat=p&typeid=i","cat":295018},{"id":227070,"n":"Thé glacé pétillant Lipton Ice Tea pêche - bouteille 1.25L","p":1.62,"u":"1,30 €/L","img":"https://fd9-photos.leclercdrive.fr/image.ashx?id=2887704&use=l&cat=p&typeid=i","cat":295019},{"id":227071,"n":"Thé pétillant Lipton Ice Tea Citron citron vert - 1.25L","p":1.62,"u":"1,30 €/L","img":"https://fd9-photos.leclercdrive.fr/image.ashx?id=2887707&use=l&cat=p&typeid=i","cat":295019},{"id":227080,"n":"Ravioles du Dauphiné  IGP Label rouge 1kg","p":14.08,"u":"14,08 €/KG","img":"https://fd9-photos.leclercdrive.fr/image.ashx?id=2732707&use=l&cat=p&typeid=i","cat":284254},{"id":227153,"n":"Couches Carryboo de nos Régions Couches locales Taille 2 - x 50","p":12.75,"u":"0,26 €/P","img":"https://fd9-photos.leclercdrive.fr/image.ashx?id=2969245&use=l&cat=p&typeid=i","cat":284737},{"id":227166,"n":"Sérum Anti-tâches Vitamine C Mixa 30 mL","p":10.18,"u":"339,33 €/L","img":"https://fd9-photos.leclercdrive.fr/image.ashx?id=2698714&use=l&cat=p&typeid=i","cat":325345},{"id":227206,"n":"Lait Corps Satinant Mixa 400mL","p":5.23,"u":"13,08 €/L","img":"https://fd9-photos.leclercdrive.fr/image.ashx?id=2698696&use=l&cat=p&typeid=i","cat":325349},{"id":227231,"n":"Poulet tandoori et semoule Fleury Michon - 2x280g","p":4.89,"u":"8,73 €/KG","img":"https://fd9-photos.leclercdrive.fr/image.ashx?id=2750006&use=l&cat=p&typeid=i","cat":333665},{"id":227248,"n":"Coloration Mousse 700 Blond Foncé Perfect Mousse 182mL","p":7.6,"u":"41,76 €/L","img":"https://fd9-photos.leclercdrive.fr/image.ashx?id=2986254&use=l&cat=p&typeid=i","cat":288899},{"id":227270,"n":"Pain aux céréales Wiso Sans gluten - 350g","p":4.35,"u":"12,43 €/KG","img":"https://fd9-photos.leclercdrive.fr/image.ashx?id=2698768&use=l&cat=p&typeid=i","cat":325068},{"id":227272,"n":"Pain de mie Wiso Sans gluten - 350g","p":4.15,"u":"11,86 €/KG","img":"https://fd9-photos.leclercdrive.fr/image.ashx?id=2698765&use=l&cat=p&typeid=i","cat":284364},{"id":227298,"n":"Biscuits sablés McVitie's  Flocon avoine chocolat 300g","p":2.35,"u":"7,83 €/KG","img":"https://fd9-photos.leclercdrive.fr/image.ashx?id=2700641&use=l&cat=p&typeid=i","cat":284487},{"id":227309,"n":"Pelican blonde Pelican - 66cl","p":2.92,"u":"4,42 €/L","img":"https://fd9-photos.leclercdrive.fr/image.ashx?id=2766238&use=l&cat=p&typeid=i","cat":334872},{"id":227318,"n":"P'tite Céréale Nestlé Vanille - 415g","p":2.59,"u":"6,24 €/KG","img":"https://fd9-photos.leclercdrive.fr/image.ashx?id=2700773&use=l&cat=p&typeid=i","cat":312225},{"id":227320,"n":"Céréales Nesquik 675g","p":4.22,"u":"6,25 €/KG","img":"https://fd9-photos.leclercdrive.fr/image.ashx?id=2971434&use=l&cat=p&typeid=i","cat":309513},{"id":227323,"n":"Céréales Crunch Nestlé 675g","p":4.54,"u":"6,73 €/KG","img":"https://fd9-photos.leclercdrive.fr/image.ashx?id=2949085&use=l&cat=p&typeid=i","cat":309513},{"id":227339,"n":"Capsules Nescafé Dolce Gusto  Lungo - x16","p":4.41,"u":"49,00 €/KG","img":"https://fd9-photos.leclercdrive.fr/image.ashx?id=2907716&use=l&cat=p&typeid=i","cat":293239},{"id":227341,"n":"Céréales Lion Nestlé 1.05kg","p":6.15,"u":"6,15 €/KG","img":"https://fd9-photos.leclercdrive.fr/image.ashx?id=2995433&use=l&cat=p&typeid=i","cat":309513},{"id":227347,"n":"Déodorant Spray L'Oréal Paris Men Expert 48h - 150ml","p":3.1,"u":"20,67 €/L","img":"https://fd9-photos.leclercdrive.fr/image.ashx?id=2802509&use=l&cat=p&typeid=i","cat":284618},{"id":227352,"n":"Céréales Chocapic  645g","p":4.58,"u":"7,10 €/KG","img":"https://fd9-photos.leclercdrive.fr/image.ashx?id=2977732&use=l&cat=p&typeid=i","cat":309513},{"id":227372,"n":"Céréales Lion 675g","p":4.58,"u":"6,79 €/KG","img":"https://fd9-photos.leclercdrive.fr/image.ashx?id=2997256&use=l&cat=p&typeid=i","cat":309513},{"id":227373,"n":"Gelée de viande Eco+ 12x100g","p":2.99,"u":"2,49 €/KG","img":"https://fd9-photos.leclercdrive.fr/image.ashx?id=2744216&use=l&cat=p&typeid=i","cat":285286},{"id":227374,"n":"Céréales Chocapic 375g","p":2.87,"u":"7,65 €/KG","img":"https://fd9-photos.leclercdrive.fr/image.ashx?id=2977408&use=l&cat=p&typeid=i","cat":309513},{"id":227376,"n":"Croquette Friskies Vitafit  Boeuf - 3kg","p":6.4,"u":"2,13 €/KG","img":"https://fd9-photos.leclercdrive.fr/image.ashx?id=2986999&use=l&cat=p&typeid=i","cat":284672},{"id":227377,"n":"Croquette Friskies Vitafit Boeuf - 12kg","p":26.03,"img":"https://fd9-photos.leclercdrive.fr/image.ashx?id=2986984&use=l&cat=p&typeid=i","cat":284672},{"id":227378,"n":"Croquettes Friskies junior Poulet & legumes - 1.5kg","p":4.57,"u":"3,05 €/KG","img":"https://fd9-photos.leclercdrive.fr/image.ashx?id=2699612&use=l&cat=p&typeid=i","cat":284680},{"id":227381,"n":"Croquettes Friskies Vitafit Poulet & legumes - 3kg","p":6.33,"u":"2,11 €/KG","img":"https://fd9-photos.leclercdrive.fr/image.ashx?id=2986981&use=l&cat=p&typeid=i","cat":284672},{"id":227391,"n":"Croquettes Friskies Saumon & legumes - 3 kg","p":10.57,"u":"3,52 €/KG","img":"https://fd9-photos.leclercdrive.fr/image.ashx?id=2940615&use=l&cat=p&typeid=i","cat":284680},{"id":227397,"n":"Croquettes Friskies  Dinde & legumes - 1.5kg","p":5.18,"u":"3,45 €/KG","img":"https://fd9-photos.leclercdrive.fr/image.ashx?id=2699621&use=l&cat=p&typeid=i","cat":284680},{"id":227400,"n":"Croquettes chat Friskies Saumon et legumes - 1.5 kg","p":4.57,"u":"3,05 €/KG","img":"https://fd9-photos.leclercdrive.fr/image.ashx?id=2940600&use=l&cat=p&typeid=i","cat":284680},{"id":227411,"n":"Dentifrice Sensodyne  Soin blancheur - 2x75ml","p":5.52,"u":"18,40 €/L","img":"https://fd9-photos.leclercdrive.fr/image.ashx?id=3000378&use=l&cat=p&typeid=i","cat":284612},{"id":227412,"n":"Masque pieds Scholl Exfoliant talon - x1","p":6.45,"img":"https://fd9-photos.leclercdrive.fr/image.ashx?id=2981313&use=l&cat=p&typeid=i","cat":325354},{"id":227413,"n":"Semelles GelActiv' Scholl Décontracté - Taille 1","p":15.89,"img":"https://fd9-photos.leclercdrive.fr/image.ashx?id=2700665&use=l&cat=p&typeid=i","cat":325354},{"id":227414,"n":"Semelles GelActiv' Scholl Décontracté - Taille 2 - x1","p":15.89,"img":"https://fd9-photos.leclercdrive.fr/image.ashx?id=2700668&use=l&cat=p&typeid=i","cat":325354},{"id":227423,"n":"Etuis mouchoirs Lotus Compact+ - x24","p":3.52,"img":"https://fd9-photos.leclercdrive.fr/image.ashx?id=2700692&use=l&cat=p&typeid=i","cat":284638},{"id":227425,"n":"Boîte mouchoirs Lotus Classic+ - Pur Blanc - x80","p":1.53,"img":"https://fd9-photos.leclercdrive.fr/image.ashx?id=2700698&use=l&cat=p&typeid=i","cat":284638},{"id":227427,"n":"Boîte mouchoirs Lotus Classic+ - Pur Blanc - x130","p":2.63,"u":"0,02 €/P","img":"https://fd9-photos.leclercdrive.fr/image.ashx?id=2700704&use=l&cat=p&typeid=i","cat":284638},{"id":227445,"n":"Riz basmati Taureau Ailé Nature - 220g","p":1.71,"u":"7,77 €/KG","img":"https://fd9-photos.leclercdrive.fr/image.ashx?id=2916327&use=l&cat=p&typeid=i","cat":287600},{"id":227506,"n":"Capsule Nescafé Farmers Origins  India Int 9 - x18","p":4.32,"u":"54,68 €/KG","img":"https://fd9-photos.leclercdrive.fr/image.ashx?id=2700791&use=l&cat=p&typeid=i","cat":284749},{"id":227507,"n":"Capsule Nescafé Farmers Origins  India Int 9 - x10","p":2.34,"u":"53,18 €/KG","img":"https://fd9-photos.leclercdrive.fr/image.ashx?id=2952169&use=l&cat=p&typeid=i","cat":284749},{"id":227512,"n":"Chips Savour  Sel de guerande - 120g","p":1.48,"u":"12,33 €/KG","img":"https://fd9-photos.leclercdrive.fr/image.ashx?id=2743828&use=l&cat=p&typeid=i","cat":284447},{"id":227514,"n":"Chips Savour Sweet Chili - 120g","p":1.79,"u":"14,92 €/KG","img":"https://fd9-photos.leclercdrive.fr/image.ashx?id=2743825&use=l&cat=p&typeid=i","cat":284447},{"id":227515,"n":"Chips Savour Vinaigre de cidre - 120g","p":1.71,"u":"14,25 €/KG","img":"https://fd9-photos.leclercdrive.fr/image.ashx?id=2743822&use=l&cat=p&typeid=i","cat":284447},{"id":227516,"n":"Chips Savour Cheddar & Ciboulette - 120g","p":1.75,"u":"14,58 €/KG","img":"https://fd9-photos.leclercdrive.fr/image.ashx?id=2743819&use=l&cat=p&typeid=i","cat":284447},{"id":227520,"n":"Chips Lay's Sel & vinaigre - 130g","p":1.48,"u":"11,38 €/KG","img":"https://fd9-photos.leclercdrive.fr/image.ashx?id=3011161&use=l&cat=p&typeid=i","cat":284447},{"id":227528,"n":"Chips Lay's Poulet - 135g","p":1.28,"u":"9,48 €/KG","img":"https://fd9-photos.leclercdrive.fr/image.ashx?id=2995079&use=l&cat=p&typeid=i","cat":284447},{"id":227532,"n":"Chips Lay's Barbecue - 250g","p":1.95,"u":"7,80 €/KG","img":"https://fd9-photos.leclercdrive.fr/image.ashx?id=2994488&use=l&cat=p&typeid=i","cat":284447},{"id":227534,"n":"Chips Lay's Barbecue - 135g","p":1.19,"u":"8,81 €/KG","img":"https://fd9-photos.leclercdrive.fr/image.ashx?id=2994485&use=l&cat=p&typeid=i","cat":284447},{"id":227542,"n":"Croquettes pour chien Friskies Vitafit 12kg","p":25.43,"u":"2,12 €/KG","img":"https://fd9-photos.leclercdrive.fr/image.ashx?id=2986987&use=l&cat=p&typeid=i","cat":284672},{"id":227595,"n":"Jambon Fleury Michon  Simplement Bon x10 - 350g","p":4.12,"u":"11,77 €/KG","img":"https://fd9-photos.leclercdrive.fr/image.ashx?id=2842699&use=l&cat=p&typeid=i","cat":316009},{"id":227600,"n":"Croquettes chat Friskies Boeuf, poulet et légumes - 3kg","p":9.19,"u":"3,06 €/KG","img":"https://fd9-photos.leclercdrive.fr/image.ashx?id=2940603&use=l&cat=p&typeid=i","cat":284680},{"id":227602,"n":"Croquettes Friskies  Poulet & légumes  1,5 kg","p":5.31,"u":"3,54 €/KG","img":"https://fd9-photos.leclercdrive.fr/image.ashx?id=2701400&use=l&cat=p&typeid=i","cat":284680},{"id":227608,"n":"Croquettes Friskies Junior  Poulet avec du lait - 3kg","p":7.4,"u":"2,47 €/KG","img":"https://fd9-photos.leclercdrive.fr/image.ashx?id=2986900&use=l&cat=p&typeid=i","cat":284672},{"id":227626,"n":"Barres chocolatées Mars  x7 - 315g","p":2.94,"u":"9,33 €/KG","img":"https://fd9-photos.leclercdrive.fr/image.ashx?id=2701043&use=l&cat=p&typeid=i","cat":284498},{"id":227629,"n":"Barres chocolatées Snickers x7 - 350g","p":3.31,"u":"9,46 €/KG","img":"https://fd9-photos.leclercdrive.fr/image.ashx?id=2701040&use=l&cat=p&typeid=i","cat":284498},{"id":227633,"n":"Barres chocolatées Twix  x10 -210g","p":2.15,"u":"10,24 €/KG","img":"https://fd9-photos.leclercdrive.fr/image.ashx?id=2980091&use=l&cat=p&typeid=i","cat":284498},{"id":227645,"n":"Barres Bounty chocolat & noix de coco x5 - 285g","p":2.84,"u":"9,96 €/KG","img":"https://fd9-photos.leclercdrive.fr/image.ashx?id=2701022&use=l&cat=p&typeid=i","cat":284498},{"id":227657,"n":"Soda Fanta Orange Sans Sucres  Canette - Pack 6x33cl","p":4.2,"u":"2,12 €/L","img":"https://fd9-photos.leclercdrive.fr/image.ashx?id=2701361&use=l&cat=p&typeid=i","cat":284532},{"id":227669,"n":"Boisson Gazeuse Maison Perrier Chic Roséllini 4x25cl","p":2.55,"u":"2,55 €/L","img":"https://fd9-photos.leclercdrive.fr/image.ashx?id=2701403&use=l&cat=p&typeid=i","cat":284536},{"id":227671,"n":"Bière aromatisée Desperados Tropical -  6X33cl","p":8.8,"u":"4,44 €/L","img":"https://fd9-photos.leclercdrive.fr/image.ashx?id=2701142&use=l&cat=p&typeid=i","cat":334878},{"id":227684,"n":"Barres chocolatées Twix x7 - 350g","p":3.33,"u":"9,51 €/KG","img":"https://fd9-photos.leclercdrive.fr/image.ashx?id=2701028&use=l&cat=p&typeid=i","cat":284498},{"id":227701,"n":"Chocolat Pâtissier Nestlé Dessert Blanc - 170g","p":3.1,"u":"18,24 €/KG","img":"https://fd9-photos.leclercdrive.fr/image.ashx?id=2895062&use=l&cat=p&typeid=i","cat":284957},{"id":227702,"n":"Fromage enfant La Vache qui rit Pik&Croq 8 portions - 280g","p":3.49,"u":"12,46 €/KG","img":"https://fd9-photos.leclercdrive.fr/image.ashx?id=2945436&use=l&cat=p&typeid=i","cat":314030},{"id":227713,"n":"Crackers mini fish Gullon 250g","p":1.74,"u":"6,96 €/KG","img":"https://fd9-photos.leclercdrive.fr/image.ashx?id=2701953&use=l&cat=p&typeid=i","cat":297000},{"id":227719,"n":"Jambon cuit supérieur découenné L'Atelier Charcuterie x4 - 220g","p":3.8,"u":"17,27 €/KG","img":"https://fd9-photos.leclercdrive.fr/image.ashx?id=2907413&use=l&cat=p&typeid=i","cat":316009},{"id":227722,"n":"Jambon cuit découenné L'Atelier Charcuterie x2 - 110g","p":2.21,"u":"20,09 €/KG","img":"https://fd9-photos.leclercdrive.fr/image.ashx?id=2999036&use=l&cat=p&typeid=i","cat":316009},{"id":227728,"n":"Boule aux graines tranchée Wiso Sans gluten - 400g","p":4.97,"u":"12,43 €/KG","img":"https://fd9-photos.leclercdrive.fr/image.ashx?id=2911471&use=l&cat=p&typeid=i","cat":284359},{"id":227729,"n":"Café au lait Soluble Nescafé 3en1 - x10 - 165g","p":2.13,"u":"12,91 €/KG","img":"https://fd9-photos.leclercdrive.fr/image.ashx?id=2854759&use=l&cat=p&typeid=i","cat":284843},{"id":227737,"n":"Capsule Nescafé Farmers Origins  Colombia Int 6 - x10","p":2.91,"u":"66,14 €/KG","img":"https://fd9-photos.leclercdrive.fr/image.ashx?id=2701968&use=l&cat=p&typeid=i","cat":284749},{"id":227738,"n":"Capsule Nescafé Farmers Origins  Africas Int 10 - x10","p":2.34,"u":"53,18 €/KG","img":"https://fd9-photos.leclercdrive.fr/image.ashx?id=2952172&use=l&cat=p&typeid=i","cat":284749},{"id":227739,"n":"Capsule Nescafé Farmers Origins  Colombia Décaféiné Int 6 - x10","p":2.82,"u":"53,21 €/KG","img":"https://fd9-photos.leclercdrive.fr/image.ashx?id=2701977&use=l&cat=p&typeid=i","cat":284749},{"id":227740,"n":"Capsule Nescafé Farmers Origins  Brazil Int 8 - x18","p":4.73,"u":"59,87 €/KG","img":"https://fd9-photos.leclercdrive.fr/image.ashx?id=3001521&use=l&cat=p&typeid=i","cat":284749},{"id":227741,"n":"Mille-feuille x2 - 200g","p":4.09,"u":"2,05 €/P","img":"https://fd9-photos.leclercdrive.fr/image.ashx?id=2701803&use=l&cat=p&typeid=i","cat":284360},{"id":227743,"n":"Capsule Nescafé Farmers Origins  Colombia Int 6 - x18","p":4.79,"u":"60,63 €/KG","img":"https://fd9-photos.leclercdrive.fr/image.ashx?id=2701971&use=l&cat=p&typeid=i","cat":284749},{"id":227780,"n":"Liqueur GET Menthe & Citrons 17,9° - 70cl","p":12.99,"u":"18,56 €/L","img":"https://fd9-photos.leclercdrive.fr/image.ashx?id=2840629&use=l&cat=p&typeid=i","cat":286032},{"id":227819,"n":"Biscotte Pasquier Blé complet x64 - 550g","p":2.94,"u":"5,35 €/KG","img":"https://fd9-photos.leclercdrive.fr/image.ashx?id=2702807&use=l&cat=p&typeid=i","cat":284479},{"id":227820,"n":"Fromage enfant La Vache qui rit Original 8P à tartiner - 128g","p":1.98,"u":"15,47 €/KG","img":"https://fd9-photos.leclercdrive.fr/image.ashx?id=2945439&use=l&cat=p&typeid=i","cat":314030},{"id":227831,"n":"Spray Nettoyant Menager Cif  Anti-calcaire Universel 750 ml","p":2.77,"u":"3,69 €/L","img":"https://fd9-photos.leclercdrive.fr/image.ashx?id=2890520&use=l&cat=p&typeid=i","cat":325362},{"id":227838,"n":"Yaourt hyperprotéiné Sport  Vanille - 4x120g","p":2.65,"u":"5,52 €/P","img":"https://fd9-photos.leclercdrive.fr/image.ashx?id=2881250&use=l&cat=p&typeid=i","cat":315000},{"id":227839,"n":"Yaourt hyperprotéiné Sport Citron - 4x120g","p":2.65,"u":"5,52 €/KG","img":"https://fd9-photos.leclercdrive.fr/image.ashx?id=2881253&use=l&cat=p&typeid=i","cat":315000},{"id":227845,"n":"Oeufs Bio Village Bio x15","p":5.09,"u":"0,34 €/P","img":"https://fd9-photos.leclercdrive.fr/image.ashx?id=2724601&use=l&cat=p&typeid=i","cat":284378},{"id":227882,"n":"Concentré Sodastream Cola - 440ml","p":4.99,"pp":3.99,"u":"9,07 €/L","img":"https://fd9-photos.leclercdrive.fr/image.ashx?id=2703350&use=l&cat=p&typeid=i","cat":295020},{"id":227896,"n":"Glace Carte d'Or Les Essentiels Vanille de Madagascar 700ml","p":2.7,"pp":1.89,"u":"5,15 €/KG","img":"https://fd9-photos.leclercdrive.fr/image.ashx?id=2831149&use=l&cat=p&typeid=i","cat":284263},{"id":227897,"n":"Glace Bâtonnet MAGNUM Amande 4x100ml","p":2.85,"u":"9,50 €/KG","img":"https://fd9-photos.leclercdrive.fr/image.ashx?id=2849364&use=l&cat=p&typeid=i","cat":284265},{"id":227900,"n":"Glace Bâtonnet MAGNUM Chocolat Blanc 4x100ml","p":3.08,"u":"10,48 €/KG","img":"https://fd9-photos.leclercdrive.fr/image.ashx?id=3011944&use=l&cat=p&typeid=i","cat":284265},{"id":227901,"n":"Bâtonnet Magnum Fraise et blanc - x4 - 324g","p":3.38,"u":"10,43 €/KG","img":"https://fd9-photos.leclercdrive.fr/image.ashx?id=3009293&use=l&cat=p&typeid=i","cat":284265},{"id":227903,"n":"Glace Bâtonnet MAGNUM Amande 8x100ml","p":5.63,"u":"9,38 €/KG","img":"https://fd9-photos.leclercdrive.fr/image.ashx?id=3009299&use=l&cat=p&typeid=i","cat":284265},{"id":227905,"n":"Bâtonnet Magnum Chocolat blanc x8 - 588g","p":5.14,"u":"8,74 €/KG","img":"https://fd9-photos.leclercdrive.fr/image.ashx?id=2805663&use=l&cat=p&typeid=i","cat":284265},{"id":227906,"n":"Glace Bâtonnet Mini MAGNUM Amande 6x55ml","p":2.95,"u":"11,09 €/KG","img":"https://fd9-photos.leclercdrive.fr/image.ashx?id=2843544&use=l&cat=p&typeid=i","cat":284265},{"id":227933,"n":"Chewing-gum Freedent Refresher  fraise citron x8 - 17g","p":0.88,"u":"51,76 €/KG","img":"https://fd9-photos.leclercdrive.fr/image.ashx?id=2833915&use=l&cat=p&typeid=i","cat":304251},{"id":227941,"n":"Confiture Léonce Blanc Rhubarbe 70% - 320g","p":3.01,"u":"9,41 €/KG","img":"https://fd9-photos.leclercdrive.fr/image.ashx?id=2713913&use=l&cat=p&typeid=i","cat":284480},{"id":227960,"n":"Concentré cola sans sucres Sodastream - 440ml","p":4.99,"pp":3.99,"u":"9,07 €/L","img":"https://fd9-photos.leclercdrive.fr/image.ashx?id=2703155&use=l&cat=p&typeid=i","cat":295020},{"id":227961,"n":"Concentré cola light Sodastream - 440ml","p":4.99,"pp":3.99,"u":"9,07 €/L","img":"https://fd9-photos.leclercdrive.fr/image.ashx?id=2703332&use=l&cat=p&typeid=i","cat":295020},{"id":227963,"n":"Tartines croustillantes Wasa Flocons d'avoine - 265g","p":2.73,"u":"10,30 €/KG","img":"https://fd9-photos.leclercdrive.fr/image.ashx?id=2749527&use=l&cat=p&typeid=i","cat":284479},{"id":227964,"n":"Tartines croustillantes Wasa Sensation graines de chia -245g","p":2.92,"u":"11,92 €/KG","img":"https://fd9-photos.leclercdrive.fr/image.ashx?id=2749524&use=l&cat=p&typeid=i","cat":284479},{"id":227973,"n":"Concentré saveur citron sans Sucres - Sodastream - 440ml","p":4.99,"pp":3.99,"u":"9,07 €/L","img":"https://fd9-photos.leclercdrive.fr/image.ashx?id=2765363&use=l&cat=p&typeid=i","cat":295020},{"id":227978,"n":"Concentré Sodastream Menthe sans sucres - 440ml","p":4.99,"pp":3.99,"u":"9,07 €/L","img":"https://fd9-photos.leclercdrive.fr/image.ashx?id=2765372&use=l&cat=p&typeid=i","cat":295020},{"id":228003,"n":"Concentré adoucissant Soupline Ultra 3D grand air - 2,7L","p":7.32,"u":"2,71 €/L","img":"https://fd9-photos.leclercdrive.fr/image.ashx?id=2703870&use=l&cat=p&typeid=i","cat":284650},{"id":228007,"n":"Concentré adoucissant Soupline Ultra 3D hypoallergénique  2,7L","p":11.09,"u":"4,11 €/L","img":"https://fd9-photos.leclercdrive.fr/image.ashx?id=2703876&use=l&cat=p&typeid=i","cat":284650},{"id":228078,"n":"Boisson energisante Crazy Tiger Kiss me can - 50cl","p":1.39,"u":"2,78 €/L","img":"https://fd9-photos.leclercdrive.fr/image.ashx?id=2705587&use=l&cat=p&typeid=i","cat":284533},{"id":228090,"n":"Boule tranchée Wiso Sans gluten - 400g","p":4.7,"u":"11,75 €/KG","img":"https://fd9-photos.leclercdrive.fr/image.ashx?id=2911468&use=l&cat=p&typeid=i","cat":284359},{"id":228102,"n":"Thé glacé Lipton Ice Tea Pêche Sans sucres - bouteille 1.75l","p":2.06,"u":"1,18 €/L","img":"https://fd9-photos.leclercdrive.fr/image.ashx?id=2857060&use=l&cat=p&typeid=i","cat":295019},{"id":228103,"n":"Thé glacé Lipton Ice Tea Pêche Zéro sucres - canettes 6x33cl","p":3.32,"u":"1,68 €/L","img":"https://fd9-photos.leclercdrive.fr/image.ashx?id=2959442&use=l&cat=p&typeid=i","cat":295019},{"id":228127,"n":"Lasagnes saumon épinards  Comptoir des marées - 900g","p":4.49,"u":"4,99 €/KG","img":"https://fd9-photos.leclercdrive.fr/image.ashx?id=2732668&use=l&cat=p&typeid=i","cat":284254},{"id":228129,"n":"Assortiment mochis glacés Tables du Monde x6 - 210g","p":4.53,"u":"21,57 €/KG","img":"https://fd9-photos.leclercdrive.fr/image.ashx?id=2703673&use=l&cat=p&typeid=i","cat":284266},{"id":228179,"n":"IGP Méditerranée vin rosé Studio by Miraval - 1.5L","p":20.94,"u":"13,96 €/L","img":"https://fd9-photos.leclercdrive.fr/image.ashx?id=2990538&use=l&cat=p&typeid=i","cat":289558},{"id":228192,"n":"Coca-cola sans sucre Sans caféine  - 6x20cl","p":3.47,"u":"2,89 €/L","img":"https://fd9-photos.leclercdrive.fr/image.ashx?id=3009062&use=l&cat=p&typeid=i","cat":284530},{"id":228193,"n":"Tropico original Orange ananas - 1.75L","p":2.08,"u":"1,19 €/L","img":"https://fd9-photos.leclercdrive.fr/image.ashx?id=2705731&use=l&cat=p&typeid=i","cat":295018},{"id":228194,"n":"Thé glacé Oasis Ice Tea Saveur Mangue Passion - 1,5L","p":1.78,"u":"1,19 €/L","img":"https://fd9-photos.leclercdrive.fr/image.ashx?id=2705040&use=l&cat=p&typeid=i","cat":295019},{"id":228198,"n":"Sirop Frucci Grenadine - 1.3L","p":3.28,"u":"2,52 €/L","img":"https://fd9-photos.leclercdrive.fr/image.ashx?id=2909921&use=l&cat=p&typeid=i","cat":295020},{"id":228205,"n":"Nettoyant ménager AJAX Air frais coquelicots - 1.25L","p":2.78,"u":"2,22 €/L","img":"https://fd9-photos.leclercdrive.fr/image.ashx?id=2944473&use=l&cat=p&typeid=i","cat":284907},{"id":228264,"n":"AOP Cairanne Rouge Terre de Plaisir - 75cl","p":6.74,"u":"8,99 €/L","img":"https://fd9-photos.leclercdrive.fr/image.ashx?id=2707906&use=l&cat=p&typeid=i","cat":289556},{"id":228279,"n":"Ratatouille cuisinée Cassegrain À la provençale - 3x380g","p":8.78,"u":"7,70 €/KG","img":"https://fd9-photos.leclercdrive.fr/image.ashx?id=2962119&use=l&cat=p&typeid=i","cat":312612},{"id":228296,"n":"Courgettes cuisinées Cassegrain À la provençale - 3x375g","p":8.69,"u":"7,72 €/KG","img":"https://fd9-photos.leclercdrive.fr/image.ashx?id=2962122&use=l&cat=p&typeid=i","cat":312612},{"id":228355,"n":"Bière blonde Fada 5,5% - 6x25cl","p":6.12,"u":"4,08 €/L","img":"https://fd9-photos.leclercdrive.fr/image.ashx?id=2723872&use=l&cat=p&typeid=i","cat":334873},{"id":228371,"n":"Concentré à diluer Pulco Citron Offre économique - 70cl","p":2.3,"u":"3,29 €/L","img":"https://fd9-photos.leclercdrive.fr/image.ashx?id=2706882&use=l&cat=p&typeid=i","cat":295020},{"id":228396,"n":"Thé glacé Lipton Ice Tea Pêche - 6x33cl","p":2.96,"u":"1,49 €/L","img":"https://fd9-photos.leclercdrive.fr/image.ashx?id=2852471&use=l&cat=p&typeid=i","cat":295019},{"id":228460,"n":"Capsules lave-vaisselle Sun Tout-en-1 Absolu Plus 390g x26","p":7.9,"u":"20,26 €/KG","img":"https://fd9-photos.leclercdrive.fr/image.ashx?id=2960282&use=l&cat=p&typeid=i","cat":284656},{"id":228461,"n":"Spray Nettoyant Menager Cif  Cleanboost Technology - 750 ml","p":2.78,"u":"3,71 €/L","img":"https://fd9-photos.leclercdrive.fr/image.ashx?id=2866214&use=l&cat=p&typeid=i","cat":325357},{"id":228462,"n":"Spray Nettoyant 5-en-1 Cif Cuisine & Salle de Bain 750ml","p":2.05,"u":"2,73 €/L","img":"https://fd9-photos.leclercdrive.fr/image.ashx?id=2999336&use=l&cat=p&typeid=i","cat":325357},{"id":228463,"n":"Liquide vaisselle mini Paic Citron - 500ml","p":1.41,"u":"2,82 €/L","img":"https://fd9-photos.leclercdrive.fr/image.ashx?id=2708020&use=l&cat=p&typeid=i","cat":284655},{"id":228464,"n":"Recharge Adoucissant Soupline Grand Air - 1L - x45","p":3.46,"u":"3,46 €/L","img":"https://fd9-photos.leclercdrive.fr/image.ashx?id=2860598&use=l&cat=p&typeid=i","cat":284650},{"id":228465,"n":"Nettoyant ménager Ajax Fête des fleurs muguets 1.25L","p":3.06,"u":"2,45 €/L","img":"https://fd9-photos.leclercdrive.fr/image.ashx?id=2926072&use=l&cat=p&typeid=i","cat":284907},{"id":228467,"n":"Spray nettoyant ménager Ajax Salle de bain - 500ml","p":2.68,"u":"5,36 €/L","img":"https://fd9-photos.leclercdrive.fr/image.ashx?id=2708041&use=l&cat=p&typeid=i","cat":325357},{"id":228468,"n":"Spray nettoyant ménager Ajax Multi-surfaces - 500ml","p":2.68,"u":"5,36 €/L","img":"https://fd9-photos.leclercdrive.fr/image.ashx?id=2708044&use=l&cat=p&typeid=i","cat":325357},{"id":228469,"n":"Perles de linge Soupline Grand Air - 230g","p":7.3,"u":"31,74 €/KG","img":"https://fd9-photos.leclercdrive.fr/image.ashx?id=2708032&use=l&cat=p&typeid=i","cat":325302},{"id":228473,"n":"Déodorant Bulldog Original - 125ml","p":4.43,"u":"35,44 €/L","img":"https://fd9-photos.leclercdrive.fr/image.ashx?id=2708259&use=l&cat=p&typeid=i","cat":284595},{"id":228474,"n":"Déodorant Homme Adidas Pure Game - 150ml","p":2.52,"u":"16,80 €/L","img":"https://fd9-photos.leclercdrive.fr/image.ashx?id=2707888&use=l&cat=p&typeid=i","cat":284618},{"id":228477,"n":"Brosse à dents Signal Triple Action - Medium - x4","p":1.71,"u":"0,43 €/P","img":"https://fd9-photos.leclercdrive.fr/image.ashx?id=2708310&use=l&cat=p&typeid=i","cat":284614},{"id":228480,"n":"Gel Douche Dove Advanced Care Nutrition Intense 225ml","p":2.86,"u":"12,71 €/L","img":"https://fd9-photos.leclercdrive.fr/image.ashx?id=2968580&use=l&cat=p&typeid=i","cat":284594},{"id":228484,"n":"Gel Douche Dove Hydratant 450ml","p":4.05,"u":"9,00 €/L","img":"https://fd9-photos.leclercdrive.fr/image.ashx?id=2993499&use=l&cat=p&typeid=i","cat":284594},{"id":228488,"n":"Lait d'avoine original Oatly  1L","p":2.4,"u":"2,40 €/L","img":"https://fd9-photos.leclercdrive.fr/image.ashx?id=2708710&use=l&cat=p&typeid=i","cat":316067},{"id":228489,"n":"Lait d'avoine Oatly  Sans sucres 1L","p":2.46,"u":"2,46 €/L","img":"https://fd9-photos.leclercdrive.fr/image.ashx?id=2708725&use=l&cat=p&typeid=i","cat":316067},{"id":228490,"n":"Lessive liquide Le Chat  L'Expert bicarbonate x66 -2.97L","p":14.44,"u":"4,86 €/L","img":"https://fd9-photos.leclercdrive.fr/image.ashx?id=2877781&use=l&cat=p&typeid=i","cat":284640},{"id":228491,"n":"Boisson avoine chocolat Oatly  1L","p":2.5,"u":"2,50 €/L","img":"https://fd9-photos.leclercdrive.fr/image.ashx?id=2708713&use=l&cat=p&typeid=i","cat":316067},{"id":228499,"n":"Lessive liquide X-tra Total 4 en 1 x63 - 2.835L","p":8.59,"u":"3,03 €/L","img":"https://fd9-photos.leclercdrive.fr/image.ashx?id=2921561&use=l&cat=p&typeid=i","cat":284640},{"id":228501,"n":"Lessive liquide X-tra Total Savon de Marseille x63  -2.835L","p":10.43,"u":"3,68 €/L","img":"https://fd9-photos.leclercdrive.fr/image.ashx?id=2921564&use=l&cat=p&typeid=i","cat":284640},{"id":228503,"n":"Recharge lessive Maison Verte Huiles essentielles x33 -1.485L","p":6.9,"u":"4,65 €/L","img":"https://fd9-photos.leclercdrive.fr/image.ashx?id=2890625&use=l&cat=p&typeid=i","cat":284644},{"id":228506,"n":"Lessive liquide Mir Black Raviveur noir x27 - 1.35L","p":6.5,"u":"4,81 €/L","img":"https://fd9-photos.leclercdrive.fr/image.ashx?id=2881323&use=l&cat=p&typeid=i","cat":284644},{"id":228509,"n":"Lessive liquide Mir Laine Textile délicat x27 - 1.35L","p":5.86,"u":"4,34 €/L","img":"https://fd9-photos.leclercdrive.fr/image.ashx?id=2890118&use=l&cat=p&typeid=i","cat":284644},{"id":228510,"n":"Lessive liquide Super Croix X-tra Bora Bora x42 - 1.89L","p":7.57,"u":"4,01 €/L","img":"https://fd9-photos.leclercdrive.fr/image.ashx?id=2876263&use=l&cat=p&typeid=i","cat":284640},{"id":228511,"n":"Lessive liquide Maison Verte Fraîcheur d'été - 1.485L x33","p":7.33,"u":"4,94 €/L","img":"https://fd9-photos.leclercdrive.fr/image.ashx?id=2890121&use=l&cat=p&typeid=i","cat":284640},{"id":228567,"n":"Tequila Don Julio Blanco 38° - 70cl","p":38.5,"pp":34.65,"u":"49,50 €/L","img":"https://fd9-photos.leclercdrive.fr/image.ashx?id=2785034&use=l&cat=p&typeid=i","cat":284550},{"id":228631,"n":"Soda Coca-Cola Sans Sucres Canette - Pack 6x20CL","p":3.59,"u":"2,99 €/L","img":"https://fd9-photos.leclercdrive.fr/image.ashx?id=2709352&use=l&cat=p&typeid=i","cat":284530},{"id":228681,"n":"Cookies sans gluten et sans sucres ajoutés Gullon - 130g","p":2.01,"u":"15,46 €/KG","img":"https://fd9-photos.leclercdrive.fr/image.ashx?id=2709370&use=l&cat=p&typeid=i","cat":325066},{"id":228709,"n":"Briquet Bic maxi électronique J38 x2","p":3.25,"u":"1,63 €/P","img":"https://fd9-photos.leclercdrive.fr/image.ashx?id=2887617&use=l&cat=p&typeid=i","cat":300578},{"id":228718,"n":"Boisson base de vin blanc Sans alcool La Vie en Zéro 75cl","p":5.31,"u":"7,08 €/L","img":"https://fd9-photos.leclercdrive.fr/image.ashx?id=2734471&use=l&cat=p&typeid=i","cat":289557},{"id":228764,"n":"Bouillabaisse du soleil Aux épices - 1.5kg","p":6.49,"u":"4,33 €/KG","img":"https://fd9-photos.leclercdrive.fr/image.ashx?id=2710125&use=l&cat=p&typeid=i","cat":284254},{"id":228776,"n":"Beurre tendre doux Président  60% MG - 200g","p":1.98,"u":"9,90 €/KG","img":"https://fd9-photos.leclercdrive.fr/image.ashx?id=2710529&use=l&cat=p&typeid=i","cat":284379},{"id":228862,"n":"Lait bébé Candia Baby croissance 3ème âge - 18x25cl","p":9.19,"u":"2,04 €/L","img":"https://fd9-photos.leclercdrive.fr/image.ashx?id=2963367&use=l&cat=p&typeid=i","cat":284728},{"id":228914,"n":"Saucisse sèche pur porc  IGP Ardèche - 250g","p":7.76,"u":"31,04 €/KG","img":"https://fd9-photos.leclercdrive.fr/image.ashx?id=2891049&use=l&cat=p&typeid=i","cat":316006},{"id":228932,"n":"Lait croissance Guigoz Optipro 3 - 6x500ml","p":7.84,"u":"2,61 €/L","img":"https://fd9-photos.leclercdrive.fr/image.ashx?id=2712139&use=l&cat=p&typeid=i","cat":284728},{"id":228935,"n":"Dessert P'tit brassé Nestlé Banane mangue céréales 2x115g","p":1.77,"u":"7,70 €/KG","img":"https://fd9-photos.leclercdrive.fr/image.ashx?id=2712127&use=l&cat=p&typeid=i","cat":312392},{"id":228948,"n":"Biscuits Mulino Bianco Nascondini - 330g","p":4.73,"u":"14,33 €/KG","img":"https://fd9-photos.leclercdrive.fr/image.ashx?id=2850258&use=l&cat=p&typeid=i","cat":289010},{"id":228950,"n":"Biscuits Mulino Bianco Macine - 350g","p":3.36,"u":"9,60 €/KG","img":"https://fd9-photos.leclercdrive.fr/image.ashx?id=2880567&use=l&cat=p&typeid=i","cat":289010},{"id":228952,"n":"Biscuits Mulino Bianco Galetti - 350g","p":3.75,"u":"10,71 €/KG","img":"https://fd9-photos.leclercdrive.fr/image.ashx?id=2850252&use=l&cat=p&typeid=i","cat":289010},{"id":228953,"n":"Boisson Gazeuse Maison Perrier Magnetic Juice Ananas 4x25cl","p":3.01,"u":"3,01 €/L","img":"https://fd9-photos.leclercdrive.fr/image.ashx?id=2924890&use=l&cat=p&typeid=i","cat":284536},{"id":228963,"n":"Thé noir en vrac Lipton à l'Orange d'Espagne - 150g","p":6.64,"u":"44,27 €/KG","img":"https://fd9-photos.leclercdrive.fr/image.ashx?id=2746316&use=l&cat=p&typeid=i","cat":293234},{"id":228966,"n":"Infusion Pukka Bio Digestion - x20 - 40g","p":4.12,"u":"103,00 €/KG","img":"https://fd9-photos.leclercdrive.fr/image.ashx?id=2903719&use=l&cat=p&typeid=i","cat":293234},{"id":228969,"n":"Infusion Pukka bio Nuit enchanté x20 - 32g","p":4.17,"u":"130,31 €/KG","img":"https://fd9-photos.leclercdrive.fr/image.ashx?id=2938824&use=l&cat=p&typeid=i","cat":293234},{"id":228972,"n":"Chips Tortilla Doritos Cheese - 250g","p":2.45,"u":"9,80 €/KG","img":"https://fd9-photos.leclercdrive.fr/image.ashx?id=2901788&use=l&cat=p&typeid=i","cat":287899},{"id":228974,"n":"Chips Tortilla Doritos Nature corn - 250g","p":2.45,"u":"9,80 €/KG","img":"https://fd9-photos.leclercdrive.fr/image.ashx?id=2986224&use=l&cat=p&typeid=i","cat":287899},{"id":228976,"n":"Infusion Saveurs du soir Lipton Grand sud - 32g","p":1.16,"u":"36,25 €/KG","img":"https://fd9-photos.leclercdrive.fr/image.ashx?id=2718741&use=l&cat=p&typeid=i","cat":293234},{"id":228995,"n":"Coffret thé noir Lipton Sensations x50 - 82g","p":9.5,"pp":6.65,"u":"81,10 €/KG","img":"https://fd9-photos.leclercdrive.fr/image.ashx?id=2719636&use=l&cat=p&typeid=i","cat":293233},{"id":228996,"n":"Pare-soleil Tech9 Pare-brise avant - 175x90cm","p":6.2,"img":"https://fd9-photos.leclercdrive.fr/image.ashx?id=2712361&use=l&cat=p&typeid=i","cat":298252},{"id":229001,"n":"Biscuits mini fourrés BN  Framboise - x5 - 175g","p":2.09,"u":"11,94 €/KG","img":"https://fd9-photos.leclercdrive.fr/image.ashx?id=2748230&use=l&cat=p&typeid=i","cat":284489},{"id":229002,"n":"Chips Tuiles Pringles HOT Flamin' Cheese - 160g","p":2.06,"u":"12,88 €/KG","img":"https://fd9-photos.leclercdrive.fr/image.ashx?id=2927609&use=l&cat=p&typeid=i","cat":287899},{"id":229011,"n":"Mini tortillas Old El Paso Street Vibes x8 - 220g","p":1.48,"u":"6,73 €/KG","img":"https://fd9-photos.leclercdrive.fr/image.ashx?id=2858288&use=l&cat=p&typeid=i","cat":288993},{"id":229044,"n":"Mini naans Sharwood's  X4 - 260g","p":2.35,"u":"9,04 €/KG","img":"https://fd9-photos.leclercdrive.fr/image.ashx?id=2850165&use=l&cat=p&typeid=i","cat":289012},{"id":229061,"n":"Sauce soja salée Tanoshi 200ml","p":3.25,"u":"16,25 €/L","img":"https://fd9-photos.leclercdrive.fr/image.ashx?id=2921603&use=l&cat=p&typeid=i","cat":288992},{"id":229063,"n":"Pepites 3 chocolats  Sainte Lucie - 100g","p":3.13,"u":"31,30 €/KG","img":"https://fd9-photos.leclercdrive.fr/image.ashx?id=2774349&use=l&cat=p&typeid=i","cat":284504},{"id":229065,"n":"Sauce soja  Kikkoman 1L","p":10.31,"u":"10,31 €/L","img":"https://fd9-photos.leclercdrive.fr/image.ashx?id=2849373&use=l&cat=p&typeid=i","cat":288992},{"id":229102,"n":"Capsule Nescafé Farmers Origins  Africas Int 10 - x18","p":4.25,"u":"53,80 €/KG","img":"https://fd9-photos.leclercdrive.fr/image.ashx?id=2714588&use=l&cat=p&typeid=i","cat":284749},{"id":229116,"n":"Glace à l'eau Mr.Freeze Giant 8x105ml","p":2.69,"u":"3,20 €/L","img":"https://fd9-photos.leclercdrive.fr/image.ashx?id=2713359&use=l&cat=p&typeid=i","cat":284265},{"id":229117,"n":"Noisettes décortiquées  Couleurs Vives - 175g","p":2.99,"u":"17,09 €/KG","img":"https://fd9-photos.leclercdrive.fr/image.ashx?id=2713661&use=l&cat=p&typeid=i","cat":284357},{"id":229125,"n":"Ampoules led standard B22 60w - x3","p":3.69,"u":"Dont 0,86 € d'éco-part.","img":"https://fd9-photos.leclercdrive.fr/image.ashx?id=2713500&use=l&cat=p&typeid=i","cat":300573},{"id":229127,"n":"Ampoules led Flamme E14 40w - x3","p":3.99,"u":"Dont 0,86 € d'éco-part.","img":"https://fd9-photos.leclercdrive.fr/image.ashx?id=2713503&use=l&cat=p&typeid=i","cat":300573},{"id":229156,"n":"Vin efferverscent Perlino Prosecco brut - 75cl","p":7.62,"u":"10,16 €/L","img":"https://fd9-photos.leclercdrive.fr/image.ashx?id=2873333&use=l&cat=p&typeid=i","cat":289461},{"id":229159,"n":"Jus Tropicana Juicy  Pomme Cassis Framboise - 1,5L","p":1.75,"u":"1,17 €/L","img":"https://fd9-photos.leclercdrive.fr/image.ashx?id=3010801&use=l&cat=p&typeid=i","cat":284915},{"id":229164,"n":"Les 16 macarons irrésistibles  Exotiques - Coffret 16 pièces","p":11.65,"u":"0,73 €/P","img":"https://fd9-photos.leclercdrive.fr/image.ashx?id=2992242&use=l&cat=p&typeid=i","cat":284360},{"id":229167,"n":"Eau de source Cristaline  Petillante - 6x33cl","p":2.08,"u":"1,05 €/L","img":"https://fd9-photos.leclercdrive.fr/image.ashx?id=2714018&use=l&cat=p&typeid=i","cat":284536},{"id":229170,"n":"Bière aromatisée Desperados  Tropical - 12x33cl","p":17.86,"u":"4,51 €/L","img":"https://fd9-photos.leclercdrive.fr/image.ashx?id=2981491&use=l&cat=p&typeid=i","cat":334878},{"id":229191,"n":"Bâtonnets Gino Jose Salge au cola - 6x85g","p":3.6,"u":"7,06 €/KG","img":"https://fd9-photos.leclercdrive.fr/image.ashx?id=2721961&use=l&cat=p&typeid=i","cat":284265},{"id":229224,"n":"Glace pâte à tartiner Nutella 230g","p":3.83,"pp":1.91,"u":"8,30 €/KG","img":"https://fd9-photos.leclercdrive.fr/image.ashx?id=2905672&use=l&cat=p&typeid=i","cat":284725},{"id":229288,"n":"Glace Carte d'Or Café - 374g","p":2.82,"pp":1.97,"u":"5,27 €/KG","img":"https://fd9-photos.leclercdrive.fr/image.ashx?id=2973348&use=l&cat=p&typeid=i","cat":284263},{"id":229289,"n":"Glace Carte d'Or Chocolat Noir - 374g","p":2.69,"pp":1.88,"u":"5,03 €/KG","img":"https://fd9-photos.leclercdrive.fr/image.ashx?id=2849370&use=l&cat=p&typeid=i","cat":284263},{"id":229291,"n":"Glace Carte d'Or Rhum raisin - 394g","p":2.92,"pp":2.04,"u":"5,18 €/KG","img":"https://fd9-photos.leclercdrive.fr/image.ashx?id=3009305&use=l&cat=p&typeid=i","cat":284263},{"id":229292,"n":"Glace Carte d'Or Caramel fleur de sel - 373g","p":2.75,"pp":1.92,"u":"5,15 €/KG","img":"https://fd9-photos.leclercdrive.fr/image.ashx?id=3009302&use=l&cat=p&typeid=i","cat":284263},{"id":229293,"n":"Crème Glacée Carte D'Or crème  de Vanille de Madagascar 700ml","p":3.27,"pp":2.29,"u":"6,24 €/KG","img":"https://fd9-photos.leclercdrive.fr/image.ashx?id=2793062&use=l&cat=p&typeid=i","cat":284263},{"id":229295,"n":"Glace Carte d'Or Citron de Sicile - 453g","p":3.19,"pp":2.23,"u":"4,92 €/KG","img":"https://fd9-photos.leclercdrive.fr/image.ashx?id=2769251&use=l&cat=p&typeid=i","cat":284263},{"id":229335,"n":"Donuts The Simpsons Brown x4 - 220g","p":3.91,"u":"17,77 €/KG","img":"https://fd9-photos.leclercdrive.fr/image.ashx?id=2716606&use=l&cat=p&typeid=i","cat":284360},{"id":229336,"n":"Donuts The Simpsons Pink x4 - 220g","p":3.89,"u":"17,68 €/KG","img":"https://fd9-photos.leclercdrive.fr/image.ashx?id=2716603&use=l&cat=p&typeid=i","cat":284360},{"id":229360,"n":"Eponges grattantes vertes Classic \"Nicols\" - x12","p":2.99,"img":"https://fd9-photos.leclercdrive.fr/image.ashx?id=2716660&use=l&cat=p&typeid=i","cat":284667},{"id":229371,"n":"Sense & Spray \"Glade\" Romantic Vanilla Blossom - 18ml","p":6.93,"pp":4.16,"u":"231,11 €/L","img":"https://fd9-photos.leclercdrive.fr/image.ashx?id=2716609&use=l&cat=p&typeid=i","cat":311629},{"id":229394,"n":"Crème glacée La Laitière Café - 490g","p":3.24,"pp":2.27,"u":"4,63 €/KG","img":"https://fd9-photos.leclercdrive.fr/image.ashx?id=3000021&use=l&cat=p&typeid=i","cat":284263},{"id":229395,"n":"Crème glacée La Laitière Menthe Chocolat - 490g","p":3.24,"pp":2.27,"u":"4,63 €/KG","img":"https://fd9-photos.leclercdrive.fr/image.ashx?id=2877889&use=l&cat=p&typeid=i","cat":284263},{"id":229413,"n":"Spray Citronnelle Marie Rose Répulsif & apaisant - 100ml","p":5.5,"u":"55,00 €/L","img":"https://fd9-photos.leclercdrive.fr/image.ashx?id=2973580&use=l&cat=p&typeid=i","cat":299654},{"id":229419,"n":"Grilletine Pasquier Biscuitée x18 - 255g","p":2.23,"u":"8,75 €/KG","img":"https://fd9-photos.leclercdrive.fr/image.ashx?id=2716177&use=l&cat=p&typeid=i","cat":284479},{"id":229466,"n":"BISCOTTE AIXOISES NORMALES","p":2.83,"u":"10,11 €/KG","img":"https://fd9-photos.leclercdrive.fr/image.ashx?id=2717628&use=l&cat=p&typeid=i","cat":284479},{"id":229497,"n":"Chips Lay's  Bolognaise - 130g","p":1.44,"u":"11,08 €/KG","img":"https://fd9-photos.leclercdrive.fr/image.ashx?id=3011149&use=l&cat=p&typeid=i","cat":284447},{"id":229498,"n":"Chips Lay's Moutarde pickles - 135g","p":1.62,"u":"12,00 €/KG","img":"https://fd9-photos.leclercdrive.fr/image.ashx?id=3011152&use=l&cat=p&typeid=i","cat":284447},{"id":229517,"n":"Soda au cola Pepsi Zéro sucres Le lot de 6x33cl canettes","p":2.7,"u":"1,36 €/L","img":"https://fd9-photos.leclercdrive.fr/image.ashx?id=2773391&use=l&cat=p&typeid=i","cat":284530},{"id":229523,"n":"Thé glacé Lipton Ice Tea Pêche Le lot de 12x33cl canettes","p":6.74,"u":"1,70 €/L","img":"https://fd9-photos.leclercdrive.fr/image.ashx?id=2717550&use=l&cat=p&typeid=i","cat":295019},{"id":229524,"n":"Thé glacé pétillant Lipton Ice Tea pêche - canettes 6x33cl","p":3.76,"u":"1,90 €/L","img":"https://fd9-photos.leclercdrive.fr/image.ashx?id=2900833&use=l&cat=p&typeid=i","cat":295019},{"id":229546,"n":"Cassonade Saint Louis 1kg","p":2.71,"u":"2,71 €/KG","img":"https://fd9-photos.leclercdrive.fr/image.ashx?id=2717595&use=l&cat=p&typeid=i","cat":284502},{"id":229593,"n":"Tablettes lave-vaisselle Visior Tout en 1 citron x45 - 765g","p":5.79,"u":"7,57 €/KG","img":"https://fd9-photos.leclercdrive.fr/image.ashx?id=2954905&use=l&cat=p&typeid=i","cat":284656},{"id":229603,"n":"Vin de France rosé Papote  75cl","p":3.9,"u":"5,20 €/L","img":"https://fd9-photos.leclercdrive.fr/image.ashx?id=2717568&use=l&cat=p&typeid=i","cat":289558},{"id":229605,"n":"Vin de France rouge 75cl","p":3.9,"u":"5,20 €/L","img":"https://fd9-photos.leclercdrive.fr/image.ashx?id=2717565&use=l&cat=p&typeid=i","cat":289556},{"id":229612,"n":"Prosecco  Eco+ 75cl","p":3.99,"u":"5,32 €/L","img":"https://fd9-photos.leclercdrive.fr/image.ashx?id=2931760&use=l&cat=p&typeid=i","cat":289461},{"id":229614,"n":"Jus tropical Tropicana 1.5L","p":1.8,"u":"1,20 €/L","img":"https://fd9-photos.leclercdrive.fr/image.ashx?id=3010798&use=l&cat=p&typeid=i","cat":284916},{"id":229762,"n":"Café capsules L'OR Espresso Delizioso - x50 - 260g","p":12.29,"u":"47,27 €/KG","img":"https://fd9-photos.leclercdrive.fr/image.ashx?id=2719861&use=l&cat=p&typeid=i","cat":284749},{"id":229765,"n":"Café capsules L'OR Espresso Forza - x50 - 260g","p":12.26,"u":"47,15 €/KG","img":"https://fd9-photos.leclercdrive.fr/image.ashx?id=2719864&use=l&cat=p&typeid=i","cat":284749},{"id":229769,"n":"Café capsules L'OR Espresso Ristretto - x50 - 260g","p":12.26,"u":"47,15 €/KG","img":"https://fd9-photos.leclercdrive.fr/image.ashx?id=2719867&use=l&cat=p&typeid=i","cat":284749},{"id":229770,"n":"Café capsules L'OR Espresso Splendente - x50 - 260g","p":12.32,"u":"47,38 €/KG","img":"https://fd9-photos.leclercdrive.fr/image.ashx?id=2719870&use=l&cat=p&typeid=i","cat":284749},{"id":229811,"n":"Crème fixative Polident Original 0% -44g -","p":3.79,"u":"86,14 €/KG","img":"https://fd9-photos.leclercdrive.fr/image.ashx?id=2719615&use=l&cat=p&typeid=i","cat":285158},{"id":229814,"n":"Crème fixative Polident Original 0% - 77g","p":5.86,"u":"76,10 €/KG","img":"https://fd9-photos.leclercdrive.fr/image.ashx?id=2719618&use=l&cat=p&typeid=i","cat":285158},{"id":229846,"n":"Serviettes fuites urinaires  Always Discreet - 3x10p","p":9.8,"u":"0,33 €/P","img":"https://fd9-photos.leclercdrive.fr/image.ashx?id=2721433&use=l&cat=p&typeid=i","cat":284628},{"id":229847,"n":"Serviettes fuites urinaires Always Discreet - x18p","p":9.83,"u":"0,55 €/P","img":"https://fd9-photos.leclercdrive.fr/image.ashx?id=2721436&use=l&cat=p&typeid=i","cat":284628},{"id":229848,"n":"Serviettes fuites urinaires Always Discreet - x24","p":9.83,"u":"0,41 €/P","img":"https://fd9-photos.leclercdrive.fr/image.ashx?id=2721439&use=l&cat=p&typeid=i","cat":284628},{"id":229850,"n":"Serviettes fuites urinaires Always Distreet - x36","p":9.8,"u":"0,27 €/P","img":"https://fd9-photos.leclercdrive.fr/image.ashx?id=2902430&use=l&cat=p&typeid=i","cat":284628},{"id":229852,"n":"Serviettes fuites urinaires  Always Distreet - x24","p":12.29,"u":"0,51 €/P","img":"https://fd9-photos.leclercdrive.fr/image.ashx?id=2721451&use=l&cat=p&typeid=i","cat":284628},{"id":229853,"n":"Serviettes fuites urinaires Always Distreet - x24","p":12.29,"u":"0,51 €/P","img":"https://fd9-photos.leclercdrive.fr/image.ashx?id=2818157&use=l&cat=p&typeid=i","cat":284628},{"id":229879,"n":"Apéritif Campari 25% vol - 70cl","p":15.24,"u":"21,77 €/L","img":"https://fd9-photos.leclercdrive.fr/image.ashx?id=3009155&use=l&cat=p&typeid=i","cat":286032},{"id":229891,"n":"Pain de mie complet Harrys Sandwich Sans sucre ajouté 600g","p":1.8,"u":"3,00 €/KG","img":"https://fd9-photos.leclercdrive.fr/image.ashx?id=2962473&use=l&cat=p&typeid=i","cat":284477},{"id":229893,"n":"Pain de mie complet Harrys Sandwich Sans sucre ajouté 900g","p":2.41,"u":"2,68 €/KG","img":"https://fd9-photos.leclercdrive.fr/image.ashx?id=2962476&use=l&cat=p&typeid=i","cat":284477},{"id":229896,"n":"Pain de mie nature Harrys American Sandwich 550g","p":1.69,"u":"3,07 €/KG","img":"https://fd9-photos.leclercdrive.fr/image.ashx?id=2962446&use=l&cat=p&typeid=i","cat":284477},{"id":229897,"n":"Pain de mie nature Harrys Sandwich Sans sucre ajouté 825g","p":2.31,"u":"2,80 €/KG","img":"https://fd9-photos.leclercdrive.fr/image.ashx?id=2962449&use=l&cat=p&typeid=i","cat":284477},{"id":229920,"n":"Pain de mie rustique Harrys Sandwich Sans sucre ajouté 500g","p":2.38,"u":"4,76 €/KG","img":"https://fd9-photos.leclercdrive.fr/image.ashx?id=2962458&use=l&cat=p&typeid=i","cat":284477},{"id":229921,"n":"Pain de mie céréales Harrys Sandwich Sans sucre ajouté 550g","p":1.94,"u":"3,53 €/KG","img":"https://fd9-photos.leclercdrive.fr/image.ashx?id=2962452&use=l&cat=p&typeid=i","cat":284477},{"id":229960,"n":"Bâtonnets Yeti Super Mario  Superfruit x6 - 360g","p":3.32,"u":"9,22 €/KG","img":"https://fd9-photos.leclercdrive.fr/image.ashx?id=2733850&use=l&cat=p&typeid=i","cat":285250},{"id":229982,"n":"Coulommiers Eco+ 320g","p":1.78,"u":"5,56 €/KG","img":"https://fd9-photos.leclercdrive.fr/image.ashx?id=2726824&use=l&cat=p&typeid=i","cat":314033},{"id":229984,"n":"Poudre énergétique Isostar Pamplemousse  400g","p":6.28,"u":"15,70 €/KG","img":"https://fd9-photos.leclercdrive.fr/image.ashx?id=2719651&use=l&cat=p&typeid=i","cat":313217},{"id":230095,"n":"Barre chocolatée Kitkat Noisette - x4 - 166g","p":2.58,"u":"15,54 €/KG","img":"https://fd9-photos.leclercdrive.fr/image.ashx?id=2895056&use=l&cat=p&typeid=i","cat":284498},{"id":230146,"n":"Tablette chocolat Pure Via  100g","p":2.58,"u":"25,80 €/KG","img":"https://fd9-photos.leclercdrive.fr/image.ashx?id=2789934&use=l&cat=p&typeid=i","cat":284956},{"id":230147,"n":"Tablette chocolat Pure Via Eclats de noisettes - 100g","p":2.35,"u":"23,50 €/KG","img":"https://fd9-photos.leclercdrive.fr/image.ashx?id=2789937&use=l&cat=p&typeid=i","cat":284497},{"id":230160,"n":"Chocolat gianduja Novi Noisettes - 130g","p":2.62,"u":"20,15 €/KG","img":"https://fd9-photos.leclercdrive.fr/image.ashx?id=2778602&use=l&cat=p&typeid=i","cat":284497},{"id":230162,"n":"Tablette de chocolat Lindt Excellence noir gaufrette  100g","p":2.66,"u":"26,60 €/KG","img":"https://fd9-photos.leclercdrive.fr/image.ashx?id=2720437&use=l&cat=p&typeid=i","cat":284956},{"id":230167,"n":"Lessive liquide X-tra Total  Ecopack  x41 - 1.845L","p":6.82,"u":"3,70 €/L","img":"https://fd9-photos.leclercdrive.fr/image.ashx?id=2890124&use=l&cat=p&typeid=i","cat":284640},{"id":230171,"n":"Bière Picon 1L","p":10.29,"u":"10,29 €/L","img":"https://fd9-photos.leclercdrive.fr/image.ashx?id=2720908&use=l&cat=p&typeid=i","cat":334872},{"id":230174,"n":"Bière blonde Fischer Tradition 6% - 66cl","p":1.85,"u":"2,80 €/L","img":"https://fd9-photos.leclercdrive.fr/image.ashx?id=3008128&use=l&cat=p&typeid=i","cat":334873},{"id":230176,"n":"Le Comté Président affiné 6 mois 200g","p":3.57,"u":"17,85 €/KG","img":"https://fd9-photos.leclercdrive.fr/image.ashx?id=2721730&use=l&cat=p&typeid=i","cat":314034},{"id":230198,"n":"Gel nettoyant WC La Croix Ultra WC - 750ml","p":1.28,"u":"1,71 €/L","img":"https://fd9-photos.leclercdrive.fr/image.ashx?id=2721531&use=l&cat=p&typeid=i","cat":284662},{"id":230251,"n":"Lot de 3 Terrines  Jean Brunet - 3x90g","p":3.54,"u":"13,11 €/KG","img":"https://fd9-photos.leclercdrive.fr/image.ashx?id=2758377&use=l&cat=p&typeid=i","cat":305148},{"id":230306,"n":"Saucisson secs Saint Azay Fromage de chèvre - 100g","p":2.29,"u":"22,90 €/KG","img":"https://fd9-photos.leclercdrive.fr/image.ashx?id=2721398&use=l&cat=p&typeid=i","cat":316006},{"id":230313,"n":"AOP vin rouge Beaujolais Arnaud Au Coeur Vieilles Vigne - 75 CL","p":9.69,"u":"12,92 €/L","img":"https://fd9-photos.leclercdrive.fr/image.ashx?id=2721973&use=l&cat=p&typeid=i","cat":289556},{"id":230318,"n":"Talc boîte poudreuse Felce Azzurra - 200g","p":2.66,"u":"13,30 €/KG","img":"https://fd9-photos.leclercdrive.fr/image.ashx?id=2938935&use=l&cat=p&typeid=i","cat":284741},{"id":230319,"n":"Fromage Fol Epi Caractère x6 - 130g","p":2.48,"u":"19,08 €/KG","img":"https://fd9-photos.leclercdrive.fr/image.ashx?id=2765931&use=l&cat=p&typeid=i","cat":314028},{"id":230324,"n":"AOP Grand Vin de Reignac  Vin rouge - 75cl","p":22.21,"u":"29,61 €/L","img":"https://fd9-photos.leclercdrive.fr/image.ashx?id=2721895&use=l&cat=p&typeid=i","cat":289556},{"id":230326,"n":"AOP vin rouge Fronsac Château de la rivière - 75cl","p":15.49,"u":"20,65 €/L","img":"https://fd9-photos.leclercdrive.fr/image.ashx?id=2939919&use=l&cat=p&typeid=i","cat":289556},{"id":230335,"n":"AOP Saint  Estephe vin rouge Puy Castera - HVE 75cl","p":10.66,"u":"14,21 €/L","img":"https://fd9-photos.leclercdrive.fr/image.ashx?id=2866789&use=l&cat=p&typeid=i","cat":289556},{"id":230365,"n":"AOP vin blanc Côtes du Rhône  Romain Duvernay - 75cl","p":5.91,"u":"7,88 €/L","img":"https://fd9-photos.leclercdrive.fr/image.ashx?id=2722009&use=l&cat=p&typeid=i","cat":289557},{"id":230596,"n":"Colin à la Bordelaise Findus  MSC - 380g","p":4.1,"u":"10,79 €/KG","img":"https://fd9-photos.leclercdrive.fr/image.ashx?id=2899503&use=l&cat=p&typeid=i","cat":319786},{"id":230634,"n":"Dattes Deglet Nour Eco+ Barquette 500g","p":1.94,"u":"3,88 €/KG","img":"https://fd9-photos.leclercdrive.fr/image.ashx?id=2747196&use=l&cat=p&typeid=i","cat":284357},{"id":230637,"n":"Abricots secs Eco+ 500g","p":4.99,"u":"9,98 €/KG","img":"https://fd9-photos.leclercdrive.fr/image.ashx?id=2754871&use=l&cat=p&typeid=i","cat":284357},{"id":230707,"n":"Poisson à la Bordelaise Fleury Michon - 300g","p":3.68,"u":"12,27 €/KG","img":"https://fd9-photos.leclercdrive.fr/image.ashx?id=3003239&use=l&cat=p&typeid=i","cat":333665},{"id":230709,"n":"Mini tartinade Daunat Thon - 130g","p":1.95,"u":"15,00 €/KG","img":"https://fd9-photos.leclercdrive.fr/image.ashx?id=2723794&use=l&cat=p&typeid=i","cat":333658},{"id":230740,"n":"Serviettes incontinence Eco+ Extra - x10","p":1.68,"img":"https://fd9-photos.leclercdrive.fr/image.ashx?id=2722979&use=l&cat=p&typeid=i","cat":284628},{"id":230754,"n":"Huile solaire Lovea Solaire - SPF30 - 150ml","p":12.49,"u":"83,27 €/L","img":"https://fd9-photos.leclercdrive.fr/image.ashx?id=2723827&use=l&cat=p&typeid=i","cat":325349},{"id":230757,"n":"Crème fixante Polident Soin & tolérance 0% - 44g","p":4.33,"u":"98,41 €/KG","img":"https://fd9-photos.leclercdrive.fr/image.ashx?id=2723893&use=l&cat=p&typeid=i","cat":285158},{"id":230758,"n":"Dentifrice Oral-B 3D White Arctic Fresh - 75ml","p":3.55,"u":"47,33 €/L","img":"https://fd9-photos.leclercdrive.fr/image.ashx?id=2902385&use=l&cat=p&typeid=i","cat":284612},{"id":230761,"n":"Beurre doux Paysan Breton 250g","p":3.07,"u":"12,28 €/KG","img":"https://fd9-photos.leclercdrive.fr/image.ashx?id=2959460&use=l&cat=p&typeid=i","cat":284379},{"id":230778,"n":"Purée façon écrasé Dahl Yooji Bio - Dès 8 mois - 400g","p":3.66,"u":"9,15 €/KG","img":"https://fd9-photos.leclercdrive.fr/image.ashx?id=2723869&use=l&cat=p&typeid=i","cat":290631},{"id":230781,"n":"Chips Street food Vico Saveur poulet Tex Mex - 120g","p":1.36,"u":"11,33 €/KG","img":"https://fd9-photos.leclercdrive.fr/image.ashx?id=3000099&use=l&cat=p&typeid=i","cat":284447},{"id":231020,"n":"Tube harissa El Manar - 70g","p":0.61,"u":"8,71 €/KG","img":"https://fd9-photos.leclercdrive.fr/image.ashx?id=2725810&use=l&cat=p&typeid=i","cat":289013},{"id":231084,"n":"Taille-crayon Esquisse Gris avec réserve 2 trous","p":1.1,"img":"https://fd9-photos.leclercdrive.fr/image.ashx?id=2724705&use=l&cat=p&typeid=i","cat":334133},{"id":231095,"n":"Mayonnaise de Dijon Amora 605g","p":3.27,"u":"5,40 €/KG","img":"https://fd9-photos.leclercdrive.fr/image.ashx?id=2877292&use=l&cat=p&typeid=i","cat":298295},{"id":231114,"n":"Compotes gourdes Pom'Potes 5 fruits rouges/oranges 5.76kg","p":30.99,"u":"5,38 €/KG","img":"https://fd9-photos.leclercdrive.fr/image.ashx?id=2977264&use=l&cat=p&typeid=i","cat":284508},{"id":231122,"n":"Compotes gourdes Pom'Potes 5 fruits jaunes/exotiques 5.7kg","p":30.99,"u":"5,38 €/KG","img":"https://fd9-photos.leclercdrive.fr/image.ashx?id=2977267&use=l&cat=p&typeid=i","cat":284508},{"id":231149,"n":"Confiture Bonne Maman Framboise 370g + 20% offert","p":2.3,"u":"5,18 €/KG","img":"https://fd9-photos.leclercdrive.fr/image.ashx?id=2726212&use=l&cat=p&typeid=i","cat":284480},{"id":231150,"n":"Confiture Bonne Maman Myrtilles 370g + 20% offert","p":2.56,"u":"5,77 €/KG","img":"https://fd9-photos.leclercdrive.fr/image.ashx?id=2726215&use=l&cat=p&typeid=i","cat":284480},{"id":231152,"n":"Sardines Les Dieux Huile d'olive piment - 115g","p":2.29,"u":"19,91 €/KG","img":"https://fd9-photos.leclercdrive.fr/image.ashx?id=2726155&use=l&cat=p&typeid=i","cat":305146},{"id":231160,"n":"Chips Tortilla Doritos - Nature 160g+10% Offerts - 176g","p":1.77,"u":"10,06 €/KG","img":"https://fd9-photos.leclercdrive.fr/image.ashx?id=3014479&use=l&cat=p&typeid=i","cat":287899},{"id":231181,"n":"Capsules Absolu + Bicarbonate Sun - Lave-vaiselle x26 - 390g","p":7.9,"u":"20,26 €/KG","img":"https://fd9-photos.leclercdrive.fr/image.ashx?id=2960279&use=l&cat=p&typeid=i","cat":284656},{"id":231187,"n":"Dentifrice Signal - Intense Extra-Fraîcheur - 3x75ml","p":5.39,"u":"23,96 €/L","img":"https://fd9-photos.leclercdrive.fr/image.ashx?id=2743706&use=l&cat=p&typeid=i","cat":284612},{"id":231188,"n":"Dentifrice Signal - 1 Semaine Système Blancheur - 3x75ml","p":5.41,"u":"24,04 €/L","img":"https://fd9-photos.leclercdrive.fr/image.ashx?id=2740919&use=l&cat=p&typeid=i","cat":284612},{"id":231190,"n":"Signal - Eclat Brillance Système Blancheur - 3x75ml","p":5.41,"u":"24,04 €/L","img":"https://fd9-photos.leclercdrive.fr/image.ashx?id=2743700&use=l&cat=p&typeid=i","cat":284612},{"id":231191,"n":"Dentifrice Signal - Charbon Système Blancheur - 3x75ml","p":5.48,"u":"24,36 €/L","img":"https://fd9-photos.leclercdrive.fr/image.ashx?id=2743709&use=l&cat=p&typeid=i","cat":284612},{"id":231192,"n":"Papier toilette humide Kleenex Pure - x38","p":1.9,"img":"https://fd9-photos.leclercdrive.fr/image.ashx?id=2862857&use=l&cat=p&typeid=i","cat":284634},{"id":231201,"n":"Lessive liquide X-tra Total Savon de Marseille x44 - 1.98L","p":8.5,"u":"4,29 €/L","img":"https://fd9-photos.leclercdrive.fr/image.ashx?id=2890631&use=l&cat=p&typeid=i","cat":284640},{"id":231203,"n":"Lessive liquide Super Croix  X-tra Japon x42- 1.89L","p":8.78,"u":"4,65 €/L","img":"https://fd9-photos.leclercdrive.fr/image.ashx?id=2876272&use=l&cat=p&typeid=i","cat":284640},{"id":231215,"n":"Crevettes panées Pescanova 300 g","p":7.33,"u":"24,43 €/KG","img":"https://fd9-photos.leclercdrive.fr/image.ashx?id=2790699&use=l&cat=p&typeid=i","cat":319787},{"id":231228,"n":"Doomino chocolat St Michel 8+4 offerts - 360g","p":2.04,"u":"5,67 €/KG","img":"https://fd9-photos.leclercdrive.fr/image.ashx?id=2986290&use=l&cat=p&typeid=i","cat":284495},{"id":231282,"n":"Chips Street food Vico  Saveur tzatziki - 120g","p":1.38,"u":"11,50 €/KG","img":"https://fd9-photos.leclercdrive.fr/image.ashx?id=2985192&use=l&cat=p&typeid=i","cat":284447},{"id":231301,"n":"Nouilles au poulet  Tables du Monde - 900g","p":5.19,"u":"5,77 €/KG","img":"https://fd9-photos.leclercdrive.fr/image.ashx?id=2726794&use=l&cat=p&typeid=i","cat":284254},{"id":231313,"n":"Arrangé Isautier Café  50cl","p":14.32,"u":"28,64 €/L","img":"https://fd9-photos.leclercdrive.fr/image.ashx?id=2728474&use=l&cat=p&typeid=i","cat":284551},{"id":231321,"n":"Poêlée de légumes du soleil  Magda -  600g","p":5.71,"u":"9,52 €/KG","img":"https://fd9-photos.leclercdrive.fr/image.ashx?id=2743310&use=l&cat=p&typeid=i","cat":319823},{"id":231368,"n":"Capsules café L'Or Espresso Supremo N°10 x30","p":9.04,"u":"57,95 €/KG","img":"https://fd9-photos.leclercdrive.fr/image.ashx?id=2788052&use=l&cat=p&typeid=i","cat":284749},{"id":231369,"n":"Capsules café L'Or Espresso Splendente N°7 x30","p":9.04,"u":"57,95 €/KG","img":"https://fd9-photos.leclercdrive.fr/image.ashx?id=2728846&use=l&cat=p&typeid=i","cat":284749},{"id":231370,"n":"Capsules café L'Or Espresso Ristretto N°11 x30","p":9.04,"u":"57,95 €/KG","img":"https://fd9-photos.leclercdrive.fr/image.ashx?id=2728843&use=l&cat=p&typeid=i","cat":284749},{"id":231371,"n":"Capsules café L'Or Espresso Forza N°9 x30","p":8.87,"u":"56,86 €/KG","img":"https://fd9-photos.leclercdrive.fr/image.ashx?id=3000468&use=l&cat=p&typeid=i","cat":284749},{"id":231372,"n":"Capsules café L'Or Espresso Delizioso N°5 x30","p":9.04,"u":"57,95 €/KG","img":"https://fd9-photos.leclercdrive.fr/image.ashx?id=2851345&use=l&cat=p&typeid=i","cat":284749},{"id":231402,"n":"Chips Paysannes Pom'Lisse Lardon oignon - 135g","p":1.39,"u":"10,30 €/KG","img":"https://fd9-photos.leclercdrive.fr/image.ashx?id=2919538&use=l&cat=p&typeid=i","cat":284447},{"id":231403,"n":"Chips sel & vinaigre Pom'Lisse 135g","p":1.07,"u":"7,93 €/KG","img":"https://fd9-photos.leclercdrive.fr/image.ashx?id=2919670&use=l&cat=p&typeid=i","cat":284447},{"id":231404,"n":"Capsules café L'Or Espresso Decaffeinato N°6 x30","p":9.25,"u":"59,29 €/KG","img":"https://fd9-photos.leclercdrive.fr/image.ashx?id=2728834&use=l&cat=p&typeid=i","cat":284749},{"id":231407,"n":"Concentré saveur limonade  Sodastream sans sucre - 440ml","p":4.99,"pp":3.99,"u":"9,07 €/L","img":"https://fd9-photos.leclercdrive.fr/image.ashx?id=2728768&use=l&cat=p&typeid=i","cat":295020},{"id":231412,"n":"Bière blonde 1664 5.5% - 28x25cl","p":16.91,"u":"2,42 €/L","img":"https://fd9-photos.leclercdrive.fr/image.ashx?id=2728384&use=l&cat=p&typeid=i","cat":334873},{"id":231440,"n":"Pistaches grillées sans Sel Sun - 250g","p":5.4,"u":"21,60 €/KG","img":"https://fd9-photos.leclercdrive.fr/image.ashx?id=2728378&use=l&cat=p&typeid=i","cat":284357},{"id":231580,"n":"Litière végétale Cat's Best agglomérante bois - 6L","p":6.7,"u":"1,12 €/L","img":"https://fd9-photos.leclercdrive.fr/image.ashx?id=2739384&use=l&cat=p&typeid=i","cat":284683},{"id":231629,"n":"Lasagnes au thon  900g","p":4.66,"u":"5,18 €/KG","img":"https://fd9-photos.leclercdrive.fr/image.ashx?id=2739240&use=l&cat=p&typeid=i","cat":284254},{"id":231658,"n":"Lessive liquide X-tra Total  4 en 1 propreté x85 - 3.825L","p":14.31,"u":"3,74 €/L","img":"https://fd9-photos.leclercdrive.fr/image.ashx?id=2740568&use=l&cat=p&typeid=i","cat":284640},{"id":231660,"n":"Lessive liquide Super Croix  X-tra Maroc x42 - 1.890L","p":8.5,"u":"4,50 €/L","img":"https://fd9-photos.leclercdrive.fr/image.ashx?id=2876275&use=l&cat=p&typeid=i","cat":284640},{"id":231690,"n":"Crème soin Mixa Cica réparatrice - 10en1 150ml","p":7.82,"u":"52,13 €/L","img":"https://fd9-photos.leclercdrive.fr/image.ashx?id=2819403&use=l&cat=p&typeid=i","cat":325350},{"id":231694,"n":"Crème corps Mixa Réparatrice Peau sensibles  - 150ml","p":3.32,"u":"22,13 €/L","img":"https://fd9-photos.leclercdrive.fr/image.ashx?id=2892199&use=l&cat=p&typeid=i","cat":325350},{"id":231697,"n":"Crème à raser Gillette Satin care - Douce - 177ml","p":12.33,"u":"69,66 €/L","img":"https://fd9-photos.leclercdrive.fr/image.ashx?id=2740883&use=l&cat=p&typeid=i","cat":325352},{"id":231708,"n":"Capsules lave-vaisselle Finish  Quantum - x46","p":9.52,"u":"19,92 €/KG","img":"https://fd9-photos.leclercdrive.fr/image.ashx?id=2749440&use=l&cat=p&typeid=i","cat":284656},{"id":231709,"n":"Capsules lave-vaisselle Finish Ultimate Plus Citron - x35","p":9.5,"u":"22,25 €/KG","img":"https://fd9-photos.leclercdrive.fr/image.ashx?id=2749437&use=l&cat=p&typeid=i","cat":284656},{"id":231710,"n":"Capsules lave-vaisselle Finish Ultimate Plus - x35","p":9.5,"u":"22,25 €/KG","img":"https://fd9-photos.leclercdrive.fr/image.ashx?id=2749434&use=l&cat=p&typeid=i","cat":284656},{"id":231711,"n":"Tablettes lave-vaisselle Finish Power Plus - x80","p":14.62,"u":"11,42 €/KG","img":"https://fd9-photos.leclercdrive.fr/image.ashx?id=2749428&use=l&cat=p&typeid=i","cat":284656},{"id":231712,"n":"Tablettes lave-vaisselle Finish Power Plus - x54","p":9.53,"u":"11,03 €/KG","img":"https://fd9-photos.leclercdrive.fr/image.ashx?id=2749425&use=l&cat=p&typeid=i","cat":284656},{"id":231713,"n":"Spray nettoyant Cillit Bang Expert crasse & calcaire 750ml","p":3.22,"u":"4,29 €/L","img":"https://fd9-photos.leclercdrive.fr/image.ashx?id=2839755&use=l&cat=p&typeid=i","cat":325362},{"id":231714,"n":"Spray nettoyant Cillit Bang  Expert Anti-moisissures - 750ml","p":3.11,"u":"4,15 €/L","img":"https://fd9-photos.leclercdrive.fr/image.ashx?id=2790114&use=l&cat=p&typeid=i","cat":325357},{"id":231715,"n":"Spray nettoyant Cillit Bang  Expert Javel - 750ml","p":3.1,"u":"4,13 €/L","img":"https://fd9-photos.leclercdrive.fr/image.ashx?id=2793653&use=l&cat=p&typeid=i","cat":325357},{"id":231717,"n":"ST MARC Liquide Nettoyant Multi Usages Côtes Bretonnes - 1L","p":2.48,"u":"2,48 €/L","img":"https://fd9-photos.leclercdrive.fr/image.ashx?id=2859074&use=l&cat=p&typeid=i","cat":284907},{"id":231719,"n":"Lessive capsules Super Croix X-tra Bora Bora x28  - 336g","p":8.2,"u":"24,40 €/KG","img":"https://fd9-photos.leclercdrive.fr/image.ashx?id=2876284&use=l&cat=p&typeid=i","cat":284641},{"id":231918,"n":"AOP Côtes de Provence rouge Berne Grande récolte - 75cl","p":8.9,"u":"11,87 €/L","img":"https://fd9-photos.leclercdrive.fr/image.ashx?id=2857533&use=l&cat=p&typeid=i","cat":289556},{"id":231923,"n":"Liquide vaisselle Maison Verte  Dégraissant, écologique - 500ml","p":1.64,"u":"3,28 €/L","img":"https://fd9-photos.leclercdrive.fr/image.ashx?id=2890619&use=l&cat=p&typeid=i","cat":284655},{"id":232022,"n":"Lessive capsules Super Croix  X-tra Japon x28 - 336g","p":8.15,"u":"24,26 €/KG","img":"https://fd9-photos.leclercdrive.fr/image.ashx?id=2876278&use=l&cat=p&typeid=i","cat":284641},{"id":232043,"n":"Lessive liquide X-tra Total 4+1 - Ecopack - 1.26L - x28","p":5.35,"u":"4,25 €/L","img":"https://fd9-photos.leclercdrive.fr/image.ashx?id=2890637&use=l&cat=p&typeid=i","cat":284640},{"id":232116,"n":"Adoucissant Lenor Peaux sensibles - 840ml - x40","p":3.76,"u":"4,48 €/L","img":"https://fd9-photos.leclercdrive.fr/image.ashx?id=2743670&use=l&cat=p&typeid=i","cat":284650},{"id":232118,"n":"Bière blonde Corona Extra 4,5% - 3x33cl","p":5.49,"u":"5,55 €/L","img":"https://fd9-photos.leclercdrive.fr/image.ashx?id=2861177&use=l&cat=p&typeid=i","cat":334873},{"id":232130,"n":"Lessive liquide Super Croix  X-tra Bora Bora x63 - 2.835L","p":13.46,"u":"4,75 €/L","img":"https://fd9-photos.leclercdrive.fr/image.ashx?id=2876269&use=l&cat=p&typeid=i","cat":284640},{"id":232145,"n":"Lessive liquide Mir Noir - 650ml - x13","p":4.11,"u":"6,32 €/L","img":"https://fd9-photos.leclercdrive.fr/image.ashx?id=2743043&use=l&cat=p&typeid=i","cat":284644},{"id":232150,"n":"Lessive liquide Mir Couleurs  Raviveur couleurs x27 - 1.35L","p":6.42,"u":"4,76 €/L","img":"https://fd9-photos.leclercdrive.fr/image.ashx?id=2744034&use=l&cat=p&typeid=i","cat":284644},{"id":232183,"n":"Liquide vaisselle Mir  Dégraissant citron - 450ml","p":1.6,"u":"3,56 €/L","img":"https://fd9-photos.leclercdrive.fr/image.ashx?id=2744028&use=l&cat=p&typeid=i","cat":284655},{"id":232186,"n":"Liquide vaisselle Mir  Dégraissant orange - 450ml","p":1.8,"u":"4,00 €/L","img":"https://fd9-photos.leclercdrive.fr/image.ashx?id=2874907&use=l&cat=p&typeid=i","cat":284655},{"id":232193,"n":"Liquide vaisselle Mir vinaigre Pamplemousse dégraissant -450ml","p":1.84,"u":"4,09 €/L","img":"https://fd9-photos.leclercdrive.fr/image.ashx?id=2889346&use=l&cat=p&typeid=i","cat":284655},{"id":232195,"n":"Liquide vaisselle Mir  Peau sensible aloe vera - 450ml","p":1.62,"u":"3,60 €/L","img":"https://fd9-photos.leclercdrive.fr/image.ashx?id=2874904&use=l&cat=p&typeid=i","cat":284655},{"id":232201,"n":"Liquide vaisselle Mir  Dégraissant & brillance - 450ml","p":1.83,"u":"4,07 €/L","img":"https://fd9-photos.leclercdrive.fr/image.ashx?id=2744049&use=l&cat=p&typeid=i","cat":284655},{"id":232230,"n":"Crème visage Mixa Expert Anti-tâches SPF20 - 50ml","p":9.09,"u":"181,80 €/L","img":"https://fd9-photos.leclercdrive.fr/image.ashx?id=2770551&use=l&cat=p&typeid=i","cat":325345},{"id":232231,"n":"Nettoyant confort visage Mixa Anti-secheresse - 150ml","p":5.54,"u":"36,93 €/L","img":"https://fd9-photos.leclercdrive.fr/image.ashx?id=2744171&use=l&cat=p&typeid=i","cat":284603},{"id":232233,"n":"Gelée matifiante visage Mixa Anti-imperfections - 50ml","p":10.5,"u":"210,00 €/L","img":"https://fd9-photos.leclercdrive.fr/image.ashx?id=2770554&use=l&cat=p&typeid=i","cat":325345},{"id":232299,"n":"Bande de cire visage Nair Kit Caresse - x20","p":4.11,"img":"https://fd9-photos.leclercdrive.fr/image.ashx?id=2903236&use=l&cat=p&typeid=i","cat":325351},{"id":232301,"n":"Dentifrice Signal Professionnel Sensibilité - Blancheur - 75ml","p":3.51,"u":"46,80 €/L","img":"https://fd9-photos.leclercdrive.fr/image.ashx?id=2858717&use=l&cat=p&typeid=i","cat":284612},{"id":232302,"n":"Dentifrice Signal Professionnel Soin complet - 75ml","p":3.48,"u":"46,40 €/L","img":"https://fd9-photos.leclercdrive.fr/image.ashx?id=2903878&use=l&cat=p&typeid=i","cat":284612},{"id":232309,"n":"Bloc WC Fresh Disc Canard Citron vert - 1x36ml","p":3.26,"img":"https://fd9-photos.leclercdrive.fr/image.ashx?id=2745769&use=l&cat=p&typeid=i","cat":284662},{"id":232313,"n":"Brossettes interdentaires Ricqles Réutilisables 5x0.7mm","p":4.88,"img":"https://fd9-photos.leclercdrive.fr/image.ashx?id=2745640&use=l&cat=p&typeid=i","cat":285159},{"id":232315,"n":"Nettoyant Steradent Pureté active - x36","p":2.58,"img":"https://fd9-photos.leclercdrive.fr/image.ashx?id=2745604&use=l&cat=p&typeid=i","cat":285158},{"id":232317,"n":"Ruban interdentaire Efiseptyl Ultra doux - 25m","p":4.0,"img":"https://fd9-photos.leclercdrive.fr/image.ashx?id=2923474&use=l&cat=p&typeid=i","cat":285159},{"id":232318,"n":"Tablette lave-vaisselle Sun Tout-en-1 - x86 - 1.419kg","p":14.53,"u":"10,24 €/KG","img":"https://fd9-photos.leclercdrive.fr/image.ashx?id=3000899&use=l&cat=p&typeid=i","cat":284656},{"id":232319,"n":"Tablettes lave-vaisselle Sun Tout-en-1 - x24 -396g","p":5.97,"u":"15,08 €/KG","img":"https://fd9-photos.leclercdrive.fr/image.ashx?id=2760543&use=l&cat=p&typeid=i","cat":284656},{"id":232341,"n":"Bloc WC Canard Fresh Disc Fraîcheur marine - 36ml","p":3.3,"img":"https://fd9-photos.leclercdrive.fr/image.ashx?id=2747691&use=l&cat=p&typeid=i","cat":284662},{"id":232347,"n":"Perles de linge Soupline Coco - 230g","p":6.56,"u":"28,52 €/KG","img":"https://fd9-photos.leclercdrive.fr/image.ashx?id=2945829&use=l&cat=p&typeid=i","cat":325302},{"id":232351,"n":"Désinfectant du linge Lysol  Douceur de printemps - 1L","p":5.99,"pp":3.95,"u":"3,95 €/L","img":"https://fd9-photos.leclercdrive.fr/image.ashx?id=2745745&use=l&cat=p&typeid=i","cat":290451},{"id":232352,"n":"Désinfectant du linge Lysol  Parfum linge frais - 1,5L","p":5.99,"pp":3.95,"u":"2,63 €/L","img":"https://fd9-photos.leclercdrive.fr/image.ashx?id=2745742&use=l&cat=p&typeid=i","cat":290451},{"id":232357,"n":"Recharge Gel douche Sanex Zéro - Peaux sensibles - 500ml","p":3.32,"u":"6,64 €/L","img":"https://fd9-photos.leclercdrive.fr/image.ashx?id=2745856&use=l&cat=p&typeid=i","cat":284594},{"id":232370,"n":"IGP Pays d'Oc Nos Racines Bio Carignan caladoc 75cl","p":5.25,"u":"7,00 €/L","img":"https://fd9-photos.leclercdrive.fr/image.ashx?id=2747058&use=l&cat=p&typeid=i","cat":289557},{"id":232371,"n":"Dentifrice enfant Elmex Anti-caries - 6-12 ans - 75ml","p":2.63,"u":"35,07 €/L","img":"https://fd9-photos.leclercdrive.fr/image.ashx?id=2747175&use=l&cat=p&typeid=i","cat":288898},{"id":232389,"n":"Nettoyant Textiles Tech9 + Brosse","p":4.59,"img":"https://fd9-photos.leclercdrive.fr/image.ashx?id=2907267&use=l&cat=p&typeid=i","cat":298252},{"id":232395,"n":"Nettoyant Jantes Tech9 Pulvérisateur - 500ml","p":3.99,"u":"7,98 €/L","img":"https://fd9-photos.leclercdrive.fr/image.ashx?id=2907276&use=l&cat=p&typeid=i","cat":298252},{"id":232508,"n":"Nougat de Montélimar Tendre Chabert et Guillot - 400g","p":11.77,"u":"29,43 €/KG","img":"https://fd9-photos.leclercdrive.fr/image.ashx?id=2776886&use=l&cat=p&typeid=i","cat":304249},{"id":232519,"n":"Pâtes Barilla Risoni - 500g","p":1.3,"u":"2,60 €/KG","img":"https://fd9-photos.leclercdrive.fr/image.ashx?id=2748665&use=l&cat=p&typeid=i","cat":284427},{"id":232520,"n":"Pâtes Barilla Ditalini Rigati - 500g","p":1.3,"u":"2,60 €/KG","img":"https://fd9-photos.leclercdrive.fr/image.ashx?id=2748668&use=l&cat=p&typeid=i","cat":284427},{"id":232536,"n":"Lindahls Pro+ 6 Tranches - 120g","p":2.29,"u":"19,08 €/KG","img":"https://fd9-photos.leclercdrive.fr/image.ashx?id=2748308&use=l&cat=p&typeid=i","cat":314028},{"id":232642,"n":"Boisson énergisante Red Bull Goût Juneberry, 250ml","p":1.33,"u":"5,32 €/L","img":"https://fd9-photos.leclercdrive.fr/image.ashx?id=2748713&use=l&cat=p&typeid=i","cat":284533},{"id":232688,"n":"Whisky Lefort artisanal 42° 70cl","p":17.42,"u":"24,89 €/L","img":"https://fd9-photos.leclercdrive.fr/image.ashx?id=2904404&use=l&cat=p&typeid=i","cat":284547},{"id":232701,"n":"Thon au naturel Petit Navire  93g","p":1.75,"u":"18,82 €/KG","img":"https://fd9-photos.leclercdrive.fr/image.ashx?id=2748101&use=l&cat=p&typeid=i","cat":303867},{"id":232703,"n":"Miettes de thon Petit Navire à l'huile de tournesol 80g","p":1.1,"u":"13,75 €/KG","img":"https://fd9-photos.leclercdrive.fr/image.ashx?id=2748104&use=l&cat=p&typeid=i","cat":303867},{"id":232740,"n":"Chips Tuiles Pringles HOT Barbecue Ribs - 160g","p":1.78,"u":"11,13 €/KG","img":"https://fd9-photos.leclercdrive.fr/image.ashx?id=2749506&use=l&cat=p&typeid=i","cat":287899},{"id":232773,"n":"Boisson lactée chocolatée  Nesquik Shake - 240ml","p":1.55,"u":"6,46 €/L","img":"https://fd9-photos.leclercdrive.fr/image.ashx?id=2749536&use=l&cat=p&typeid=i","cat":295246},{"id":232778,"n":"Concentré agrumes Sodastream - 440ml","p":4.99,"pp":3.99,"u":"9,07 €/L","img":"https://fd9-photos.leclercdrive.fr/image.ashx?id=2871136&use=l&cat=p&typeid=i","cat":295020},{"id":232780,"n":"Pansements Mercurochrome Peau sensible - x40","p":4.46,"u":"0,11 €/P","img":"https://fd9-photos.leclercdrive.fr/image.ashx?id=2785826&use=l&cat=p&typeid=i","cat":284630},{"id":232782,"n":"Sparadrap Mercurochrome Prévention ampoules - 2m x 5cm","p":2.95,"img":"https://fd9-photos.leclercdrive.fr/image.ashx?id=2785835&use=l&cat=p&typeid=i","cat":284630},{"id":232785,"n":"Sparadrap Mercurochrome Tissu résistant - 5m x 2.5cm","p":3.23,"img":"https://fd9-photos.leclercdrive.fr/image.ashx?id=2862158&use=l&cat=p&typeid=i","cat":284630},{"id":232787,"n":"Bière Fada Sunny IPA 75cl","p":3.76,"u":"5,01 €/L","img":"https://fd9-photos.leclercdrive.fr/image.ashx?id=2753707&use=l&cat=p&typeid=i","cat":334872},{"id":232839,"n":"Gel déboucheur Destop  Turbo 5 min - 4 doses - 1L","p":7.56,"u":"7,56 €/L","img":"https://fd9-photos.leclercdrive.fr/image.ashx?id=2976032&use=l&cat=p&typeid=i","cat":284908},{"id":232855,"n":"Purée façon écrasé Tajine Yooji Bio - Dès 8 mois - 400g","p":3.99,"u":"9,98 €/KG","img":"https://fd9-photos.leclercdrive.fr/image.ashx?id=2750570&use=l&cat=p&typeid=i","cat":312236},{"id":232856,"n":"Mini saucissons secs Saint-Azay À la truffe d'été - 75g","p":1.99,"u":"26,53 €/KG","img":"https://fd9-photos.leclercdrive.fr/image.ashx?id=2754901&use=l&cat=p&typeid=i","cat":316006},{"id":232949,"n":"Cottage cheese Danone Nature x2 - 360g","p":3.94,"u":"10,94 €/KG","img":"https://fd9-photos.leclercdrive.fr/image.ashx?id=2915694&use=l&cat=p&typeid=i","cat":314029},{"id":232974,"n":"Gel massage Intimy Pomme d'amour - 200ml","p":5.8,"u":"29,00 €/L","img":"https://fd9-photos.leclercdrive.fr/image.ashx?id=2751012&use=l&cat=p&typeid=i","cat":285160},{"id":232979,"n":"Bougie Glade Aromatherapy  Orange & Néroli - x1","p":6.76,"img":"https://fd9-photos.leclercdrive.fr/image.ashx?id=2867725&use=l&cat=p&typeid=i","cat":284666},{"id":232986,"n":"Bougie Glade Anti-tabac - 112g","p":3.8,"img":"https://fd9-photos.leclercdrive.fr/image.ashx?id=2751276&use=l&cat=p&typeid=i","cat":284666},{"id":232989,"n":"Spray nettoyant Cillit Bang  Expert Dégraissant - 750ml","p":3.11,"img":"https://fd9-photos.leclercdrive.fr/image.ashx?id=2751222&use=l&cat=p&typeid=i","cat":325357},{"id":232991,"n":"Déodorant Eco+ Floral - 200ml","p":0.9,"u":"4,50 €/L","img":"https://fd9-photos.leclercdrive.fr/image.ashx?id=2750270&use=l&cat=p&typeid=i","cat":284595},{"id":233001,"n":"Gel Lubrifiant Durex Naturel Hydratant - 100ML","p":8.69,"u":"86,90 €/L","img":"https://fd9-photos.leclercdrive.fr/image.ashx?id=2962026&use=l&cat=p&typeid=i","cat":285160},{"id":233103,"n":"Dentifrice Sensodyne Soin blancheur - 2x75ml","p":6.85,"u":"45,67 €/L","img":"https://fd9-photos.leclercdrive.fr/image.ashx?id=2829928&use=l&cat=p&typeid=i","cat":284612},{"id":233105,"n":"Dentifrice Sensodyne Répare & protège Menthe 2x75ml","p":6.95,"u":"46,33 €/L","img":"https://fd9-photos.leclercdrive.fr/image.ashx?id=2806919&use=l&cat=p&typeid=i","cat":284612},{"id":233106,"n":"Dentifrice Sensodyne Répare & Protège Blancheur 2x75ml","p":6.95,"u":"46,33 €/L","img":"https://fd9-photos.leclercdrive.fr/image.ashx?id=2880312&use=l&cat=p&typeid=i","cat":284612},{"id":233179,"n":"Chips Tuiles Pringles HOT Mexican Chili & Lime - 160g","p":1.86,"u":"11,63 €/KG","img":"https://fd9-photos.leclercdrive.fr/image.ashx?id=2753244&use=l&cat=p&typeid=i","cat":284447},{"id":233204,"n":"Guimauves Chocours Copains copines 600g","p":5.19,"u":"8,65 €/KG","img":"https://fd9-photos.leclercdrive.fr/image.ashx?id=2934778&use=l&cat=p&typeid=i","cat":304250},{"id":233257,"n":"Jus de fruits Cidou Ananas Coco Passion - 1L","p":2.33,"u":"2,33 €/L","img":"https://fd9-photos.leclercdrive.fr/image.ashx?id=2753184&use=l&cat=p&typeid=i","cat":284916},{"id":233259,"n":"Jus de fruits Cidou Pomme Kiwi - 1L","p":2.24,"u":"2,24 €/L","img":"https://fd9-photos.leclercdrive.fr/image.ashx?id=2753187&use=l&cat=p&typeid=i","cat":284522},{"id":233261,"n":"Jus de fruits Cidou Pomme Fraise - 1L","p":2.18,"u":"2,18 €/L","img":"https://fd9-photos.leclercdrive.fr/image.ashx?id=2753193&use=l&cat=p&typeid=i","cat":284522},{"id":233280,"n":"Nouilles Tables du Monde Boeuf - 3x65g","p":1.25,"u":"6,41 €/KG","img":"https://fd9-photos.leclercdrive.fr/image.ashx?id=2752545&use=l&cat=p&typeid=i","cat":288992},{"id":233313,"n":"Gel WC Javel Harpic Ultra blancheur Agrumes - 750ml","p":1.56,"u":"2,08 €/L","img":"https://fd9-photos.leclercdrive.fr/image.ashx?id=2864690&use=l&cat=p&typeid=i","cat":284662},{"id":233355,"n":"Pickers by McCain Emmental stick - 230g","p":3.76,"u":"16,35 €/KG","img":"https://fd9-photos.leclercdrive.fr/image.ashx?id=2922290&use=l&cat=p&typeid=i","cat":319774},{"id":233411,"n":"Mini pots Häagen-Dazs Lotus Biscoff Collection 324g","p":5.94,"u":"18,33 €/KG","img":"https://fd9-photos.leclercdrive.fr/image.ashx?id=2893474&use=l&cat=p&typeid=i","cat":284725},{"id":233436,"n":"Coquille St-Jacques et fruits  de mer Eco+ 360g","p":3.97,"u":"11,03 €/KG","img":"https://fd9-photos.leclercdrive.fr/image.ashx?id=2754249&use=l&cat=p&typeid=i","cat":319787},{"id":233453,"n":"Oeufs Fraîcheur Coque Matines Gros et très gros x10","p":2.32,"u":"0,23 €/P","img":"https://fd9-photos.leclercdrive.fr/image.ashx?id=2796243&use=l&cat=p&typeid=i","cat":284378},{"id":233473,"n":"Bière blonde Leffe Prestige 124 8,5% - 75cl","p":3.74,"u":"4,99 €/L","img":"https://fd9-photos.leclercdrive.fr/image.ashx?id=2755816&use=l&cat=p&typeid=i","cat":334852},{"id":233565,"n":"AOP Jurançon  Blanc Moelleux HVE Grain d'Automne 75 cl","p":14.71,"u":"19,61 €/L","img":"https://fd9-photos.leclercdrive.fr/image.ashx?id=2756750&use=l&cat=p&typeid=i","cat":289557},{"id":233585,"n":"Aliment complet Tous mes Amis Canaris - 1kg","p":2.45,"u":"1,63 €/KG","img":"https://fd9-photos.leclercdrive.fr/image.ashx?id=2757530&use=l&cat=p&typeid=i","cat":284678},{"id":233587,"n":"Aliment complet Tous mes Amis Perruches -  800g","p":1.84,"u":"2,30 €/KG","img":"https://fd9-photos.leclercdrive.fr/image.ashx?id=2757533&use=l&cat=p&typeid=i","cat":284678},{"id":233612,"n":"Thé glacé Lipton Ice Tea Pêche - 5x1.25L + 1 offerte","p":7.42,"u":"29,68 €/L","img":"https://fd9-photos.leclercdrive.fr/image.ashx?id=2921100&use=l&cat=p&typeid=i","cat":295019},{"id":233637,"n":"Concentré Sodastream Grenadine - 440ml","p":4.99,"pp":3.99,"u":"9,07 €/L","img":"https://fd9-photos.leclercdrive.fr/image.ashx?id=2765360&use=l&cat=p&typeid=i","cat":295020},{"id":233638,"n":"Concentré Sodastream Orange - 440ml","p":4.99,"pp":3.99,"u":"9,07 €/L","img":"https://fd9-photos.leclercdrive.fr/image.ashx?id=2765522&use=l&cat=p&typeid=i","cat":295020},{"id":233639,"n":"Concentré Sodastream Limonade - 440ml","p":4.99,"pp":3.99,"u":"90,68 €/L","img":"https://fd9-photos.leclercdrive.fr/image.ashx?id=2758758&use=l&cat=p&typeid=i","cat":295020},{"id":233640,"n":"Concentré Sodastream Tonic - 440ml","p":4.99,"pp":3.99,"u":"9,07 €/L","img":"https://fd9-photos.leclercdrive.fr/image.ashx?id=2765525&use=l&cat=p&typeid=i","cat":295020},{"id":233646,"n":"Café Soluble Starbucks White Mocha 5 sticks - 120g","p":2.52,"u":"21,00 €/KG","img":"https://fd9-photos.leclercdrive.fr/image.ashx?id=2758463&use=l&cat=p&typeid=i","cat":284843},{"id":233648,"n":"Capsules Starbucks by Nespresso  Blonde Décaféiné Int 6 - x10","p":3.83,"u":"0,38 €/P","img":"https://fd9-photos.leclercdrive.fr/image.ashx?id=2758469&use=l&cat=p&typeid=i","cat":284749},{"id":233649,"n":"Bouchées vapeur aux crevettes Tables du Monde x8 - 164g","p":3.17,"u":"19,33 €/KG","img":"https://fd9-photos.leclercdrive.fr/image.ashx?id=2757949&use=l&cat=p&typeid=i","cat":319774},{"id":233660,"n":"Mikado Chocolat au lait 100g","p":1.68,"u":"16,80 €/KG","img":"https://fd9-photos.leclercdrive.fr/image.ashx?id=3005323&use=l&cat=p&typeid=i","cat":284488},{"id":233696,"n":"Gaufres Brioche Pasquier aux  Perles de sucre x6 -240g","p":2.49,"u":"10,38 €/KG","img":"https://fd9-photos.leclercdrive.fr/image.ashx?id=2858633&use=l&cat=p&typeid=i","cat":294777},{"id":233716,"n":"Nectar Pauline pomme fraise - 75cl","p":2.93,"u":"3,91 €/L","img":"https://fd9-photos.leclercdrive.fr/image.ashx?id=2761247&use=l&cat=p&typeid=i","cat":284522},{"id":233729,"n":"Lessive liquide Skip Cycle  Court Efficacité Express x54","p":15.27,"pp":12.22,"u":"5,66 €/L","img":"https://fd9-photos.leclercdrive.fr/image.ashx?id=2843553&use=l&cat=p&typeid=i","cat":284640},{"id":233730,"n":"Lessive liquide Skip Cycle Court Couleur Protect x54","p":14.46,"pp":11.57,"u":"5,36 €/L","img":"https://fd9-photos.leclercdrive.fr/image.ashx?id=2842168&use=l&cat=p&typeid=i","cat":284640},{"id":233731,"n":"Lessive liquide Skip Cycle  Court Odeur Control x54","p":13.6,"pp":10.88,"u":"5,04 €/L","img":"https://fd9-photos.leclercdrive.fr/image.ashx?id=2788253&use=l&cat=p&typeid=i","cat":284640},{"id":233743,"n":"Bâtonnets glace Magnum chocolat blanc fruits rouges x3 - 196.5g","p":2.71,"u":"13,83 €/KG","img":"https://fd9-photos.leclercdrive.fr/image.ashx?id=2850288&use=l&cat=p&typeid=i","cat":284265},{"id":233744,"n":"Bâtonnets glace Magnum  Remix Amandes x3 - 198g","p":2.93,"u":"14,80 €/KG","img":"https://fd9-photos.leclercdrive.fr/image.ashx?id=2891758&use=l&cat=p&typeid=i","cat":284265},{"id":233769,"n":"Dentifrice Oral-B 3D White Artic Fresh - 2x75ml","p":5.38,"u":"35,87 €/L","img":"https://fd9-photos.leclercdrive.fr/image.ashx?id=2804586&use=l&cat=p&typeid=i","cat":284612},{"id":233804,"n":"Cappellacci aux Girolles  Luigi & Fratelli 250g","p":4.8,"u":"19,20 €/KG","img":"https://fd9-photos.leclercdrive.fr/image.ashx?id=2760142&use=l&cat=p&typeid=i","cat":333682},{"id":233874,"n":"Boisson Alpro café avoine 750ml","p":2.0,"u":"2,67 €/L","img":"https://fd9-photos.leclercdrive.fr/image.ashx?id=2975416&use=l&cat=p&typeid=i","cat":313736},{"id":233875,"n":"Boisson Alpro café amande 750ml","p":1.99,"u":"2,65 €/L","img":"https://fd9-photos.leclercdrive.fr/image.ashx?id=2814181&use=l&cat=p&typeid=i","cat":313736},{"id":233920,"n":"Os Vitakraft Calcium Poulet  Pure Bonas","p":3.05,"img":"https://fd9-photos.leclercdrive.fr/image.ashx?id=2851255&use=l&cat=p&typeid=i","cat":294527},{"id":233956,"n":"Lessive liquide Omo Rose & Lilas Blanc - 1.76L","p":9.05,"u":"5,13 €/L","img":"https://fd9-photos.leclercdrive.fr/image.ashx?id=2818208&use=l&cat=p&typeid=i","cat":284640},{"id":233961,"n":"Lessive liquide Omo Jasmin & Fleur de coton 1.764L x42","p":8.91,"u":"5,05 €/L","img":"https://fd9-photos.leclercdrive.fr/image.ashx?id=2841616&use=l&cat=p&typeid=i","cat":284640},{"id":233963,"n":"Lessive liquide Skip Cycle Court Couleur Protect x37","p":10.88,"u":"7,35 €/L","img":"https://fd9-photos.leclercdrive.fr/image.ashx?id=2910246&use=l&cat=p&typeid=i","cat":284640},{"id":233984,"n":"Nouilles instantanées Daisuki Curry Pirikara - 61g","p":1.79,"u":"29,34 €/KG","img":"https://fd9-photos.leclercdrive.fr/image.ashx?id=2762007&use=l&cat=p&typeid=i","cat":288992},{"id":233985,"n":"Nouilles instantanées Daisuki Boeuf Gyudon - 60g","p":1.48,"u":"24,67 €/KG","img":"https://fd9-photos.leclercdrive.fr/image.ashx?id=2762004&use=l&cat=p&typeid=i","cat":288992},{"id":234005,"n":"Bol nouilles instantanées Tempura Udon - 111g","p":2.55,"u":"22,97 €/KG","img":"https://fd9-photos.leclercdrive.fr/image.ashx?id=2764077&use=l&cat=p&typeid=i","cat":288992},{"id":234006,"n":"Bol nouilles instantanées Crevettes épicées - 115g","p":2.3,"u":"20,00 €/KG","img":"https://fd9-photos.leclercdrive.fr/image.ashx?id=2764080&use=l&cat=p&typeid=i","cat":288992},{"id":234019,"n":"Bol nouilles instantanées  Daisuki - Poulet Teriyaki 60g","p":1.48,"u":"24,67 €/KG","img":"https://fd9-photos.leclercdrive.fr/image.ashx?id=2762001&use=l&cat=p&typeid=i","cat":288992},{"id":234098,"n":"Rhum blanc Père Labat Guadeloupe - 59% vol. 1L","p":23.9,"u":"23,90 €/L","img":"https://fd9-photos.leclercdrive.fr/image.ashx?id=2762160&use=l&cat=p&typeid=i","cat":284550},{"id":234151,"n":"Déodorant bille Narta  Resixyl 72h - 50ml","p":4.12,"u":"82,40 €/L","img":"https://fd9-photos.leclercdrive.fr/image.ashx?id=2769017&use=l&cat=p&typeid=i","cat":284595},{"id":234152,"n":"Déodorant bille Ushuaïa Monoï & tiaré - 50ml","p":2.74,"u":"54,80 €/L","img":"https://fd9-photos.leclercdrive.fr/image.ashx?id=2769020&use=l&cat=p&typeid=i","cat":284595},{"id":234155,"n":"Déodorant bille femme Ushuaïa Grenade açores - 50ml","p":2.74,"u":"54,80 €/L","img":"https://fd9-photos.leclercdrive.fr/image.ashx?id=2789092&use=l&cat=p&typeid=i","cat":284595},{"id":234156,"n":"Déodorant bille Ushuaïa Vanille - 50ml","p":2.74,"u":"54,80 €/L","img":"https://fd9-photos.leclercdrive.fr/image.ashx?id=2769023&use=l&cat=p&typeid=i","cat":284595},{"id":234157,"n":"Déodorant spray Ushuaïa Grenade - 200ml","p":2.74,"u":"13,70 €/L","img":"https://fd9-photos.leclercdrive.fr/image.ashx?id=2769026&use=l&cat=p&typeid=i","cat":284595},{"id":234158,"n":"Déodorant spray Ushuaïa Orchidée - 200ml","p":2.74,"u":"13,70 €/L","img":"https://fd9-photos.leclercdrive.fr/image.ashx?id=2769029&use=l&cat=p&typeid=i","cat":284595},{"id":234159,"n":"Déodorant spray Ushuaïa Vanille - 200ml","p":2.74,"u":"13,70 €/L","img":"https://fd9-photos.leclercdrive.fr/image.ashx?id=2769032&use=l&cat=p&typeid=i","cat":284595},{"id":234166,"n":"Déodorant spray homme Narta Resixyl Physio - 200ml","p":4.55,"u":"22,75 €/L","img":"https://fd9-photos.leclercdrive.fr/image.ashx?id=2769044&use=l&cat=p&typeid=i","cat":284596},{"id":234168,"n":"Déodorant bille homme Narta Resixyl Physio - 50ml","p":4.12,"u":"82,40 €/L","img":"https://fd9-photos.leclercdrive.fr/image.ashx?id=2769035&use=l&cat=p&typeid=i","cat":284596},{"id":234226,"n":"Couverts inox Mots d'enfants Jungle - x3","p":3.5,"img":"https://fd9-photos.leclercdrive.fr/image.ashx?id=2762689&use=l&cat=p&typeid=i","cat":289435},{"id":234234,"n":"Bloc Canard WC Active Clean Fraîcheur pin - x1","p":1.84,"img":"https://fd9-photos.leclercdrive.fr/image.ashx?id=2763679&use=l&cat=p&typeid=i","cat":284662},{"id":234249,"n":"Soda Pepsi Cola zéro - 10x33cl +2 offertes","p":4.49,"u":"1,13 €/L","img":"https://fd9-photos.leclercdrive.fr/image.ashx?id=2986230&use=l&cat=p&typeid=i","cat":284530},{"id":234254,"n":"Nectar de mangue Pauline - 75cl","p":2.87,"u":"3,83 €/L","img":"https://fd9-photos.leclercdrive.fr/image.ashx?id=2772011&use=l&cat=p&typeid=i","cat":284916},{"id":234264,"n":"Nouilles instantanées Mei Asia Porc - 65g","p":1.31,"u":"20,15 €/KG","img":"https://fd9-photos.leclercdrive.fr/image.ashx?id=2763607&use=l&cat=p&typeid=i","cat":288992},{"id":234267,"n":"Champagne EO demi-sec Demoiselle - 75cl","p":27.88,"u":"37,17 €/L","img":"https://fd9-photos.leclercdrive.fr/image.ashx?id=2763286&use=l&cat=p&typeid=i","cat":284542},{"id":234274,"n":"Aérosol Glade huile essentielle  jasmin et bois santal 300ml","p":2.06,"u":"6,87 €/L","img":"https://fd9-photos.leclercdrive.fr/image.ashx?id=2763685&use=l&cat=p&typeid=i","cat":311626},{"id":234281,"n":"Gel parfumé Glade huiles essentielles - Lavande 150g","p":1.57,"u":"10,47 €/KG","img":"https://fd9-photos.leclercdrive.fr/image.ashx?id=2763748&use=l&cat=p&typeid=i","cat":311628},{"id":234291,"n":"KINDER Surprise Natoons Dino Chocolat au lait - 3x20g","p":4.22,"u":"70,33 €/KG","img":"https://fd9-photos.leclercdrive.fr/image.ashx?id=2940537&use=l&cat=p&typeid=i","cat":284958},{"id":234292,"n":"KINDER Surprise Licorne Chocolat au lait - 3x20g","p":4.22,"u":"70,33 €/KG","img":"https://fd9-photos.leclercdrive.fr/image.ashx?id=2883756&use=l&cat=p&typeid=i","cat":284958},{"id":234293,"n":"Le Pur bœuf Charal 18%MG Façon bouchère 8x100g","p":12.89,"u":"16,11 €/KG","img":"https://fd9-photos.leclercdrive.fr/image.ashx?id=2763205&use=l&cat=p&typeid=i","cat":319778},{"id":234296,"n":"Recharge Sense & Spray Glade Vanille - 18ml","p":3.5,"u":"194,44 €/L","img":"https://fd9-photos.leclercdrive.fr/image.ashx?id=2763691&use=l&cat=p&typeid=i","cat":311629},{"id":234333,"n":"Gourdes Pom'Potes Pomme poire banane x96 - 8.64kg","p":30.99,"u":"3,59 €/KG","img":"https://fd9-photos.leclercdrive.fr/image.ashx?id=2918553&use=l&cat=p&typeid=i","cat":284508},{"id":234375,"n":"Nouilles Tables du Monde Poulet - 3x65g","p":1.39,"u":"7,13 €/KG","img":"https://fd9-photos.leclercdrive.fr/image.ashx?id=2763045&use=l&cat=p&typeid=i","cat":288992},{"id":234509,"n":"Thé vert en capsules Lipton Marrakech - x10 25g","p":3.92,"u":"156,80 €/KG","img":"https://fd9-photos.leclercdrive.fr/image.ashx?id=2769143&use=l&cat=p&typeid=i","cat":293233},{"id":234519,"n":"Infusion Pukka Delice de curcuma x20 36g","p":4.42,"u":"122,78 €/KG","img":"https://fd9-photos.leclercdrive.fr/image.ashx?id=2901088&use=l&cat=p&typeid=i","cat":293234},{"id":234524,"n":"Thé vert supreme Pukka Bio matcha - x20 - 30g","p":4.02,"u":"134,00 €/KG","img":"https://fd9-photos.leclercdrive.fr/image.ashx?id=2856011&use=l&cat=p&typeid=i","cat":293233},{"id":234525,"n":"Infusion Pukka Bio 3 gingembres x20 36g","p":4.46,"u":"123,89 €/KG","img":"https://fd9-photos.leclercdrive.fr/image.ashx?id=2901085&use=l&cat=p&typeid=i","cat":293234},{"id":234597,"n":"Glaces Twister Mini Tropical 8 bâtonnets - 348g","p":3.3,"u":"9,48 €/KG","img":"https://fd9-photos.leclercdrive.fr/image.ashx?id=3009317&use=l&cat=p&typeid=i","cat":285250},{"id":234602,"n":"Whisky Fondaudège Grand Cru 40° 70cl","p":28.75,"u":"41,07 €/L","img":"https://fd9-photos.leclercdrive.fr/image.ashx?id=2966755&use=l&cat=p&typeid=i","cat":284547},{"id":234603,"n":"Whisky Fondaudège Finition Tourbée 40° - 70cl","p":28.75,"u":"41,07 €/L","img":"https://fd9-photos.leclercdrive.fr/image.ashx?id=2766493&use=l&cat=p&typeid=i","cat":284547},{"id":234634,"n":"Concentré Sodastream Lipton Ice tea zero - 440ml","p":5.99,"pp":4.99,"u":"12,48 €/L","img":"https://fd9-photos.leclercdrive.fr/image.ashx?id=2766069&use=l&cat=p&typeid=i","cat":295020},{"id":234700,"n":"Sauge Ducros 12g","p":1.36,"u":"113,33 €/KG","img":"https://fd9-photos.leclercdrive.fr/image.ashx?id=2767090&use=l&cat=p&typeid=i","cat":298297},{"id":234706,"n":"Piment de Cayenne entier  Ducros - 11g","p":1.98,"u":"180,00 €/KG","img":"https://fd9-photos.leclercdrive.fr/image.ashx?id=2767096&use=l&cat=p&typeid=i","cat":298297},{"id":234799,"n":"Rillettes de thon sel Guérande Les Mouettes d'Arvor - 125g","p":2.56,"u":"20,48 €/KG","img":"https://fd9-photos.leclercdrive.fr/image.ashx?id=2767917&use=l&cat=p&typeid=i","cat":303867},{"id":234839,"n":"Purée Mousline L'Originale - 650g","p":2.8,"u":"4,31 €/KG","img":"https://fd9-photos.leclercdrive.fr/image.ashx?id=2768622&use=l&cat=p&typeid=i","cat":284431},{"id":234865,"n":"Curry de poulet  Tables du Monde - 900g","p":5.33,"u":"5,92 €/KG","img":"https://fd9-photos.leclercdrive.fr/image.ashx?id=2768481&use=l&cat=p&typeid=i","cat":284254},{"id":234869,"n":"Gâteau moelleux Chocalin Harrys Cacao et Chocolat X10 - 350G","p":3.16,"u":"9,03 €/KG","img":"https://fd9-photos.leclercdrive.fr/image.ashx?id=2962464&use=l&cat=p&typeid=i","cat":284495},{"id":234870,"n":"Gâteaux Choco Mousse Harrys Fourrés au chocolat  X8 - 280G","p":2.85,"u":"10,18 €/KG","img":"https://fd9-photos.leclercdrive.fr/image.ashx?id=2985069&use=l&cat=p&typeid=i","cat":284495},{"id":234939,"n":"Sirop Artisan Eyguebelle Menthe Glaciale - 1L","p":3.38,"u":"3,38 €/L","img":"https://fd9-photos.leclercdrive.fr/image.ashx?id=2770434&use=l&cat=p&typeid=i","cat":295020},{"id":234940,"n":"Sirop Artisan Eyguebelle Anis étoilé - 1L","p":3.51,"u":"3,51 €/L","img":"https://fd9-photos.leclercdrive.fr/image.ashx?id=2770437&use=l&cat=p&typeid=i","cat":295020},{"id":235007,"n":"Mais Bio Village  2x140g","p":1.49,"u":"5,32 €/KG","img":"https://fd9-photos.leclercdrive.fr/image.ashx?id=3002722&use=l&cat=p&typeid=i","cat":312611},{"id":235051,"n":"Repas bébé Blédichef 12 mois  Risotto épinards Kiri - 230g","p":2.09,"u":"9,09 €/KG","img":"https://fd9-photos.leclercdrive.fr/image.ashx?id=2852375&use=l&cat=p&typeid=i","cat":312237},{"id":235052,"n":"Les 10 macarons d'Exception  180g","p":10.65,"u":"59,17 €/KG","img":"https://fd9-photos.leclercdrive.fr/image.ashx?id=2812001&use=l&cat=p&typeid=i","cat":284360},{"id":235053,"n":"Les 10 macarons enrobés 180g","p":9.87,"u":"54,83 €/KG","img":"https://fd9-photos.leclercdrive.fr/image.ashx?id=2812004&use=l&cat=p&typeid=i","cat":284360},{"id":235066,"n":"Repas bébé Blédichef 12 mois Potirons et panais -2x230g","p":3.75,"u":"8,15 €/KG","img":"https://fd9-photos.leclercdrive.fr/image.ashx?id=2935780&use=l&cat=p&typeid=i","cat":312237},{"id":235067,"n":"Repas bébé Blédichef Dès 12mois Carotte et semoule - 4x230g","p":6.8,"u":"7,39 €/KG","img":"https://fd9-photos.leclercdrive.fr/image.ashx?id=2773216&use=l&cat=p&typeid=i","cat":312237},{"id":235068,"n":"Repas bébé Blédichef 15 mois Lasagne bolognaise -230g","p":2.67,"u":"11,61 €/KG","img":"https://fd9-photos.leclercdrive.fr/image.ashx?id=2975098&use=l&cat=p&typeid=i","cat":312238},{"id":235070,"n":"Repas bébé Blédichef 15 mois Lasagne épinards merlu -230g","p":2.42,"u":"10,52 €/KG","img":"https://fd9-photos.leclercdrive.fr/image.ashx?id=2865635&use=l&cat=p&typeid=i","cat":312238},{"id":235071,"n":"Aubergines compotées & blé  Cassegrain - 375g","p":3.18,"u":"8,48 €/KG","img":"https://fd9-photos.leclercdrive.fr/image.ashx?id=2970840&use=l&cat=p&typeid=i","cat":312612},{"id":235078,"n":"Repas bébé Blédichef 15 mois Carottes lentilles corail -200g","p":2.17,"u":"10,85 €/KG","img":"https://fd9-photos.leclercdrive.fr/image.ashx?id=2866304&use=l&cat=p&typeid=i","cat":312238},{"id":235081,"n":"Plat cuisiné William Saurin Trio gourmand boeuf - 320g","p":3.55,"u":"11,09 €/KG","img":"https://fd9-photos.leclercdrive.fr/image.ashx?id=2986386&use=l&cat=p&typeid=i","cat":284953},{"id":235082,"n":"Plat cuisiné William Saurin Trio gourmand merlu - 320g","p":3.54,"u":"11,06 €/KG","img":"https://fd9-photos.leclercdrive.fr/image.ashx?id=2986389&use=l&cat=p&typeid=i","cat":284953},{"id":235084,"n":"Plat cuisiné William Saurin Trio gourmand 320g","p":3.55,"u":"11,09 €/KG","img":"https://fd9-photos.leclercdrive.fr/image.ashx?id=2986380&use=l&cat=p&typeid=i","cat":284953},{"id":235115,"n":"Crème dessert Marie Morin Vanille de Madagascar 2x120g","p":2.58,"u":"10,75 €/KG","img":"https://fd9-photos.leclercdrive.fr/image.ashx?id=2790669&use=l&cat=p&typeid=i","cat":285041},{"id":235121,"n":"Morceaux de thon Petit Navire Au naturel - 3x112g","p":5.39,"u":"16,04 €/KG","img":"https://fd9-photos.leclercdrive.fr/image.ashx?id=2887488&use=l&cat=p&typeid=i","cat":303867},{"id":235127,"n":"Biscuits parmesan poivre Savour 100g","p":1.85,"u":"18,50 €/KG","img":"https://fd9-photos.leclercdrive.fr/image.ashx?id=2791048&use=l&cat=p&typeid=i","cat":297000},{"id":235133,"n":"Cabécou du Périgord NRT - 3x35g","p":2.19,"u":"20,86 €/KG","img":"https://fd9-photos.leclercdrive.fr/image.ashx?id=2788984&use=l&cat=p&typeid=i","cat":314031},{"id":235134,"n":"Ampoule LED Philips E27 60W","p":22.85,"img":"https://fd9-photos.leclercdrive.fr/image.ashx?id=2775059&use=l&cat=p&typeid=i","cat":300573},{"id":235247,"n":"M&M's Peanut x5 180g","p":1.99,"u":"11,06 €/KG","img":"https://fd9-photos.leclercdrive.fr/image.ashx?id=3009011&use=l&cat=p&typeid=i","cat":304238},{"id":235260,"n":"Pâte Lotus Biscoff Speculoos Creamy - 410g","p":3.73,"u":"9,10 €/KG","img":"https://fd9-photos.leclercdrive.fr/image.ashx?id=2776208&use=l&cat=p&typeid=i","cat":284481},{"id":235271,"n":"Café froid Nescafé Latte  Macchiato - 240ml","p":1.75,"u":"7,29 €/L","img":"https://fd9-photos.leclercdrive.fr/image.ashx?id=2997301&use=l&cat=p&typeid=i","cat":313735},{"id":235272,"n":"Café froid Nescafé Latte  Cappuccino - 240ml","p":1.76,"u":"7,33 €/L","img":"https://fd9-photos.leclercdrive.fr/image.ashx?id=2980145&use=l&cat=p&typeid=i","cat":313735},{"id":235273,"n":"Café froid Nescafé Latte  Cookies - 240ml","p":1.78,"u":"7,42 €/L","img":"https://fd9-photos.leclercdrive.fr/image.ashx?id=2980752&use=l&cat=p&typeid=i","cat":295246},{"id":235328,"n":"Sauce Tomacouli Panzani  Basilic - 2x200g","p":1.87,"u":"4,68 €/KG","img":"https://fd9-photos.leclercdrive.fr/image.ashx?id=2890607&use=l&cat=p&typeid=i","cat":288384},{"id":235350,"n":"Apéritif Apérol 70cl","p":12.46,"u":"17,80 €/L","img":"https://fd9-photos.leclercdrive.fr/image.ashx?id=2812022&use=l&cat=p&typeid=i","cat":286032},{"id":235364,"n":"Friandises chat Whiskas  Poulet et fromage - 60g","p":0.97,"u":"16,17 €/KG","img":"https://fd9-photos.leclercdrive.fr/image.ashx?id=2976851&use=l&cat=p&typeid=i","cat":285285},{"id":235369,"n":"Friandises chat Whiskas saveur  Poulet et fromage -180g","p":3.25,"u":"18,06 €/KG","img":"https://fd9-photos.leclercdrive.fr/image.ashx?id=2944966&use=l&cat=p&typeid=i","cat":285285},{"id":235404,"n":"Lait éveil croissance Lactel  système immunitaire - 6x1L","p":11.98,"u":"2,00 €/L","img":"https://fd9-photos.leclercdrive.fr/image.ashx?id=2776531&use=l&cat=p&typeid=i","cat":284728},{"id":235405,"n":"Friandises chat temptations Whiskas saveur saumon - 60g","p":1.19,"u":"19,83 €/KG","img":"https://fd9-photos.leclercdrive.fr/image.ashx?id=2976854&use=l&cat=p&typeid=i","cat":285285},{"id":235413,"n":"Tube harissa El Manar  - 140g","p":0.7,"u":"5,00 €/KG","img":"https://fd9-photos.leclercdrive.fr/image.ashx?id=2776552&use=l&cat=p&typeid=i","cat":289013},{"id":235459,"n":"Goûter moelleux Tendrissime Cacao Noisette x8 - 264g","p":3.06,"u":"11,59 €/KG","img":"https://fd9-photos.leclercdrive.fr/image.ashx?id=2962461&use=l&cat=p&typeid=i","cat":284495},{"id":235476,"n":"Chips Tortilla Old El Paso Crunchy Fromage - 185g","p":2.59,"u":"14,00 €/KG","img":"https://fd9-photos.leclercdrive.fr/image.ashx?id=2778608&use=l&cat=p&typeid=i","cat":287899},{"id":235542,"n":"Dentifrice enfant Signal Arôme fruité - 0-6 mois 2x75ml","p":4.65,"u":"31,00 €/L","img":"https://fd9-photos.leclercdrive.fr/image.ashx?id=2779106&use=l&cat=p&typeid=i","cat":288898},{"id":235547,"n":"Bière blonde IPA Brooklyn Pulp Art 6° - 50cl canette","p":2.39,"u":"4,78 €/L","img":"https://fd9-photos.leclercdrive.fr/image.ashx?id=2779390&use=l&cat=p&typeid=i","cat":334853},{"id":235569,"n":"Thé noir Bio Clipper English Breakfast -  20 sachets","p":2.33,"u":"58,25 €/KG","img":"https://fd9-photos.leclercdrive.fr/image.ashx?id=2908306&use=l&cat=p&typeid=i","cat":293233},{"id":235636,"n":"Capsules lave-vaisselle Finish Quantum Citron - x46 - 478g","p":9.52,"u":"19,92 €/KG","img":"https://fd9-photos.leclercdrive.fr/image.ashx?id=2780493&use=l&cat=p&typeid=i","cat":284656},{"id":235655,"n":"Cassonade Saint Louis Equitable - 650g","p":2.26,"u":"3,48 €/KG","img":"https://fd9-photos.leclercdrive.fr/image.ashx?id=2780214&use=l&cat=p&typeid=i","cat":284502},{"id":235671,"n":"Fromage chaud Le Braison 240g","p":6.2,"u":"25,83 €/KG","img":"https://fd9-photos.leclercdrive.fr/image.ashx?id=2970771&use=l&cat=p&typeid=i","cat":314037},{"id":235685,"n":"Lait bébé en poudre Calisma Gallia Croissance 12 mois 830g","p":10.6,"u":"12,77 €/KG","img":"https://fd9-photos.leclercdrive.fr/image.ashx?id=2794274&use=l&cat=p&typeid=i","cat":290219},{"id":235710,"n":"Chapelure Tablier Blanc 400g","p":0.88,"u":"2,20 €/KG","img":"https://fd9-photos.leclercdrive.fr/image.ashx?id=2793335&use=l&cat=p&typeid=i","cat":288382},{"id":235786,"n":"Tablette lave-vaisselle Visior Tout-en-un - x45 - 765g","p":5.27,"u":"6,89 €/KG","img":"https://fd9-photos.leclercdrive.fr/image.ashx?id=2954902&use=l&cat=p&typeid=i","cat":284656},{"id":235793,"n":"Dentifrice Junior Signal Menthe douce - 6-13 ans 75ml","p":2.99,"u":"39,87 €/L","img":"https://fd9-photos.leclercdrive.fr/image.ashx?id=2993502&use=l&cat=p&typeid=i","cat":288898},{"id":235808,"n":"Déodorant spray Sanex Zéro 0% Sensitive - 2x100ml","p":5.32,"u":"26,60 €/L","img":"https://fd9-photos.leclercdrive.fr/image.ashx?id=2781738&use=l&cat=p&typeid=i","cat":284595},{"id":235811,"n":"Déodorant spray Sanex Zéro 0% Extra Control - 2x100ml","p":5.32,"u":"26,60 €/L","img":"https://fd9-photos.leclercdrive.fr/image.ashx?id=2781741&use=l&cat=p&typeid=i","cat":284595},{"id":235831,"n":"Brosse à dent électrique +1 Recharge Active Power","p":14.99,"img":"https://fd9-photos.leclercdrive.fr/image.ashx?id=2781049&use=l&cat=p&typeid=i","cat":297133},{"id":235858,"n":"Mini pizza Italpizza Proscuitto - 290g","p":2.57,"u":"8,86 €/KG","img":"https://fd9-photos.leclercdrive.fr/image.ashx?id=2781699&use=l&cat=p&typeid=i","cat":284256},{"id":235864,"n":"Carafe filtrante Marella Brita Blanche - 2.4L - x1 recharge","p":25.56,"img":"https://fd9-photos.leclercdrive.fr/image.ashx?id=2878276&use=l&cat=p&typeid=i","cat":334135},{"id":235914,"n":"Aubergines Cuisinées Cassegrain A la Provençale 3x375g","p":7.42,"u":"6,60 €/KG","img":"https://fd9-photos.leclercdrive.fr/image.ashx?id=2926305&use=l&cat=p&typeid=i","cat":312612},{"id":235927,"n":"Fromage pour raclette Pochat & Fils - Au chèvre - 250g","p":5.72,"u":"22,88 €/KG","img":"https://fd9-photos.leclercdrive.fr/image.ashx?id=2781459&use=l&cat=p&typeid=i","cat":314037},{"id":235951,"n":"Frite classique Mc Cain Air Fryer - 600g","p":2.81,"u":"4,68 €/KG","img":"https://fd9-photos.leclercdrive.fr/image.ashx?id=2973345&use=l&cat=p&typeid=i","cat":319791},{"id":235952,"n":"Noisettes Mc Cain Air Fryer - 550g","p":2.67,"u":"4,85 €/KG","img":"https://fd9-photos.leclercdrive.fr/image.ashx?id=2878474&use=l&cat=p&typeid=i","cat":319792},{"id":236050,"n":"Lait bébé en poudre Calisma Gallia Junior Dès 18 mois 830g","p":10.67,"u":"12,86 €/KG","img":"https://fd9-photos.leclercdrive.fr/image.ashx?id=2907860&use=l&cat=p&typeid=i","cat":290219},{"id":236083,"n":"Boisson Monster Energy zero Ultra rosa - 50cl","p":1.74,"u":"3,48 €/L","img":"https://fd9-photos.leclercdrive.fr/image.ashx?id=2784465&use=l&cat=p&typeid=i","cat":284533},{"id":236266,"n":"Boisson Monster Energy zero Ultra peachy keen - 50cl","p":1.71,"u":"3,42 €/L","img":"https://fd9-photos.leclercdrive.fr/image.ashx?id=2789116&use=l&cat=p&typeid=i","cat":284533},{"id":236389,"n":"Fromage raclette Entremont  Autrement bonne - 350g","p":4.87,"u":"13,91 €/KG","img":"https://fd9-photos.leclercdrive.fr/image.ashx?id=2980905&use=l&cat=p&typeid=i","cat":314037},{"id":236397,"n":"Franui Framboise  chocolat au lait - 150g","p":5.98,"u":"39,87 €/KG","img":"https://fd9-photos.leclercdrive.fr/image.ashx?id=3003441&use=l&cat=p&typeid=i","cat":284266},{"id":236433,"n":"Haché moelleux Férial 600g","p":6.55,"u":"10,92 €/KG","img":"https://fd9-photos.leclercdrive.fr/image.ashx?id=2789700&use=l&cat=p&typeid=i","cat":319779},{"id":236595,"n":"Fromage rapé Leerdammer  Fruité fondant 150g","p":2.2,"u":"14,67 €/KG","img":"https://fd9-photos.leclercdrive.fr/image.ashx?id=2793578&use=l&cat=p&typeid=i","cat":314035},{"id":236676,"n":"Bâtonnets Mikado Chocolat au lait - 6x100g","p":10.45,"u":"17,42 €/KG","img":"https://fd9-photos.leclercdrive.fr/image.ashx?id=2805885&use=l&cat=p&typeid=i","cat":284488},{"id":236687,"n":"Papier cadeau Disney La Reine des Neiges - 5mx1m","p":1.75,"img":"https://fd9-photos.leclercdrive.fr/image.ashx?id=2795577&use=l&cat=p&typeid=i","cat":335914},{"id":236688,"n":"Papier cadeau Disney Minnie et Mickey - Vert - 5mx1m","p":1.75,"img":"https://fd9-photos.leclercdrive.fr/image.ashx?id=2795580&use=l&cat=p&typeid=i","cat":335914},{"id":236689,"n":"Papier cadeau Disney Cars noël - Rouge - 5mx1m","p":1.75,"img":"https://fd9-photos.leclercdrive.fr/image.ashx?id=2795583&use=l&cat=p&typeid=i","cat":335914},{"id":236765,"n":"Lessive liquide Skip Couleur Protect 2x2.16L","p":27.79,"u":"6,43 €/L","img":"https://fd9-photos.leclercdrive.fr/image.ashx?id=2961341&use=l&cat=p&typeid=i","cat":284640},{"id":236810,"n":"Pavé de saumon Eco+ 4x110g","p":8.99,"u":"20,43 €/KG","img":"https://fd9-photos.leclercdrive.fr/image.ashx?id=2796333&use=l&cat=p&typeid=i","cat":284342},{"id":236986,"n":"Marrons glacés Motta x15 - 255g","p":15.87,"u":"62,24 €/KG","img":"https://fd9-photos.leclercdrive.fr/image.ashx?id=2797530&use=l&cat=p&typeid=i","cat":327603},{"id":237047,"n":"Moulage Kinder Caramel - 110g","p":3.68,"u":"33,45 €/KG","img":"https://fd9-photos.leclercdrive.fr/image.ashx?id=2797013&use=l&cat=p&typeid=i","cat":327592},{"id":237058,"n":"Calendrier de l'Avent Nutella 528g","p":34.07,"u":"64,53 €/KG","img":"https://fd9-photos.leclercdrive.fr/image.ashx?id=2940531&use=l&cat=p&typeid=i","cat":336112},{"id":237061,"n":"Boite candy canes Fizzy - 140g","p":3.01,"u":"21,50 €/KG","img":"https://fd9-photos.leclercdrive.fr/image.ashx?id=2796833&use=l&cat=p&typeid=i","cat":327592},{"id":237072,"n":"Bombe Chocolat Libeert Chocolat chaud - 80g","p":5.45,"u":"68,13 €/KG","img":"https://fd9-photos.leclercdrive.fr/image.ashx?id=2801479&use=l&cat=p&typeid=i","cat":327592},{"id":237073,"n":"Bombe Libeert Triple chocolat - 80g","p":5.45,"u":"68,13 €/KG","img":"https://fd9-photos.leclercdrive.fr/image.ashx?id=2801476&use=l&cat=p&typeid=i","cat":327592},{"id":237128,"n":"Assortiment chocolat Lanvin Chocolat noir - 294g","p":14.58,"u":"49,59 €/KG","img":"https://fd9-photos.leclercdrive.fr/image.ashx?id=2966149&use=l&cat=p&typeid=i","cat":327595},{"id":237129,"n":"Les Bouchées Les Recettes de L'Atelier - Lait et noir - 398G","p":14.75,"pp":11.06,"u":"27,79 €/KG","img":"https://fd9-photos.leclercdrive.fr/image.ashx?id=2797106&use=l&cat=p&typeid=i","cat":327595},{"id":237131,"n":"Boîte chocolat Lanvin Assortiment chocolat Lait 274g","p":14.58,"u":"53,21 €/KG","img":"https://fd9-photos.leclercdrive.fr/image.ashx?id=2797139&use=l&cat=p&typeid=i","cat":327595},{"id":237132,"n":"L'escargot chocolat Lanvin Trio Lait Blanc Noir - 362g","p":17.15,"u":"47,38 €/KG","img":"https://fd9-photos.leclercdrive.fr/image.ashx?id=2966146&use=l&cat=p&typeid=i","cat":327595},{"id":237134,"n":"L'escargot chocolat Lanvin Duo Lait noir - 362G","p":14.88,"u":"41,10 €/KG","img":"https://fd9-photos.leclercdrive.fr/image.ashx?id=2902843&use=l&cat=p&typeid=i","cat":327595},{"id":237146,"n":"Papillotes Pâtes de fruit Chocolaterie du Forez - 840g","p":15.59,"u":"185,60 €/KG","img":"https://fd9-photos.leclercdrive.fr/image.ashx?id=2797828&use=l&cat=p&typeid=i","cat":327597},{"id":237147,"n":"Papillotes Chocolat Praliné   Chocolaterie du Forez - 840g","p":13.7,"u":"16,31 €/KG","img":"https://fd9-photos.leclercdrive.fr/image.ashx?id=2797831&use=l&cat=p&typeid=i","cat":327597},{"id":237158,"n":"Boîte chocolat Révillon Noir 70% Lait Blanc - 409g","p":19.38,"u":"47,38 €/KG","img":"https://fd9-photos.leclercdrive.fr/image.ashx?id=2900797&use=l&cat=p&typeid=i","cat":327595},{"id":237837,"n":"Ouvre boite éco +","p":1.13,"img":"https://fd9-photos.leclercdrive.fr/image.ashx?id=2804777&use=l&cat=p&typeid=i","cat":334135},{"id":237843,"n":"Paupiettes de porc Bigard Chèvre cendré Miel - 375g","p":5.46,"u":"14,56 €/KG","img":"https://fd9-photos.leclercdrive.fr/image.ashx?id=2796803&use=l&cat=p&typeid=i","cat":284331},{"id":237844,"n":"Rince doigts x10  Homeside","p":1.9,"img":"https://fd9-photos.leclercdrive.fr/image.ashx?id=2806792&use=l&cat=p&typeid=i","cat":334135},{"id":237849,"n":"Nakd Protein cacao/noisettes  135g","p":2.82,"u":"20,89 €/KG","img":"https://fd9-photos.leclercdrive.fr/image.ashx?id=2796968&use=l&cat=p&typeid=i","cat":300032},{"id":237925,"n":"Bonbons Halloween Trolli Sweet & Sour - 360g","p":3.9,"pp":2.73,"u":"7,58 €/KG","img":"https://fd9-photos.leclercdrive.fr/image.ashx?id=2925532&use=l&cat=p&typeid=i","cat":304250},{"id":237932,"n":"Kebab volaille Alsalor 500g","p":6.28,"u":"12,56 €/KG","img":"https://fd9-photos.leclercdrive.fr/image.ashx?id=2797870&use=l&cat=p&typeid=i","cat":319780},{"id":237940,"n":"Pâtes Barilla Fusilloni  Al Bronzo - 500g","p":1.99,"u":"3,98 €/KG","img":"https://fd9-photos.leclercdrive.fr/image.ashx?id=2797906&use=l&cat=p&typeid=i","cat":284427},{"id":237947,"n":"Pâtes Barilla Mezzi Rigatoni Al Bronzo - 500g","p":2.0,"u":"4,00 €/KG","img":"https://fd9-photos.leclercdrive.fr/image.ashx?id=2798680&use=l&cat=p&typeid=i","cat":284427},{"id":237948,"n":"Pâtes Barilla Fusilli  Al Bronzo - 500g","p":2.0,"u":"4,00 €/KG","img":"https://fd9-photos.leclercdrive.fr/image.ashx?id=2798689&use=l&cat=p&typeid=i","cat":284427},{"id":237949,"n":"Pâtes Barilla Penne Rigate Al Bronzo - 500g","p":2.0,"u":"4,00 €/KG","img":"https://fd9-photos.leclercdrive.fr/image.ashx?id=2798677&use=l&cat=p&typeid=i","cat":284427},{"id":237950,"n":"Pâtes Barilla Linguine  Al Bronzo - 500g","p":1.99,"u":"3,98 €/KG","img":"https://fd9-photos.leclercdrive.fr/image.ashx?id=2798683&use=l&cat=p&typeid=i","cat":284427},{"id":238013,"n":"Papier cadeau Gabby  1 pièce","p":1.25,"img":"https://fd9-photos.leclercdrive.fr/image.ashx?id=2854639&use=l&cat=p&typeid=i","cat":335914},{"id":238049,"n":"Glace en pot Ben & Jerry's Spectacu-love - 392g","p":4.05,"u":"10,33 €/KG","img":"https://fd9-photos.leclercdrive.fr/image.ashx?id=2910937&use=l&cat=p&typeid=i","cat":284725},{"id":238056,"n":"Pâtes Barilla Spaghettoni  Al Bronzo - 500g","p":2.0,"u":"4,00 €/KG","img":"https://fd9-photos.leclercdrive.fr/image.ashx?id=2798686&use=l&cat=p&typeid=i","cat":284427},{"id":238073,"n":"Soda Coca-Cola Sans Sucres Bouteille - Pack 6x50CL","p":5.62,"u":"1,87 €/L","img":"https://fd9-photos.leclercdrive.fr/image.ashx?id=2860532&use=l&cat=p&typeid=i","cat":284530},{"id":238167,"n":"Whisky Aberlour Triple Cast 40% 70cl","p":36.83,"u":"52,61 €/L","img":"https://fd9-photos.leclercdrive.fr/image.ashx?id=2999006&use=l&cat=p&typeid=i","cat":284547},{"id":238174,"n":"Nettoyant concentré Mixa Hydratant Lot de 2 - 2x15cl","p":9.2,"u":"30,67 €/L","img":"https://fd9-photos.leclercdrive.fr/image.ashx?id=2919763&use=l&cat=p&typeid=i","cat":284603},{"id":238313,"n":"Nouilles Tables du Monde Curry - 3x65g","p":1.39,"u":"7,13 €/KG","img":"https://fd9-photos.leclercdrive.fr/image.ashx?id=2799850&use=l&cat=p&typeid=i","cat":288992},{"id":238367,"n":"Papier cadeau Naruto 1 pièce","p":1.25,"img":"https://fd9-photos.leclercdrive.fr/image.ashx?id=2854642&use=l&cat=p&typeid=i","cat":335914},{"id":238377,"n":"Mousse à raser Wilkinson 200ml","p":2.63,"u":"13,15 €/L","img":"https://fd9-photos.leclercdrive.fr/image.ashx?id=2801252&use=l&cat=p&typeid=i","cat":284617},{"id":238379,"n":"Mousse à raser mini Wilkinson 75ml","p":2.29,"u":"30,53 €/L","img":"https://fd9-photos.leclercdrive.fr/image.ashx?id=2895008&use=l&cat=p&typeid=i","cat":284617},{"id":238410,"n":"Pancakes bio Yooji pour bébé Carotte et Maïs 120g","p":3.27,"u":"27,25 €/KG","img":"https://fd9-photos.leclercdrive.fr/image.ashx?id=2800950&use=l&cat=p&typeid=i","cat":290631},{"id":238411,"n":"Pancakes bio Yooji pour bébé Petit pois epinard 120g","p":3.42,"u":"28,50 €/KG","img":"https://fd9-photos.leclercdrive.fr/image.ashx?id=2800953&use=l&cat=p&typeid=i","cat":290631},{"id":238415,"n":"Pancakes bio Yooji pour bébé Banane 120g","p":3.4,"u":"28,33 €/KG","img":"https://fd9-photos.leclercdrive.fr/image.ashx?id=2800956&use=l&cat=p&typeid=i","cat":312394},{"id":238421,"n":"Chewing-Gum Bubble Gum Fancy Fruit HUBBA BUBBA, 56g","p":2.03,"u":"36,25 €/KG","img":"https://fd9-photos.leclercdrive.fr/image.ashx?id=2801219&use=l&cat=p&typeid=i","cat":304251},{"id":238423,"n":"Chewing-gum Refreshers  Menthe verte, 67g","p":3.26,"u":"48,66 €/KG","img":"https://fd9-photos.leclercdrive.fr/image.ashx?id=3008990&use=l&cat=p&typeid=i","cat":304251},{"id":238425,"n":"Chewing-gum Freedent Refreshers  Mangue Ananas 67g","p":3.45,"u":"51,49 €/KG","img":"https://fd9-photos.leclercdrive.fr/image.ashx?id=2897294&use=l&cat=p&typeid=i","cat":304251},{"id":238429,"n":"Chocolat au lait Tablette d'Or caramel beurre salé 180g","p":2.49,"u":"13,83 €/KG","img":"https://fd9-photos.leclercdrive.fr/image.ashx?id=2800758&use=l&cat=p&typeid=i","cat":284497},{"id":238430,"n":"Bâtonnets Popelino Chocolat Noisettes du Piemont 4x78g","p":4.85,"u":"15,54 €/KG","img":"https://fd9-photos.leclercdrive.fr/image.ashx?id=2848313&use=l&cat=p&typeid=i","cat":284265},{"id":238530,"n":"Ravioli Lustucru Selection  4 fromages - 310g","p":1.94,"u":"6,26 €/KG","img":"https://fd9-photos.leclercdrive.fr/image.ashx?id=2962524&use=l&cat=p&typeid=i","cat":333682},{"id":238536,"n":"Choco mini cacahuète Noël Haribo - 280g","p":4.8,"u":"17,14 €/KG","img":"https://fd9-photos.leclercdrive.fr/image.ashx?id=2817416&use=l&cat=p&typeid=i","cat":304250},{"id":238538,"n":"Mini chamallows choco Noël Haribo - 280g","p":4.8,"u":"17,14 €/KG","img":"https://fd9-photos.leclercdrive.fr/image.ashx?id=2801860&use=l&cat=p&typeid=i","cat":304250},{"id":238565,"n":"Compotes gourdes Pom'Potes Multivariétés - 64x90g","p":28.39,"pp":19.87,"u":"3,45 €/KG","img":"https://fd9-photos.leclercdrive.fr/image.ashx?id=2977270&use=l&cat=p&typeid=i","cat":284508},{"id":238721,"n":"Coffret Cuvée de Noël  - 3x75cl","p":15.75,"u":"7,00 €/L","img":"https://fd9-photos.leclercdrive.fr/image.ashx?id=2802581&use=l&cat=p&typeid=i","cat":334872},{"id":238723,"n":"Coffret Cuvée des Trolls + 1 verre - 7% 5x33cl","p":18.14,"u":"10,99 €/L","img":"https://fd9-photos.leclercdrive.fr/image.ashx?id=2802653&use=l&cat=p&typeid=i","cat":334872},{"id":238730,"n":"Sarment chocolat noir orange Mademoiselle de Margaux 150g","p":6.66,"u":"44,40 €/KG","img":"https://fd9-photos.leclercdrive.fr/image.ashx?id=2802572&use=l&cat=p&typeid=i","cat":327601},{"id":238785,"n":"Jambon Le tranché fin  Dégustation 4 tranches 120g","p":2.8,"u":"23,33 €/KG","img":"https://fd9-photos.leclercdrive.fr/image.ashx?id=2889298&use=l&cat=p&typeid=i","cat":316009},{"id":238788,"n":"Plat cuisiné lasagnes ricotta épinards 300g","p":3.49,"u":"11,63 €/KG","img":"https://fd9-photos.leclercdrive.fr/image.ashx?id=3003260&use=l&cat=p&typeid=i","cat":333665},{"id":238796,"n":"Menus Gourmands Viande en  gelée Tous mes Amis - 48x100g","p":13.95,"u":"2,91 €/KG","img":"https://fd9-photos.leclercdrive.fr/image.ashx?id=2820007&use=l&cat=p&typeid=i","cat":285286},{"id":238833,"n":"Doonuts marbrés Saint Michel x8 - 360g","p":2.0,"u":"5,56 €/KG","img":"https://fd9-photos.leclercdrive.fr/image.ashx?id=2953851&use=l&cat=p&typeid=i","cat":284495},{"id":238872,"n":"Quinoa facile Lustucru 300g","p":2.48,"u":"8,27 €/KG","img":"https://fd9-photos.leclercdrive.fr/image.ashx?id=2804565&use=l&cat=p&typeid=i","cat":284429},{"id":238895,"n":"Pilon de poulet jaune Eco+ 1kg","p":4.74,"u":"4,74 €/KG","img":"https://fd9-photos.leclercdrive.fr/image.ashx?id=2804169&use=l&cat=p&typeid=i","cat":284336},{"id":238955,"n":"Poivre Panniyoor Bio Ethiquable Kerala - 50g","p":4.1,"u":"82,00 €/KG","img":"https://fd9-photos.leclercdrive.fr/image.ashx?id=2876905&use=l&cat=p&typeid=i","cat":284457},{"id":238984,"n":"Rasoir Tondeuse Carré Homme Hybride +1 recharge","p":17.9,"u":"17,90 €/PRT","img":"https://fd9-photos.leclercdrive.fr/image.ashx?id=2804072&use=l&cat=p&typeid=i","cat":284616},{"id":238985,"n":"Recharge rasoir tondeuse Hybride - Carré homme","p":8.99,"img":"https://fd9-photos.leclercdrive.fr/image.ashx?id=2804075&use=l&cat=p&typeid=i","cat":284616},{"id":239001,"n":"Fourchettes à fondue Homeside Manche en bois - x3","p":3.9,"img":"https://fd9-photos.leclercdrive.fr/image.ashx?id=2808670&use=l&cat=p&typeid=i","cat":334135},{"id":239076,"n":"Foie gras de canard Larnaudie Entier - 160g","p":23.5,"u":"146,88 €/KG","img":"https://fd9-photos.leclercdrive.fr/image.ashx?id=2918637&use=l&cat=p&typeid=i","cat":316008},{"id":239101,"n":"Riz Thaï Taureau Ailé 1kg","p":3.2,"u":"3,20 €/KG","img":"https://fd9-photos.leclercdrive.fr/image.ashx?id=2805558&use=l&cat=p&typeid=i","cat":284428},{"id":239122,"n":"Assortiment chocolat Hamlet Coffret \"croco\" marron 250g","p":11.95,"pp":8.96,"u":"35,84 €/KG","img":"https://fd9-photos.leclercdrive.fr/image.ashx?id=2804367&use=l&cat=p&typeid=i","cat":284499},{"id":239125,"n":"Assortiment chocolat Hamlet Coffret \"croco\" beige 250g","p":11.95,"pp":8.96,"u":"35,84 €/KG","img":"https://fd9-photos.leclercdrive.fr/image.ashx?id=2804370&use=l&cat=p&typeid=i","cat":284499},{"id":239127,"n":"Assortiment chocolat Hamlet Coffret \"croco\" vert 250g","p":11.95,"pp":8.96,"u":"35,84 €/KG","img":"https://fd9-photos.leclercdrive.fr/image.ashx?id=2804373&use=l&cat=p&typeid=i","cat":284499},{"id":239183,"n":"Jus multifruits Abc Eco+ 1L","p":1.11,"u":"1,11 €/L","img":"https://fd9-photos.leclercdrive.fr/image.ashx?id=2804840&use=l&cat=p&typeid=i","cat":284917},{"id":239207,"n":"Coloration Palette N°909 Noir bleuté - x1","p":4.55,"img":"https://fd9-photos.leclercdrive.fr/image.ashx?id=2911294&use=l&cat=p&typeid=i","cat":288899},{"id":239211,"n":"Huile Essentielle So Bio Etic  Eucalyptus Globuleux Bio - 12ml","p":4.0,"u":"333,33 €/MT","img":"https://fd9-photos.leclercdrive.fr/image.ashx?id=2805456&use=l&cat=p&typeid=i","cat":284630},{"id":239213,"n":"Huile Essentielle So Bio Etic Arbre à thé Bio - 12ml","p":4.87,"u":"405,83 €/L","img":"https://fd9-photos.leclercdrive.fr/image.ashx?id=2805459&use=l&cat=p&typeid=i","cat":284630},{"id":239215,"n":"Huile Essentielle So Bio Etic Menthe poivrée Bio - 10ml","p":8.05,"u":"805,00 €/L","img":"https://fd9-photos.leclercdrive.fr/image.ashx?id=2805462&use=l&cat=p&typeid=i","cat":284630},{"id":239218,"n":"Lingettes Décolor Stop  Anti-décoloration x52","p":7.1,"u":"0,14 €/P","img":"https://fd9-photos.leclercdrive.fr/image.ashx?id=2805264&use=l&cat=p&typeid=i","cat":290450},{"id":239226,"n":"Adoucissant recharge Soupline à diluer Grand Air - 600ml","p":2.18,"u":"3,63 €/L","img":"https://fd9-photos.leclercdrive.fr/image.ashx?id=2957314&use=l&cat=p&typeid=i","cat":284650},{"id":239227,"n":"Adoucissant recharge Soupline à diluer Hypoallergénique 600ml","p":2.63,"u":"4,38 €/L","img":"https://fd9-photos.leclercdrive.fr/image.ashx?id=2813546&use=l&cat=p&typeid=i","cat":284650},{"id":239228,"n":"Adoucissant recharge Soupline à diluer Moment Magique-600ml","p":2.71,"u":"4,52 €/L","img":"https://fd9-photos.leclercdrive.fr/image.ashx?id=2863027&use=l&cat=p&typeid=i","cat":284650},{"id":239229,"n":"Brume de linge Soupline spray Grand Air - 300ml","p":5.69,"u":"18,97 €/L","img":"https://fd9-photos.leclercdrive.fr/image.ashx?id=2866202&use=l&cat=p&typeid=i","cat":325302},{"id":239234,"n":"Dentifrice Colgate Total Résistance de l'émail 75ml","p":3.16,"u":"42,13 €/L","img":"https://fd9-photos.leclercdrive.fr/image.ashx?id=2832578&use=l&cat=p&typeid=i","cat":284612},{"id":239235,"n":"Lingettes bébé Biolane Pure water - x48","p":2.86,"img":"https://fd9-photos.leclercdrive.fr/image.ashx?id=2877907&use=l&cat=p&typeid=i","cat":284738},{"id":239236,"n":"Lingettes pocket bébé Biolane Visage et mains - x20","p":1.56,"img":"https://fd9-photos.leclercdrive.fr/image.ashx?id=2806195&use=l&cat=p&typeid=i","cat":284738},{"id":239239,"n":"Couches bébé Mots d'enfant Taille 4 - 7-18kg - x92","p":12.67,"img":"https://fd9-photos.leclercdrive.fr/image.ashx?id=2922442&use=l&cat=p&typeid=i","cat":284737},{"id":239241,"n":"Couches bébé Mots d'enfant Taille 4+ - 9-20kg - x88","p":12.67,"img":"https://fd9-photos.leclercdrive.fr/image.ashx?id=2922445&use=l&cat=p&typeid=i","cat":284737},{"id":239396,"n":"Filet de canard cuit Maître Coq Sauce champignon - 440g","p":15.99,"u":"36,34 €/KG","img":"https://fd9-photos.leclercdrive.fr/image.ashx?id=2806979&use=l&cat=p&typeid=i","cat":327289},{"id":239478,"n":"Burger Géant Jacquet Nature x4 - 330g","p":0.98,"u":"2,97 €/KG","img":"https://fd9-photos.leclercdrive.fr/image.ashx?id=3010981&use=l&cat=p&typeid=i","cat":325067},{"id":239509,"n":"Préparation maison Vahiné Gâteau 3en1 chocolat  280g","p":2.48,"u":"8,86 €/KG","img":"https://fd9-photos.leclercdrive.fr/image.ashx?id=2806961&use=l&cat=p&typeid=i","cat":284505},{"id":239615,"n":"Boisson hydratation Prime Ice pop 500ml","p":1.74,"u":"3,48 €/L","img":"https://fd9-photos.leclercdrive.fr/image.ashx?id=2807882&use=l&cat=p&typeid=i","cat":284533},{"id":239616,"n":"Boisson hydratation Prime Framboise 500ml","p":1.75,"u":"3,50 €/L","img":"https://fd9-photos.leclercdrive.fr/image.ashx?id=2807879&use=l&cat=p&typeid=i","cat":284533},{"id":239617,"n":"Boisson hydratation Prime Fraise pastèque 500ml","p":1.67,"u":"3,34 €/L","img":"https://fd9-photos.leclercdrive.fr/image.ashx?id=2849277&use=l&cat=p&typeid=i","cat":284533},{"id":239678,"n":"Purée façon écrasé Risotto  Yooji 8 mois - 400g","p":3.81,"u":"9,53 €/KG","img":"https://fd9-photos.leclercdrive.fr/image.ashx?id=2811482&use=l&cat=p&typeid=i","cat":312236},{"id":239864,"n":"Velouté Liebig 12 legumes - 2x30cl","p":1.85,"u":"3,08 €/L","img":"https://fd9-photos.leclercdrive.fr/image.ashx?id=2923513&use=l&cat=p&typeid=i","cat":284462},{"id":239879,"n":"Soupe Liebig Legumes lait de coco - 1L","p":3.63,"u":"3,63 €/L","img":"https://fd9-photos.leclercdrive.fr/image.ashx?id=2810639&use=l&cat=p&typeid=i","cat":284462},{"id":239888,"n":"Bouillon Maggi Tomate vermicelle - 70g","p":0.59,"u":"8,43 €/KG","img":"https://fd9-photos.leclercdrive.fr/image.ashx?id=2811713&use=l&cat=p&typeid=i","cat":288379},{"id":239891,"n":"Poule aux vermicelles Maggi 65g","p":0.61,"u":"9,38 €/KG","img":"https://fd9-photos.leclercdrive.fr/image.ashx?id=2811716&use=l&cat=p&typeid=i","cat":288379},{"id":239899,"n":"Plat Bledina Boeuf et carotte - 200g","p":2.33,"u":"11,65 €/KG","img":"https://fd9-photos.leclercdrive.fr/image.ashx?id=2866307&use=l&cat=p&typeid=i","cat":312238},{"id":239902,"n":"Saumon en croûte Côté Table 700g","p":7.49,"u":"10,70 €/KG","img":"https://fd9-photos.leclercdrive.fr/image.ashx?id=2808733&use=l&cat=p&typeid=i","cat":319776},{"id":239903,"n":"Bonbons  Copains  Copines Mini sucettes - 168g","p":2.19,"u":"13,04 €/KG","img":"https://fd9-photos.leclercdrive.fr/image.ashx?id=2934796&use=l&cat=p&typeid=i","cat":304250},{"id":239905,"n":"Nouilles Tables du Monde Legumes - 3x65g","p":1.39,"u":"7,13 €/KG","img":"https://fd9-photos.leclercdrive.fr/image.ashx?id=2808727&use=l&cat=p&typeid=i","cat":288992},{"id":239931,"n":"Petits Pots Lemoncelo Citron de Corse - 2x160ml","p":3.99,"u":"12,47 €/L","img":"https://fd9-photos.leclercdrive.fr/image.ashx?id=2811347&use=l&cat=p&typeid=i","cat":284266},{"id":239960,"n":"Sauce provencale Eco+ 390g","p":0.87,"u":"2,23 €/KG","img":"https://fd9-photos.leclercdrive.fr/image.ashx?id=2808964&use=l&cat=p&typeid=i","cat":299047},{"id":240002,"n":"Billes M&Ms caramel salé 367g","p":5.6,"u":"15,26 €/KG","img":"https://fd9-photos.leclercdrive.fr/image.ashx?id=2924770&use=l&cat=p&typeid=i","cat":304238},{"id":240113,"n":"Lessive liquide Super Croix Maroc - 5.67L 3x42 lavages","p":25.86,"u":"4,56 €/L","img":"https://fd9-photos.leclercdrive.fr/image.ashx?id=2811395&use=l&cat=p&typeid=i","cat":284640},{"id":240139,"n":"Lessive liquide Skip Fraîcheur intense - 3.33L","p":17.87,"u":"5,37 €/L","img":"https://fd9-photos.leclercdrive.fr/image.ashx?id=2813083&use=l&cat=p&typeid=i","cat":284640},{"id":240144,"n":"Lessive liquide Skip Extra détachant - 3.06L","p":18.45,"u":"6,03 €/L","img":"https://fd9-photos.leclercdrive.fr/image.ashx?id=2813095&use=l&cat=p&typeid=i","cat":284640},{"id":240234,"n":"Bûche glacée Pilpa Duo de Vanilles - 535g","p":5.27,"u":"9,85 €/KG","img":"https://fd9-photos.leclercdrive.fr/image.ashx?id=2812765&use=l&cat=p&typeid=i","cat":284266},{"id":240256,"n":"Papier cadeau Pat'Patrouille Christmas - 500x70cm","p":1.65,"img":"https://fd9-photos.leclercdrive.fr/image.ashx?id=2816764&use=l&cat=p&typeid=i","cat":335914},{"id":240426,"n":"Soda à l'orange Orangina 2x1,5L","p":4.14,"u":"1,38 €/L","img":"https://fd9-photos.leclercdrive.fr/image.ashx?id=2812690&use=l&cat=p&typeid=i","cat":284532},{"id":240427,"n":"Soda à l'orange Orangina 12x33cl","p":7.0,"u":"1,77 €/L","img":"https://fd9-photos.leclercdrive.fr/image.ashx?id=2946505&use=l&cat=p&typeid=i","cat":284532},{"id":240428,"n":"Soda à l'orange Orangina 6x33cl","p":3.68,"u":"1,86 €/L","img":"https://fd9-photos.leclercdrive.fr/image.ashx?id=2946502&use=l&cat=p&typeid=i","cat":284532},{"id":240482,"n":"Riz basmati Lustucru 10min - 5x180g","p":3.41,"u":"3,79 €/KG","img":"https://fd9-photos.leclercdrive.fr/image.ashx?id=2814163&use=l&cat=p&typeid=i","cat":284428},{"id":240593,"n":"Fromage Délice des Neiges pour tartiflettes 26% MG - 440g","p":6.01,"u":"13,66 €/KG","img":"https://fd9-photos.leclercdrive.fr/image.ashx?id=2926404&use=l&cat=p&typeid=i","cat":314037},{"id":240623,"n":"Laque fixation forte Elnett 200ml","p":5.93,"u":"29,65 €/L","img":"https://fd9-photos.leclercdrive.fr/image.ashx?id=2828013&use=l&cat=p&typeid=i","cat":284609},{"id":240695,"n":"Piles Energizer Max AA LR6 15+5 offertes","p":12.25,"u":"0,61 €/P","img":"https://fd9-photos.leclercdrive.fr/image.ashx?id=2815136&use=l&cat=p&typeid=i","cat":300572},{"id":240696,"n":"Piles Energizer Max AAA LR03 15+5 offertes","p":11.95,"u":"0,60 €/P","img":"https://fd9-photos.leclercdrive.fr/image.ashx?id=2818100&use=l&cat=p&typeid=i","cat":300572},{"id":240751,"n":"Spaghetti Barilla Quadrati Al bronzo - 500g","p":1.97,"u":"3,94 €/KG","img":"https://fd9-photos.leclercdrive.fr/image.ashx?id=2815145&use=l&cat=p&typeid=i","cat":284427},{"id":240833,"n":"Noix de pécan La Noix Gaillarde 500g","p":13.19,"u":"26,38 €/KG","img":"https://fd9-photos.leclercdrive.fr/image.ashx?id=2817749&use=l&cat=p&typeid=i","cat":284357},{"id":240835,"n":"Amande La Noix Gaillarde Emondée - 500g","p":8.26,"u":"16,52 €/KG","img":"https://fd9-photos.leclercdrive.fr/image.ashx?id=2815067&use=l&cat=p&typeid=i","cat":284357},{"id":240842,"n":"Skyr nature Délisse 4x100g","p":1.72,"u":"4,30 €/KG","img":"https://fd9-photos.leclercdrive.fr/image.ashx?id=2992588&use=l&cat=p&typeid=i","cat":315000},{"id":240843,"n":"Skyr nature Délisse 850g","p":2.75,"u":"3,24 €/KG","img":"https://fd9-photos.leclercdrive.fr/image.ashx?id=2992600&use=l&cat=p&typeid=i","cat":315000},{"id":240848,"n":"Girolles sauvages entières L'Origine du Goût 300g","p":4.85,"u":"16,17 €/KG","img":"https://fd9-photos.leclercdrive.fr/image.ashx?id=2814713&use=l&cat=p&typeid=i","cat":319805},{"id":240852,"n":"Cèpes morceaux L'Origine du Goût 300g","p":4.05,"u":"13,50 €/KG","img":"https://fd9-photos.leclercdrive.fr/image.ashx?id=2814917&use=l&cat=p&typeid=i","cat":319805},{"id":240853,"n":"Quart de jambon de Bayonne NRT - 200g","p":4.78,"u":"23,90 €/KG","img":"https://fd9-photos.leclercdrive.fr/image.ashx?id=2814911&use=l&cat=p&typeid=i","cat":316007},{"id":240863,"n":"Macarons Coup de Coeur Tipiak x12 - 180g","p":6.06,"u":"33,67 €/KG","img":"https://fd9-photos.leclercdrive.fr/image.ashx?id=2817743&use=l&cat=p&typeid=i","cat":284267},{"id":240867,"n":"Frites classiques Pom'lisse  2kg","p":3.69,"u":"1,85 €/KG","img":"https://fd9-photos.leclercdrive.fr/image.ashx?id=2814890&use=l&cat=p&typeid=i","cat":319791},{"id":240869,"n":"Gésiers de canard Volandrie Confits - 300g","p":3.9,"u":"13,00 €/KG","img":"https://fd9-photos.leclercdrive.fr/image.ashx?id=2814905&use=l&cat=p&typeid=i","cat":284715},{"id":240876,"n":"Yaourt à la Grecque Eco+ Nature - 4x125g","p":0.98,"u":"1,96 €/KG","img":"https://fd9-photos.leclercdrive.fr/image.ashx?id=2814854&use=l&cat=p&typeid=i","cat":284409},{"id":240883,"n":"Saumon fumé Delpeyrat Ecosse 4 tranches mini - 110g","p":5.99,"u":"54,45 €/KG","img":"https://fd9-photos.leclercdrive.fr/image.ashx?id=2901716&use=l&cat=p&typeid=i","cat":285188},{"id":240889,"n":"Oeufs de lompe Labeyrie  MSC 80g","p":4.17,"u":"52,13 €/KG","img":"https://fd9-photos.leclercdrive.fr/image.ashx?id=2817602&use=l&cat=p&typeid=i","cat":285191},{"id":240890,"n":"Oeufs de lompe rouge Labeyrie MSC 80g","p":4.17,"u":"52,13 €/KG","img":"https://fd9-photos.leclercdrive.fr/image.ashx?id=2817605&use=l&cat=p&typeid=i","cat":285191},{"id":240919,"n":"Morilles sauvages entières L'Origine du Goût 150g","p":5.99,"u":"39,93 €/KG","img":"https://fd9-photos.leclercdrive.fr/image.ashx?id=2974882&use=l&cat=p&typeid=i","cat":319805},{"id":241045,"n":"AOC Champagne Brut rosé en étui - Piper Heidsieck 75cl","p":32.52,"u":"43,36 €/L","img":"https://fd9-photos.leclercdrive.fr/image.ashx?id=2834353&use=l&cat=p&typeid=i","cat":284542},{"id":241099,"n":"Nouilles asiatiques Maggi Pad Thai - 128g","p":1.89,"u":"14,77 €/KG","img":"https://fd9-photos.leclercdrive.fr/image.ashx?id=2899776&use=l&cat=p&typeid=i","cat":288992},{"id":241215,"n":"Vin de France blanc Viognier - Bib 3L","p":13.81,"u":"4,60 €/L","img":"https://fd9-photos.leclercdrive.fr/image.ashx?id=2817578&use=l&cat=p&typeid=i","cat":289557},{"id":241216,"n":"IGP Ardèche blanc Chardonnay - 75cl","p":4.66,"u":"6,21 €/L","img":"https://fd9-photos.leclercdrive.fr/image.ashx?id=2817581&use=l&cat=p&typeid=i","cat":289557},{"id":241256,"n":"M&M's minis pochons  360g","p":5.04,"u":"14,00 €/KG","img":"https://fd9-photos.leclercdrive.fr/image.ashx?id=3005290&use=l&cat=p&typeid=i","cat":304238},{"id":241433,"n":"Fondue Juraflore Aux trois Comté - 400g","p":8.17,"u":"20,43 €/KG","img":"https://fd9-photos.leclercdrive.fr/image.ashx?id=2817797&use=l&cat=p&typeid=i","cat":314037},{"id":241489,"n":"Thon au naturel Petit Navire x3 - 112g","p":6.41,"u":"57,23 €/KG","img":"https://fd9-photos.leclercdrive.fr/image.ashx?id=2887491&use=l&cat=p&typeid=i","cat":303867},{"id":241812,"n":"Gourde bébé Blédina - 10 mois Multifruits - 8x85g","p":7.21,"u":"10,60 €/KG","img":"https://fd9-photos.leclercdrive.fr/image.ashx?id=2826642&use=l&cat=p&typeid=i","cat":312393},{"id":241912,"n":"Couches Culottes Huggies Pull-ups - T5 - x24","p":9.67,"img":"https://fd9-photos.leclercdrive.fr/image.ashx?id=2844721&use=l&cat=p&typeid=i","cat":290633},{"id":241916,"n":"Protection solaire Garnier Vitamine C - Spf50+ - 40ml","p":10.9,"u":"272,50 €/L","img":"https://fd9-photos.leclercdrive.fr/image.ashx?id=2828058&use=l&cat=p&typeid=i","cat":325355},{"id":241926,"n":"Biscuits  galettes Mère Poulard Coffret fer mythique - 472,5g","p":9.67,"u":"20,49 €/KG","img":"https://fd9-photos.leclercdrive.fr/image.ashx?id=2827917&use=l&cat=p&typeid=i","cat":284490},{"id":242136,"n":"Sachet dessing Foxter 250g","p":3.99,"u":"15,96 €/KG","img":"https://fd9-photos.leclercdrive.fr/image.ashx?id=2831619&use=l&cat=p&typeid=i","cat":300576},{"id":242182,"n":"Dattes branchées Algérie 1kg","p":9.5,"u":"9,50 €/KG","img":"https://fd9-photos.leclercdrive.fr/image.ashx?id=2843388&use=l&cat=p&typeid=i","cat":284357},{"id":242210,"n":"Tartinades de thon Petit Navire 250g","p":3.36,"u":"13,44 €/KG","img":"https://fd9-photos.leclercdrive.fr/image.ashx?id=2835848&use=l&cat=p&typeid=i","cat":284451},{"id":242214,"n":"Bloc WC Bref Deluxe  Magnolia précieux 2+1","p":2.88,"u":"0,96 €/P","img":"https://fd9-photos.leclercdrive.fr/image.ashx?id=2965022&use=l&cat=p&typeid=i","cat":284662},{"id":242218,"n":"Lingettes Mixa bébé au lait x80","p":2.72,"u":"0,03 €/P","img":"https://fd9-photos.leclercdrive.fr/image.ashx?id=2828079&use=l&cat=p&typeid=i","cat":284738},{"id":242258,"n":"Laque Elnett 300ml","p":7.8,"u":"26,00 €/L","img":"https://fd9-photos.leclercdrive.fr/image.ashx?id=2828019&use=l&cat=p&typeid=i","cat":284609},{"id":242259,"n":"Laque Elnett fixation forte 300ml","p":7.8,"u":"26,00 €/L","img":"https://fd9-photos.leclercdrive.fr/image.ashx?id=2828016&use=l&cat=p&typeid=i","cat":284609},{"id":242268,"n":"Démaquillant Mixa Yeux sensible 125ml","p":3.75,"u":"30,00 €/L","img":"https://fd9-photos.leclercdrive.fr/image.ashx?id=2828067&use=l&cat=p&typeid=i","cat":284603},{"id":242278,"n":"Lait vitaminé Viva Candia Demi-écrémé 8x1L","p":10.17,"u":"1,27 €/L","img":"https://fd9-photos.leclercdrive.fr/image.ashx?id=2891586&use=l&cat=p&typeid=i","cat":284377},{"id":242311,"n":"Lunettes romans Nos Régions ont du Talent 350g","p":2.79,"u":"7,97 €/KG","img":"https://fd9-photos.leclercdrive.fr/image.ashx?id=2856633&use=l&cat=p&typeid=i","cat":284489},{"id":242353,"n":"Riz Comptoir du Grain Thaï suprême - 500g","p":1.95,"u":"3,90 €/KG","img":"https://fd9-photos.leclercdrive.fr/image.ashx?id=2822371&use=l&cat=p&typeid=i","cat":284428},{"id":242435,"n":"Foie gras du Périgord Nos Région ont du Talent - 120g","p":6.9,"u":"57,50 €/KG","img":"https://fd9-photos.leclercdrive.fr/image.ashx?id=2824497&use=l&cat=p&typeid=i","cat":305148},{"id":242546,"n":"Cocktail Tails  Coffret Passion fruit - 50cl","p":13.6,"u":"27,20 €/L","img":"https://fd9-photos.leclercdrive.fr/image.ashx?id=2826474&use=l&cat=p&typeid=i","cat":284551},{"id":242597,"n":"Dentifrice Colgate Cristal Fraicheur - 2x75ml","p":3.81,"u":"25,40 €/L","img":"https://fd9-photos.leclercdrive.fr/image.ashx?id=2829051&use=l&cat=p&typeid=i","cat":284612},{"id":242598,"n":"Dentifrice Colgate Max Fresh Cristaux blancheur x2 - 150ml","p":3.69,"u":"24,60 €/L","img":"https://fd9-photos.leclercdrive.fr/image.ashx?id=2826273&use=l&cat=p&typeid=i","cat":284612},{"id":242600,"n":"Dentifrice Tonigencyl Colgate Gencive - 2x75ml","p":5.84,"u":"38,93 €/L","img":"https://fd9-photos.leclercdrive.fr/image.ashx?id=2829054&use=l&cat=p&typeid=i","cat":284612},{"id":242616,"n":"Saucisse L'Origine du Gout A la truffe - 100g","p":2.75,"u":"27,50 €/KG","img":"https://fd9-photos.leclercdrive.fr/image.ashx?id=2994408&use=l&cat=p&typeid=i","cat":316007},{"id":242619,"n":"Gruyère AOP Suisse L'Origine du Goût 150g","p":5.5,"u":"36,67 €/KG","img":"https://fd9-photos.leclercdrive.fr/image.ashx?id=2829241&use=l&cat=p&typeid=i","cat":314034},{"id":242683,"n":"Bière blanche Leffe 5,7% - 12x25cl","p":10.93,"u":"3,64 €/L","img":"https://fd9-photos.leclercdrive.fr/image.ashx?id=2828580&use=l&cat=p&typeid=i","cat":334878},{"id":242710,"n":"Yaourt à boire Myrtille Hipro 300g","p":2.3,"u":"7,67 €/KG","img":"https://fd9-photos.leclercdrive.fr/image.ashx?id=2826573&use=l&cat=p&typeid=i","cat":284415},{"id":242715,"n":"Kéfir à boire Activia Mangue - 280g","p":1.77,"u":"6,32 €/KG","img":"https://fd9-photos.leclercdrive.fr/image.ashx?id=2983015&use=l&cat=p&typeid=i","cat":284415},{"id":242717,"n":"Skyr à boire Danone Fraise - 270g","p":1.76,"u":"6,52 €/KG","img":"https://fd9-photos.leclercdrive.fr/image.ashx?id=2826564&use=l&cat=p&typeid=i","cat":284415},{"id":242718,"n":"Crème dessert protéinée Hipro Saveur chocolat - 180g","p":1.85,"u":"10,28 €/KG","img":"https://fd9-photos.leclercdrive.fr/image.ashx?id=2826582&use=l&cat=p&typeid=i","cat":285041},{"id":242719,"n":"Yaourt protéiné Hipro Fraise - 2x160g","p":2.4,"u":"7,50 €/KG","img":"https://fd9-photos.leclercdrive.fr/image.ashx?id=2945418&use=l&cat=p&typeid=i","cat":315000},{"id":242899,"n":"Soda à l'orange Orangina 4x1.5L","p":7.88,"u":"1,31 €/L","img":"https://fd9-photos.leclercdrive.fr/image.ashx?id=2825598&use=l&cat=p&typeid=i","cat":284532},{"id":242900,"n":"Vin rouge Union Européenne  François d'Aubigné - 3x25cl","p":1.99,"u":"2,65 €/L","img":"https://fd9-photos.leclercdrive.fr/image.ashx?id=2927170&use=l&cat=p&typeid=i","cat":289556},{"id":242907,"n":"Gel douche Sanex Zero Essential Peaux sensible 2x47.5ml","p":9.18,"u":"9,66 €/L","img":"https://fd9-photos.leclercdrive.fr/image.ashx?id=2826255&use=l&cat=p&typeid=i","cat":284594},{"id":242950,"n":"Toasts croquants 3 graines Labeyrie - 100g","p":2.62,"u":"26,20 €/KG","img":"https://fd9-photos.leclercdrive.fr/image.ashx?id=2825535&use=l&cat=p&typeid=i","cat":285191},{"id":243068,"n":"Cocktails Tails Rasberry Shaker - 50 cl","p":13.6,"u":"27,20 €/L","img":"https://fd9-photos.leclercdrive.fr/image.ashx?id=2825484&use=l&cat=p&typeid=i","cat":284551},{"id":243312,"n":"Nectar de cranberry Pauline 1L","p":3.03,"u":"3,03 €/L","img":"https://fd9-photos.leclercdrive.fr/image.ashx?id=2830417&use=l&cat=p&typeid=i","cat":284915},{"id":243336,"n":"Panettone Al Nocciola  Tradizioni d'Italia 500g","p":7.99,"u":"15,98 €/KG","img":"https://fd9-photos.leclercdrive.fr/image.ashx?id=2826327&use=l&cat=p&typeid=i","cat":293600},{"id":243486,"n":"Mélange Doumix Maître Prunille exotique - 350g","p":4.06,"u":"11,60 €/KG","img":"https://fd9-photos.leclercdrive.fr/image.ashx?id=2833684&use=l&cat=p&typeid=i","cat":284357},{"id":243688,"n":"Concentré de citron Frucci 75cl","p":1.54,"u":"2,05 €/L","img":"https://fd9-photos.leclercdrive.fr/image.ashx?id=2865308&use=l&cat=p&typeid=i","cat":295020},{"id":243706,"n":"Boisson energisante X-tense  Tropical - 50cl","p":0.98,"u":"1,96 €/L","img":"https://fd9-photos.leclercdrive.fr/image.ashx?id=2956795&use=l&cat=p&typeid=i","cat":284533},{"id":243721,"n":"Litchi Branche de l'Ile de la Réunion - 1kg","p":11.99,"u":"11,99 €/KG","img":"https://fd9-photos.leclercdrive.fr/image.ashx?id=2832662&use=l&cat=p&typeid=i","cat":284356},{"id":243774,"n":"Piles AAA Duracel Optimum x8","p":11.05,"img":"https://fd9-photos.leclercdrive.fr/image.ashx?id=2929119&use=l&cat=p&typeid=i","cat":300572},{"id":243957,"n":"Concentré Frucci Citron vert - 75cl","p":1.8,"u":"2,40 €/L","img":"https://fd9-photos.leclercdrive.fr/image.ashx?id=2865311&use=l&cat=p&typeid=i","cat":295020},{"id":243962,"n":"Lingettes Decolor Stop Protection couleurs - x22","p":3.86,"img":"https://fd9-photos.leclercdrive.fr/image.ashx?id=2890127&use=l&cat=p&typeid=i","cat":290450},{"id":243963,"n":"Lessive liquide Winni's Savon d'Alep & Verveine 1125ml","p":6.75,"u":"6,00 €/L","img":"https://fd9-photos.leclercdrive.fr/image.ashx?id=2834539&use=l&cat=p&typeid=i","cat":284640},{"id":243964,"n":"Lessive liquide Ecopack Winni's Savon d'Alep et Verveine 1350ml","p":6.74,"u":"4,99 €/L","img":"https://fd9-photos.leclercdrive.fr/image.ashx?id=2834542&use=l&cat=p&typeid=i","cat":284640},{"id":243967,"n":"Lessive liquide Winni's Couleurs Ecolabel 1125ml x25","p":6.5,"u":"5,78 €/L","img":"https://fd9-photos.leclercdrive.fr/image.ashx?id=2834545&use=l&cat=p&typeid=i","cat":284640},{"id":243969,"n":"Adoucissant Winni's Fleurs blanches - 775ml - x31","p":2.6,"u":"3,35 €/L","img":"https://fd9-photos.leclercdrive.fr/image.ashx?id=2834551&use=l&cat=p&typeid=i","cat":284650},{"id":243970,"n":"Adoucissant Eco-pack Winni's Fleurs Blanches - 1250ml - x50","p":3.31,"u":"2,65 €/L","img":"https://fd9-photos.leclercdrive.fr/image.ashx?id=2834554&use=l&cat=p&typeid=i","cat":284650},{"id":243991,"n":"Citron feuille 1 pièce","p":0.75,"img":"https://fd9-photos.leclercdrive.fr/image.ashx?id=2265115&use=l&cat=p&typeid=i","cat":284356},{"id":243995,"n":"Croutons saveur ail Pasquier 80g","p":1.07,"u":"13,38 €/KG","img":"https://fd9-photos.leclercdrive.fr/image.ashx?id=2834458&use=l&cat=p&typeid=i","cat":284464},{"id":243996,"n":"Croutons nature Pasquier 80g","p":0.96,"u":"12,00 €/KG","img":"https://fd9-photos.leclercdrive.fr/image.ashx?id=2834461&use=l&cat=p&typeid=i","cat":284464},{"id":244187,"n":"Gin Tanqueray 0.0% vol. sans alcool - 70cl","p":17.99,"u":"25,70 €/L","img":"https://fd9-photos.leclercdrive.fr/image.ashx?id=2948408&use=l&cat=p&typeid=i","cat":284550},{"id":244204,"n":"Poêlée Champêtre Ec0+ 1kg","p":2.49,"img":"https://fd9-photos.leclercdrive.fr/image.ashx?id=2835045&use=l&cat=p&typeid=i","cat":319823},{"id":244218,"n":"Croquettes Friskies chat adulte Thon Légumes - 3kg","p":7.44,"u":"2,48 €/KG","img":"https://fd9-photos.leclercdrive.fr/image.ashx?id=2835148&use=l&cat=p&typeid=i","cat":284680},{"id":244229,"n":"Croquettes Friskies chat adulte Lapin Poulet Légumes - 1.5kg","p":3.94,"u":"2,63 €/KG","img":"https://fd9-photos.leclercdrive.fr/image.ashx?id=2835160&use=l&cat=p&typeid=i","cat":284680},{"id":244230,"n":"Croquettes Friskies chat adulte Poulet Légumes - 3kg","p":7.58,"u":"2,53 €/KG","img":"https://fd9-photos.leclercdrive.fr/image.ashx?id=2835151&use=l&cat=p&typeid=i","cat":284680},{"id":244234,"n":"Croquettes Friskies chat adulte Saumon Légumes - 1.5kg","p":4.43,"u":"2,95 €/KG","img":"https://fd9-photos.leclercdrive.fr/image.ashx?id=2860586&use=l&cat=p&typeid=i","cat":284680},{"id":244235,"n":"Croquettes Friskies chat adulte  Boeuf Poulet Légumes - 1.5kg","p":3.94,"u":"2,63 €/KG","img":"https://fd9-photos.leclercdrive.fr/image.ashx?id=2835154&use=l&cat=p&typeid=i","cat":284680},{"id":244359,"n":"Shampooing Elsève Dream length  250ml","p":3.48,"u":"13,92 €/L","img":"https://fd9-photos.leclercdrive.fr/image.ashx?id=2863614&use=l&cat=p&typeid=i","cat":284606},{"id":244517,"n":"Crunchy filet de merlu MSC Pescanova 250g","p":2.59,"u":"10,36 €/KG","img":"https://fd9-photos.leclercdrive.fr/image.ashx?id=2983354&use=l&cat=p&typeid=i","cat":319788},{"id":244625,"n":"Brume parfumée  Pailletée Vanille - 200ml","p":5.32,"u":"26,60 €/L","img":"https://fd9-photos.leclercdrive.fr/image.ashx?id=3008437&use=l&cat=p&typeid=i","cat":291525},{"id":244626,"n":"Brume parfumée pailletée Coco - 200ml","p":6.14,"u":"30,70 €/L","img":"https://fd9-photos.leclercdrive.fr/image.ashx?id=3008440&use=l&cat=p&typeid=i","cat":291525},{"id":244627,"n":"Brume parfumée pailletée Fleur de cerisier - 200ml","p":4.99,"u":"24,95 €/L","img":"https://fd9-photos.leclercdrive.fr/image.ashx?id=2836436&use=l&cat=p&typeid=i","cat":291525},{"id":245061,"n":"Pain pour panini Epi d'Or Précuit - x4  300g","p":1.48,"u":"4,93 €/KG","img":"https://fd9-photos.leclercdrive.fr/image.ashx?id=2837144&use=l&cat=p&typeid=i","cat":284985},{"id":245062,"n":"Compotée d'aubergines & blé Cassegrain - 2x375g","p":5.96,"u":"7,95 €/KG","img":"https://fd9-photos.leclercdrive.fr/image.ashx?id=2970843&use=l&cat=p&typeid=i","cat":312612},{"id":245074,"n":"Nouilles instantanées Maggi sauce aigre douce - 128g","p":1.57,"u":"12,27 €/KG","img":"https://fd9-photos.leclercdrive.fr/image.ashx?id=2837628&use=l&cat=p&typeid=i","cat":288992},{"id":245075,"n":"Nouilles instantanées Maggi  sauce Teriyaki - 128g","p":1.88,"u":"14,69 €/KG","img":"https://fd9-photos.leclercdrive.fr/image.ashx?id=2837625&use=l&cat=p&typeid=i","cat":288992},{"id":245076,"n":"Nouilles instantanées Maggi sauce Teriyaki - 75g","p":1.85,"u":"24,67 €/KG","img":"https://fd9-photos.leclercdrive.fr/image.ashx?id=2842966&use=l&cat=p&typeid=i","cat":288992},{"id":245082,"n":"Nouilles instantanées Maggi sauce sweet chili - 75g","p":1.86,"u":"24,80 €/KG","img":"https://fd9-photos.leclercdrive.fr/image.ashx?id=2842960&use=l&cat=p&typeid=i","cat":288992},{"id":245085,"n":"Sauce aigre douce Maggi  pour poulet - 355g","p":3.58,"u":"10,08 €/KG","img":"https://fd9-photos.leclercdrive.fr/image.ashx?id=2947231&use=l&cat=p&typeid=i","cat":288992},{"id":245258,"n":"Lessive liquide Skip Mon cycle court parfait 2x37","p":20.51,"u":"6,93 €/L","img":"https://fd9-photos.leclercdrive.fr/image.ashx?id=2838440&use=l&cat=p&typeid=i","cat":284640},{"id":245268,"n":"Coloration permanente Palette 500 blond foncé","p":4.09,"img":"https://fd9-photos.leclercdrive.fr/image.ashx?id=2921552&use=l&cat=p&typeid=i","cat":288899},{"id":245269,"n":"Coloration permanente Palette 600 châtain clair","p":4.09,"img":"https://fd9-photos.leclercdrive.fr/image.ashx?id=2840157&use=l&cat=p&typeid=i","cat":288899},{"id":245372,"n":"Déodorant homme spray Axe Black vanilla 72h - 2x150ml","p":7.48,"u":"24,93 €/L","img":"https://fd9-photos.leclercdrive.fr/image.ashx?id=2848421&use=l&cat=p&typeid=i","cat":284618},{"id":245378,"n":"Croûtons de pain Tipiak Nature - 220g + 100g offerts","p":2.96,"u":"8,97 €/KG","img":"https://fd9-photos.leclercdrive.fr/image.ashx?id=2839124&use=l&cat=p&typeid=i","cat":284464},{"id":245451,"n":"Légumes du soleil & épeautre  Cassegrain - 2x375g","p":6.01,"u":"8,01 €/KG","img":"https://fd9-photos.leclercdrive.fr/image.ashx?id=2970846&use=l&cat=p&typeid=i","cat":312612},{"id":245560,"n":"Couscous aux epices douces  Comptoir du grain 2x250g","p":1.73,"u":"3,46 €/KG","img":"https://fd9-photos.leclercdrive.fr/image.ashx?id=3012875&use=l&cat=p&typeid=i","cat":284429},{"id":245576,"n":"Sauce Pesto vert Panzani au basilic - 2x90g","p":2.81,"u":"15,61 €/KG","img":"https://fd9-photos.leclercdrive.fr/image.ashx?id=2873841&use=l&cat=p&typeid=i","cat":299047},{"id":245579,"n":"Sauce Pesto vert crémeux  Panzani - 190g","p":2.25,"u":"11,84 €/KG","img":"https://fd9-photos.leclercdrive.fr/image.ashx?id=2873838&use=l&cat=p&typeid=i","cat":299047},{"id":245580,"n":"Sauce Arrabbiata Panzani 400g","p":2.15,"u":"5,38 €/KG","img":"https://fd9-photos.leclercdrive.fr/image.ashx?id=2880694&use=l&cat=p&typeid=i","cat":299047},{"id":245582,"n":"Sauce Pesto Panzani poivrons ricotta - 190g","p":2.18,"u":"11,47 €/KG","img":"https://fd9-photos.leclercdrive.fr/image.ashx?id=2873835&use=l&cat=p&typeid=i","cat":299047},{"id":245606,"n":"Tablettes lave-vaisselle Sun 1,15kg - x70","p":12.98,"u":"0,11 €/KG","img":"https://fd9-photos.leclercdrive.fr/image.ashx?id=2840641&use=l&cat=p&typeid=i","cat":284657},{"id":245681,"n":"Tranches Emmental Baguette Président - 8 tranches - 120g","p":1.94,"u":"16,17 €/KG","img":"https://fd9-photos.leclercdrive.fr/image.ashx?id=2840518&use=l&cat=p&typeid=i","cat":314028},{"id":245682,"n":"Tranches Gouda Baguette Président - 8 tranches - 120g","p":1.93,"u":"16,08 €/KG","img":"https://fd9-photos.leclercdrive.fr/image.ashx?id=2840521&use=l&cat=p&typeid=i","cat":314028},{"id":245745,"n":"Farine de blé type 55 - 1kg Pratiques agricoles bas carbone","p":0.89,"u":"0,89 €/KG","img":"https://fd9-photos.leclercdrive.fr/image.ashx?id=2841956&use=l&cat=p&typeid=i","cat":284503},{"id":245801,"n":"Sweet potato fries Strong Roots Patates Douces 500g","p":3.68,"u":"7,36 €/KG","img":"https://fd9-photos.leclercdrive.fr/image.ashx?id=2899638&use=l&cat=p&typeid=i","cat":319791},{"id":245803,"n":"Spinach Pops Strong Roots Épinards 308g","p":3.53,"u":"11,46 €/KG","img":"https://fd9-photos.leclercdrive.fr/image.ashx?id=2849232&use=l&cat=p&typeid=i","cat":319802},{"id":245806,"n":"Rainbow fries Strong Roots Betterave Carottes Panais 500g","p":3.64,"u":"7,28 €/KG","img":"https://fd9-photos.leclercdrive.fr/image.ashx?id=2899644&use=l&cat=p&typeid=i","cat":319791},{"id":245809,"n":"Cauliflower toasties Strong  Roots Chou-fleur 375g","p":4.04,"u":"10,77 €/KG","img":"https://fd9-photos.leclercdrive.fr/image.ashx?id=2899641&use=l&cat=p&typeid=i","cat":319802},{"id":245810,"n":"Kale & Quinoa crush Strong  Roots 300g","p":3.51,"u":"11,70 €/KG","img":"https://fd9-photos.leclercdrive.fr/image.ashx?id=2848355&use=l&cat=p&typeid=i","cat":319802},{"id":245929,"n":"Tablette chocolat KitKat Caramel salé - 99g","p":2.15,"u":"21,72 €/KG","img":"https://fd9-photos.leclercdrive.fr/image.ashx?id=2990868&use=l&cat=p&typeid=i","cat":284497},{"id":245930,"n":"Tablette KitKat  Double chocolat - 99g","p":2.14,"u":"21,62 €/KG","img":"https://fd9-photos.leclercdrive.fr/image.ashx?id=2990865&use=l&cat=p&typeid=i","cat":284497},{"id":245931,"n":"Tablette chocolat KitKat  Noisette - 99g","p":2.4,"u":"24,24 €/KG","img":"https://fd9-photos.leclercdrive.fr/image.ashx?id=2871046&use=l&cat=p&typeid=i","cat":284497},{"id":245939,"n":"Thon entier El Manar à l'huile d'olive - 160g","p":2.93,"u":"18,31 €/KG","img":"https://fd9-photos.leclercdrive.fr/image.ashx?id=2841903&use=l&cat=p&typeid=i","cat":303867},{"id":245940,"n":"Ravioles à poêler Lustucru Fromages sélectionnés - 280g","p":3.22,"u":"11,50 €/KG","img":"https://fd9-photos.leclercdrive.fr/image.ashx?id=2841783&use=l&cat=p&typeid=i","cat":333682},{"id":245973,"n":"Tablettes lave-vaisselle Sun Tout en 1  citron x70 - 1.15kg","p":12.63,"u":"10,94 €/KG","img":"https://fd9-photos.leclercdrive.fr/image.ashx?id=2842171&use=l&cat=p&typeid=i","cat":284657},{"id":245974,"n":"Burgers natures Heura 200g","p":3.79,"u":"18,95 €/KG","img":"https://fd9-photos.leclercdrive.fr/image.ashx?id=2845119&use=l&cat=p&typeid=i","cat":316036},{"id":246201,"n":"Pâtes penné rigaté Eco+ 1kg","p":1.1,"u":"1,10 €/KG","img":"https://fd9-photos.leclercdrive.fr/image.ashx?id=2856736&use=l&cat=p&typeid=i","cat":284427},{"id":246217,"n":"Gourdes Douceur du Verger Pommes Fraises abricot 4x90g","p":1.6,"u":"4,44 €/KG","img":"https://fd9-photos.leclercdrive.fr/image.ashx?id=2934781&use=l&cat=p&typeid=i","cat":284508},{"id":246262,"n":"Shampooing Elseve Dream long - 400ml","p":4.72,"u":"11,80 €/L","img":"https://fd9-photos.leclercdrive.fr/image.ashx?id=2844187&use=l&cat=p&typeid=i","cat":284606},{"id":246269,"n":"Après-shampooing Elseve Démêlant anti-chute - 150ml","p":6.78,"u":"45,20 €/L","img":"https://fd9-photos.leclercdrive.fr/image.ashx?id=2844193&use=l&cat=p&typeid=i","cat":284607},{"id":246270,"n":"Shampooing Elseve Anti-chute - 200ml","p":6.85,"u":"34,25 €/L","img":"https://fd9-photos.leclercdrive.fr/image.ashx?id=2844196&use=l&cat=p&typeid=i","cat":284606},{"id":246325,"n":"Biscuits La Biscuiterie Delacre Gauffrette chocolat noir - 130g","p":2.26,"u":"17,38 €/KG","img":"https://fd9-photos.leclercdrive.fr/image.ashx?id=2862140&use=l&cat=p&typeid=i","cat":284490},{"id":246330,"n":"Saumon Selection Purina One Junior 1 à 12 mois - 1.5 kg","p":7.77,"u":"5,18 €/KG","img":"https://fd9-photos.leclercdrive.fr/image.ashx?id=2844487&use=l&cat=p&typeid=i","cat":284680},{"id":246352,"n":"Nouilles ramen Suzi Wan Précuites curry jaune - 320g","p":2.62,"u":"8,19 €/KG","img":"https://fd9-photos.leclercdrive.fr/image.ashx?id=2886232&use=l&cat=p&typeid=i","cat":288992},{"id":246356,"n":"Nouilles de blé Tanoshi Lot de 3 - Boeuf - 3x85g","p":2.33,"u":"9,14 €/KG","img":"https://fd9-photos.leclercdrive.fr/image.ashx?id=2845961&use=l&cat=p&typeid=i","cat":288992},{"id":246427,"n":"Soupe deshydratée Knorr Pistou","p":1.5,"u":"18,75 €/KG","img":"https://fd9-photos.leclercdrive.fr/image.ashx?id=2845071&use=l&cat=p&typeid=i","cat":284463},{"id":246466,"n":"Soupe Knorr Pot au feu -14x55g","p":1.58,"u":"2,05 €/KG","img":"https://fd9-photos.leclercdrive.fr/image.ashx?id=2845656&use=l&cat=p&typeid=i","cat":293527},{"id":246546,"n":"Cube allume feu Silex Sans odeur - x40","p":2.35,"u":"0,06 €/P","img":"https://fd9-photos.leclercdrive.fr/image.ashx?id=2849593&use=l&cat=p&typeid=i","cat":300578},{"id":246548,"n":"Gel exfoliant Neutrogena Pamplemousse 0.5% - 150ml","p":4.58,"u":"30,53 €/L","img":"https://fd9-photos.leclercdrive.fr/image.ashx?id=2846048&use=l&cat=p&typeid=i","cat":325346},{"id":246597,"n":"Rasoirs Jetables Wilkinson Extra essential 3 - 4x8","p":15.26,"img":"https://fd9-photos.leclercdrive.fr/image.ashx?id=2850692&use=l&cat=p&typeid=i","cat":284616},{"id":246629,"n":"Soubressade El Pozo Chorizo à tartiner - 250g","p":2.59,"u":"10,36 €/KG","img":"https://fd9-photos.leclercdrive.fr/image.ashx?id=2846793&use=l&cat=p&typeid=i","cat":316008},{"id":246638,"n":"Riz parfumé Taureau Ailé 1kg","p":2.96,"u":"2,96 €/KG","img":"https://fd9-photos.leclercdrive.fr/image.ashx?id=2846739&use=l&cat=p&typeid=i","cat":284428},{"id":246704,"n":"AOC Mâcon Chardonnay L'Aurore - 75cl","p":8.32,"u":"11,09 €/L","img":"https://fd9-photos.leclercdrive.fr/image.ashx?id=2849866&use=l&cat=p&typeid=i","cat":289557},{"id":246779,"n":"Éclair au café fondant 2x70g","p":2.9,"u":"20,71 €/KG","img":"https://fd9-photos.leclercdrive.fr/image.ashx?id=2848770&use=l&cat=p&typeid=i","cat":284360},{"id":246780,"n":"Éclair à la vanille fondant 2x70g","p":1.99,"u":"14,21 €/KG","img":"https://fd9-photos.leclercdrive.fr/image.ashx?id=2848773&use=l&cat=p&typeid=i","cat":284360},{"id":246798,"n":"Thé noir Ethiquable Bio Ayurvédique - 36g","p":2.09,"u":"58,06 €/KG","img":"https://fd9-photos.leclercdrive.fr/image.ashx?id=2870989&use=l&cat=p&typeid=i","cat":293234},{"id":246911,"n":"Haricots rouges Notre Jardin 600g","p":1.82,"u":"3,03 €/KG","img":"https://fd9-photos.leclercdrive.fr/image.ashx?id=2873171&use=l&cat=p&typeid=i","cat":319805},{"id":246918,"n":"Lentilles vertes Notre Jardin 600g","p":1.99,"u":"3,32 €/KG","img":"https://fd9-photos.leclercdrive.fr/image.ashx?id=2873177&use=l&cat=p&typeid=i","cat":319805},{"id":246920,"n":"Pois chiches Notre Jardin 600g","p":1.7,"u":"2,83 €/KG","img":"https://fd9-photos.leclercdrive.fr/image.ashx?id=2873180&use=l&cat=p&typeid=i","cat":319805},{"id":247058,"n":"Les Mini Galettes Saint Michel Emmental - 100g","p":1.64,"u":"16,40 €/KG","img":"https://fd9-photos.leclercdrive.fr/image.ashx?id=2936278&use=l&cat=p&typeid=i","cat":297000},{"id":247059,"n":"Les minis galettes Saint Michel Comté - 100g","p":1.96,"u":"19,60 €/KG","img":"https://fd9-photos.leclercdrive.fr/image.ashx?id=2936281&use=l&cat=p&typeid=i","cat":297000},{"id":247061,"n":"Les minis pesto Saint Michel madeleines moelleuses  100g","p":1.59,"u":"15,90 €/KG","img":"https://fd9-photos.leclercdrive.fr/image.ashx?id=2936302&use=l&cat=p&typeid=i","cat":297000},{"id":247087,"n":"Duo blé riz sarrasin Jardin Bio 220g","p":1.55,"u":"7,05 €/KG","img":"https://fd9-photos.leclercdrive.fr/image.ashx?id=2849953&use=l&cat=p&typeid=i","cat":284953},{"id":247088,"n":"Velouté de tomates Jardin Bio Lentilles corail bio - 2X33cl","p":2.3,"u":"3,48 €/L","img":"https://fd9-photos.leclercdrive.fr/image.ashx?id=2849950&use=l&cat=p&typeid=i","cat":284462},{"id":247091,"n":"Trio gourmand Jardin Bio Riz lentilles bio - 220g","p":1.54,"u":"7,00 €/KG","img":"https://fd9-photos.leclercdrive.fr/image.ashx?id=2849944&use=l&cat=p&typeid=i","cat":284953},{"id":247092,"n":"Blé à la tomate Jardin Bio Basilic - 220g","p":1.57,"u":"7,14 €/KG","img":"https://fd9-photos.leclercdrive.fr/image.ashx?id=2849941&use=l&cat=p&typeid=i","cat":284953},{"id":247096,"n":"Pad Thai Jardin Bio bio 220g","p":2.2,"u":"10,00 €/KG","img":"https://fd9-photos.leclercdrive.fr/image.ashx?id=2849935&use=l&cat=p&typeid=i","cat":284953},{"id":247099,"n":"Coupelles Douceur du verger pomme banane - 4x100g","p":1.09,"u":"2,73 €/KG","img":"https://fd9-photos.leclercdrive.fr/image.ashx?id=2878744&use=l&cat=p&typeid=i","cat":284508},{"id":247139,"n":"Croutons Tipiak Ail - 150g","p":1.87,"u":"12,47 €/KG","img":"https://fd9-photos.leclercdrive.fr/image.ashx?id=2864089&use=l&cat=p&typeid=i","cat":284464},{"id":247140,"n":"Crouton Tipiak Nature - 150g","p":1.88,"u":"12,53 €/KG","img":"https://fd9-photos.leclercdrive.fr/image.ashx?id=2866376&use=l&cat=p&typeid=i","cat":284464},{"id":247142,"n":"Patée en sauce Purina One Thon et poulet - 340g","p":2.3,"u":"6,76 €/KG","img":"https://fd9-photos.leclercdrive.fr/image.ashx?id=2850207&use=l&cat=p&typeid=i","cat":285286},{"id":247155,"n":"Soupe pour chat Felix Sélection de la campagne  4x48g","p":1.73,"u":"6,01 €/KG","img":"https://fd9-photos.leclercdrive.fr/image.ashx?id=2899701&use=l&cat=p&typeid=i","cat":285286},{"id":247261,"n":"Shampooing Elsève Colorvive - 300ml","p":4.18,"u":"13,93 €/L","img":"https://fd9-photos.leclercdrive.fr/image.ashx?id=2850614&use=l&cat=p&typeid=i","cat":284606},{"id":247262,"n":"Shampooing Elsève Hyaluronique - 250ml","p":4.18,"u":"16,72 €/L","img":"https://fd9-photos.leclercdrive.fr/image.ashx?id=2869095&use=l&cat=p&typeid=i","cat":284606},{"id":247263,"n":"Shampooing Elsève Total repair 5 - 300ml","p":4.18,"u":"13,93 €/L","img":"https://fd9-photos.leclercdrive.fr/image.ashx?id=2850617&use=l&cat=p&typeid=i","cat":284606},{"id":247264,"n":"Shampooing Elseve Huile extraordinaire - 250ml","p":4.18,"u":"16,72 €/L","img":"https://fd9-photos.leclercdrive.fr/image.ashx?id=2868690&use=l&cat=p&typeid=i","cat":284606},{"id":247265,"n":"Shampooing Elseve Dream long - 250ml","p":4.18,"u":"16,72 €/L","img":"https://fd9-photos.leclercdrive.fr/image.ashx?id=2850623&use=l&cat=p&typeid=i","cat":284606},{"id":247269,"n":"Shampooing Elseve Nutri gloss - 300ml","p":4.18,"u":"13,93 €/L","img":"https://fd9-photos.leclercdrive.fr/image.ashx?id=2869089&use=l&cat=p&typeid=i","cat":284606},{"id":247270,"n":"Shampooing Elseve Multi-vitaminé - 300ml","p":4.18,"u":"13,93 €/L","img":"https://fd9-photos.leclercdrive.fr/image.ashx?id=2850629&use=l&cat=p&typeid=i","cat":284606},{"id":247271,"n":"Après-shampooing Elseve Color vive - 250ml","p":4.18,"u":"16,72 €/L","img":"https://fd9-photos.leclercdrive.fr/image.ashx?id=2850632&use=l&cat=p&typeid=i","cat":284607},{"id":247273,"n":"Démélant Elseve Hyaluronique Booster hydratation 72h - 200ml","p":4.18,"u":"20,90 €/L","img":"https://fd9-photos.leclercdrive.fr/image.ashx?id=2869092&use=l&cat=p&typeid=i","cat":284607},{"id":247373,"n":"Rooibos Ethiquable sans théine  Menthe Afrique du Sud Bio - 40g","p":2.08,"u":"52,00 €/KG","img":"https://fd9-photos.leclercdrive.fr/image.ashx?id=2874060&use=l&cat=p&typeid=i","cat":293234},{"id":247503,"n":"Cèpes entiers Borde 400g","p":6.17,"u":"15,43 €/KG","img":"https://fd9-photos.leclercdrive.fr/image.ashx?id=2860160&use=l&cat=p&typeid=i","cat":319805},{"id":247508,"n":"Cocktail de champignons Borde 400g","p":3.38,"u":"8,45 €/KG","img":"https://fd9-photos.leclercdrive.fr/image.ashx?id=2860157&use=l&cat=p&typeid=i","cat":319805},{"id":247763,"n":"Mayonnaise Rustica 425g","p":1.65,"u":"3,88 €/KG","img":"https://fd9-photos.leclercdrive.fr/image.ashx?id=2955086&use=l&cat=p&typeid=i","cat":298295},{"id":247823,"n":"Dégrippant multi-fonction TECH9 300ml","p":3.45,"u":"11,50 €/L","img":"https://fd9-photos.leclercdrive.fr/image.ashx?id=2907270&use=l&cat=p&typeid=i","cat":298252},{"id":247834,"n":"Nettoyant plastique mat Tech9 400ml","p":3.99,"u":"9,98 €/L","img":"https://fd9-photos.leclercdrive.fr/image.ashx?id=2907288&use=l&cat=p&typeid=i","cat":298252},{"id":247865,"n":"Shampooing Elsève Color vive  500ml","p":4.83,"u":"9,66 €/L","img":"https://fd9-photos.leclercdrive.fr/image.ashx?id=2853964&use=l&cat=p&typeid=i","cat":284606},{"id":247867,"n":"Shampooing Elsève Huile  extraordinaire Coco - 250ml","p":3.97,"u":"15,88 €/L","img":"https://fd9-photos.leclercdrive.fr/image.ashx?id=2853970&use=l&cat=p&typeid=i","cat":284606},{"id":247878,"n":"Savon liquide Le Natural  Recharge Savon de Marseille -1l","p":5.01,"u":"5,01 €/L","img":"https://fd9-photos.leclercdrive.fr/image.ashx?id=2869122&use=l&cat=p&typeid=i","cat":284597},{"id":247879,"n":"Adoucissant Soupline Concentré Grand air - 1.9L","p":9.08,"u":"4,78 €/L","img":"https://fd9-photos.leclercdrive.fr/image.ashx?id=2966800&use=l&cat=p&typeid=i","cat":284650},{"id":247882,"n":"Shampooing Elsève  Antipelliculaire - 300ml","p":3.78,"u":"12,60 €/L","img":"https://fd9-photos.leclercdrive.fr/image.ashx?id=2853982&use=l&cat=p&typeid=i","cat":284606},{"id":248252,"n":"Pâte à tartiner Nustikao Ruby - 200g","p":1.99,"u":"9,95 €/KG","img":"https://fd9-photos.leclercdrive.fr/image.ashx?id=2877472&use=l&cat=p&typeid=i","cat":284481},{"id":248328,"n":"Recharge Crème de douche  Le Petit Marseillais Lait 500ml","p":3.05,"u":"6,10 €/L","img":"https://fd9-photos.leclercdrive.fr/image.ashx?id=2855957&use=l&cat=p&typeid=i","cat":284594},{"id":248329,"n":"Recharge Crème de douche Fleur d'oranger - 500ml","p":3.05,"u":"6,10 €/L","img":"https://fd9-photos.leclercdrive.fr/image.ashx?id=2855960&use=l&cat=p&typeid=i","cat":284594},{"id":248330,"n":"Recharge Crème de douche Lait d'amande - 500ml","p":3.05,"u":"6,10 €/L","img":"https://fd9-photos.leclercdrive.fr/image.ashx?id=2855963&use=l&cat=p&typeid=i","cat":284594},{"id":248340,"n":"Recharge Crème de douche Le Petit Marseillais Vanille 500ml","p":2.98,"u":"5,96 €/L","img":"https://fd9-photos.leclercdrive.fr/image.ashx?id=2855966&use=l&cat=p&typeid=i","cat":284594},{"id":248545,"n":"Chou-fleur blanc 1p","p":1.99,"img":"https://fd9-photos.leclercdrive.fr/image.ashx?id=1631991&use=l&cat=p&typeid=i","cat":284352},{"id":248546,"n":"Feuille de chêne blonde 1p","p":1.22,"img":"https://fd9-photos.leclercdrive.fr/image.ashx?id=1633646&use=l&cat=p&typeid=i","cat":284352},{"id":248585,"n":"Ananas Extra Sweet 1p","p":2.29,"img":"https://fd9-photos.leclercdrive.fr/image.ashx?id=2856700&use=l&cat=p&typeid=i","cat":284356},{"id":248597,"n":"Mangue 1p","p":2.49,"img":"https://fd9-photos.leclercdrive.fr/image.ashx?id=1636371&use=l&cat=p&typeid=i","cat":284356},{"id":248812,"n":"Thé glacé Panda Tea Energie Saveur citron menthe - 4x25cl","p":3.29,"pp":2.63,"u":"2,63 €/L","img":"https://fd9-photos.leclercdrive.fr/image.ashx?id=2878189&use=l&cat=p&typeid=i","cat":295019},{"id":248813,"n":"Thé glacé Panda Tea Energie Saveur pêche - 4x25cl","p":3.33,"pp":2.66,"u":"2,66 €/L","img":"https://fd9-photos.leclercdrive.fr/image.ashx?id=2878186&use=l&cat=p&typeid=i","cat":295019},{"id":248823,"n":"Sauce algérienne Rustica 260g","p":1.67,"u":"6,42 €/KG","img":"https://fd9-photos.leclercdrive.fr/image.ashx?id=2954397&use=l&cat=p&typeid=i","cat":318431},{"id":248827,"n":"Pains au lait Epi d'or x15 - 525g","p":1.78,"u":"3,39 €/KG","img":"https://fd9-photos.leclercdrive.fr/image.ashx?id=2893337&use=l&cat=p&typeid=i","cat":296366},{"id":248880,"n":"Sauce Caesar  Les Crudettes - 200ml","p":2.66,"u":"13,30 €/L","img":"https://fd9-photos.leclercdrive.fr/image.ashx?id=2862581&use=l&cat=p&typeid=i","cat":284464},{"id":249019,"n":"Lessive liquide Xéor Savon de Marseille - 2.2L","p":3.89,"u":"1,77 €/L","img":"https://fd9-photos.leclercdrive.fr/image.ashx?id=2901500&use=l&cat=p&typeid=i","cat":284640},{"id":249020,"n":"Lessive liquide Xéor Fleurs de Cerisiers - 2.2L","p":3.99,"u":"1,81 €/L","img":"https://fd9-photos.leclercdrive.fr/image.ashx?id=2901491&use=l&cat=p&typeid=i","cat":284640},{"id":249173,"n":"Riz basmati Taureau Ailé 1kg","p":3.6,"u":"3,60 €/KG","img":"https://fd9-photos.leclercdrive.fr/image.ashx?id=2860457&use=l&cat=p&typeid=i","cat":284428},{"id":249200,"n":"Sauce béarnaise Rustica 235g","p":1.02,"u":"4,34 €/KG","img":"https://fd9-photos.leclercdrive.fr/image.ashx?id=2955083&use=l&cat=p&typeid=i","cat":318430},{"id":249597,"n":"Glace Carte d'Or  Fraise et meringue 463g","p":3.07,"pp":2.15,"u":"4,64 €/KG","img":"https://fd9-photos.leclercdrive.fr/image.ashx?id=2861222&use=l&cat=p&typeid=i","cat":284263},{"id":249598,"n":"Glace Carte d'Or Façon smoothie Exotique - 466g","p":3.9,"pp":2.73,"u":"5,86 €/KG","img":"https://fd9-photos.leclercdrive.fr/image.ashx?id=2861210&use=l&cat=p&typeid=i","cat":284263},{"id":249743,"n":"Sauce Crudités Bénédicta Nature - 290g","p":1.98,"u":"6,83 €/KG","img":"https://fd9-photos.leclercdrive.fr/image.ashx?id=2889661&use=l&cat=p&typeid=i","cat":284456},{"id":249957,"n":"Risotto aux champignons Knorr 175g","p":2.07,"u":"11,83 €/KG","img":"https://fd9-photos.leclercdrive.fr/image.ashx?id=2938349&use=l&cat=p&typeid=i","cat":284428},{"id":249958,"n":"Risotto classique Knorr 12min - 175g","p":1.87,"u":"10,69 €/KG","img":"https://fd9-photos.leclercdrive.fr/image.ashx?id=3011956&use=l&cat=p&typeid=i","cat":284428},{"id":249961,"n":"Risotto aux asperges Knorr 12min - 175g","p":2.06,"u":"11,77 €/KG","img":"https://fd9-photos.leclercdrive.fr/image.ashx?id=2964255&use=l&cat=p&typeid=i","cat":284428},{"id":249962,"n":"Risotto pointe de safran Knorr 12min - 175g","p":1.85,"u":"10,57 €/KG","img":"https://fd9-photos.leclercdrive.fr/image.ashx?id=2918116&use=l&cat=p&typeid=i","cat":284428},{"id":249964,"n":"Gourdes Douceur du Verger Fruits jaunes - 12x90g","p":4.39,"u":"4,06 €/KG","img":"https://fd9-photos.leclercdrive.fr/image.ashx?id=2934790&use=l&cat=p&typeid=i","cat":284508},{"id":249965,"n":"Gourdes Douceur du Verger 12x90g","p":4.19,"u":"3,88 €/KG","img":"https://fd9-photos.leclercdrive.fr/image.ashx?id=2934787&use=l&cat=p&typeid=i","cat":284508},{"id":249966,"n":"Gourdes Douceur du Verger 20x90g","p":4.89,"u":"2,72 €/KG","img":"https://fd9-photos.leclercdrive.fr/image.ashx?id=2934784&use=l&cat=p&typeid=i","cat":284508},{"id":249967,"n":"Pain sandwich au beurre Harry's x8 - 360g","p":2.53,"u":"7,03 €/KG","img":"https://fd9-photos.leclercdrive.fr/image.ashx?id=2861506&use=l&cat=p&typeid=i","cat":284477},{"id":249977,"n":"Céréales indiennes Tipiak 2x130g","p":2.54,"u":"9,77 €/KG","img":"https://fd9-photos.leclercdrive.fr/image.ashx?id=2863626&use=l&cat=p&typeid=i","cat":284429},{"id":249980,"n":"Epeautre gourmand Tipiak 2x175g","p":2.63,"u":"7,51 €/KG","img":"https://fd9-photos.leclercdrive.fr/image.ashx?id=2948150&use=l&cat=p&typeid=i","cat":284429},{"id":249983,"n":"Taboulé oriental Tipiak 300g","p":1.94,"u":"6,47 €/KG","img":"https://fd9-photos.leclercdrive.fr/image.ashx?id=2863620&use=l&cat=p&typeid=i","cat":284429},{"id":250153,"n":"Sauce burger Rustica 260g","p":1.29,"u":"4,96 €/KG","img":"https://fd9-photos.leclercdrive.fr/image.ashx?id=2954400&use=l&cat=p&typeid=i","cat":318431},{"id":250160,"n":"Sérum hydratation So Bio Etic Booster d'éclat Bio30ml","p":11.42,"u":"380,67 €/L","img":"https://fd9-photos.leclercdrive.fr/image.ashx?id=2863578&use=l&cat=p&typeid=i","cat":325345},{"id":250172,"n":"Sérum hydratant So Bio Etic Fortifiant repulpant Bio - 30ml","p":11.42,"u":"380,67 €/L","img":"https://fd9-photos.leclercdrive.fr/image.ashx?id=2863584&use=l&cat=p&typeid=i","cat":325345},{"id":250173,"n":"Sauce burger Rustica 500g","p":1.87,"u":"3,74 €/KG","img":"https://fd9-photos.leclercdrive.fr/image.ashx?id=2955065&use=l&cat=p&typeid=i","cat":318431},{"id":250187,"n":"Crème douceur nuit So Bio Etic Régénérante - Anesse Bio 50ml","p":9.07,"u":"181,40 €/L","img":"https://fd9-photos.leclercdrive.fr/image.ashx?id=2863587&use=l&cat=p&typeid=i","cat":325345},{"id":250250,"n":"Cognac Hennessy  Very special 40% - 70cl","p":35.16,"u":"50,23 €/L","img":"https://fd9-photos.leclercdrive.fr/image.ashx?id=2863437&use=l&cat=p&typeid=i","cat":286032},{"id":250253,"n":"Lingettes Décolor Stop Protection couleurs 2x22","p":6.99,"u":"0,16 €/P","img":"https://fd9-photos.leclercdrive.fr/image.ashx?id=2863344&use=l&cat=p&typeid=i","cat":290450},{"id":250407,"n":"Huile végétale So Bio Etic Ricin Bio équitable - 100ml","p":7.3,"u":"73,00 €/L","img":"https://fd9-photos.leclercdrive.fr/image.ashx?id=2864107&use=l&cat=p&typeid=i","cat":284608},{"id":250416,"n":"Crème visage nuit Nivea Q10 Power anti-rides 50ml","p":10.59,"u":"211,80 €/L","img":"https://fd9-photos.leclercdrive.fr/image.ashx?id=3014593&use=l&cat=p&typeid=i","cat":325345},{"id":250417,"n":"Crème visage jour Nivea Q10 anti-rides SPF30 50ml","p":11.57,"u":"231,40 €/L","img":"https://fd9-photos.leclercdrive.fr/image.ashx?id=3000339&use=l&cat=p&typeid=i","cat":325345},{"id":250419,"n":"Crème visage jour Nivea Q10 anti-rides SPF15 50ml","p":10.74,"u":"214,80 €/L","img":"https://fd9-photos.leclercdrive.fr/image.ashx?id=2985480&use=l&cat=p&typeid=i","cat":325345},{"id":250420,"n":"Crème visage Nivea Q10 Energy jour SPF15 50ml","p":11.29,"u":"225,80 €/L","img":"https://fd9-photos.leclercdrive.fr/image.ashx?id=3014862&use=l&cat=p&typeid=i","cat":325345},{"id":250421,"n":"Sérum visage Nivea Luminous anti-tâches 30ml","p":17.7,"u":"590,00 €/L","img":"https://fd9-photos.leclercdrive.fr/image.ashx?id=3000821&use=l&cat=p&typeid=i","cat":325345},{"id":250425,"n":"Crème soin jour visage Nivea Anti-tâches SPF50 - 40ml","p":16.33,"u":"408,25 €/L","img":"https://fd9-photos.leclercdrive.fr/image.ashx?id=2985501&use=l&cat=p&typeid=i","cat":325345},{"id":250431,"n":"Adoucissant Soupline concentré  Hypoallergénique - 1900 ml","p":9.08,"u":"4,78 €/L","img":"https://fd9-photos.leclercdrive.fr/image.ashx?id=2864230&use=l&cat=p&typeid=i","cat":284650},{"id":250435,"n":"Adoucissant concentré Soupline Ultra Vanille - 835ml","p":4.88,"u":"5,84 €/L","img":"https://fd9-photos.leclercdrive.fr/image.ashx?id=2864221&use=l&cat=p&typeid=i","cat":284650},{"id":250820,"n":"Gnocchini à poêler Lustucru 2x300g + 1 offert","p":3.19,"u":"3,54 €/KG","img":"https://fd9-photos.leclercdrive.fr/image.ashx?id=2939493&use=l&cat=p&typeid=i","cat":333682},{"id":250856,"n":"Steaks végétal Végé Blé & Pois x2 - 200g","p":2.99,"u":"14,95 €/KG","img":"https://fd9-photos.leclercdrive.fr/image.ashx?id=2932686&use=l&cat=p&typeid=i","cat":316036},{"id":250857,"n":"Haché végétal Végé Blé & Pois - 200g","p":2.99,"u":"14,95 €/KG","img":"https://fd9-photos.leclercdrive.fr/image.ashx?id=2932683&use=l&cat=p&typeid=i","cat":316036},{"id":251208,"n":"IGP Pays d'OC Vin rouge Jean Claude Mas Merlot 75cl","p":4.99,"u":"6,65 €/L","img":"https://fd9-photos.leclercdrive.fr/image.ashx?id=2866445&use=l&cat=p&typeid=i","cat":289556},{"id":251216,"n":"Bâtonnets Popelino Vanille Chocolat lait Macadamia 4x78g","p":4.87,"u":"15,61 €/KG","img":"https://fd9-photos.leclercdrive.fr/image.ashx?id=2867635&use=l&cat=p&typeid=i","cat":284265},{"id":251225,"n":"AOP Cabernet Les Soubergues Jean Claude Mas - Rouge 75cl","p":4.99,"u":"6,65 €/L","img":"https://fd9-photos.leclercdrive.fr/image.ashx?id=2866792&use=l&cat=p&typeid=i","cat":289556},{"id":251234,"n":"IGP Cote de Gascogne Vin rouge Domus Uby - 75cl","p":5.94,"u":"7,92 €/L","img":"https://fd9-photos.leclercdrive.fr/image.ashx?id=2867161&use=l&cat=p&typeid=i","cat":289556},{"id":251235,"n":"AOP Crémant de Loire demi-sec Charles de Villeneuve 75cl","p":6.5,"pp":5.2,"u":"6,93 €/L","img":"https://fd9-photos.leclercdrive.fr/image.ashx?id=2866762&use=l&cat=p&typeid=i","cat":284545},{"id":251240,"n":"Champagne Jean Dalbray Cuvée spéciale Brut - 75cl","p":18.4,"u":"24,53 €/L","img":"https://fd9-photos.leclercdrive.fr/image.ashx?id=2866780&use=l&cat=p&typeid=i","cat":284542},{"id":251247,"n":"Vin rouge Abazzia Bevanda Effervescent - Sans alcool 75cl","p":6.3,"u":"8,40 €/L","img":"https://fd9-photos.leclercdrive.fr/image.ashx?id=2872189&use=l&cat=p&typeid=i","cat":289556},{"id":251269,"n":"Vin rouge Abazzia Bevanda Effervescent Sans alcool - 75cl","p":5.2,"u":"6,93 €/L","img":"https://fd9-photos.leclercdrive.fr/image.ashx?id=2872192&use=l&cat=p&typeid=i","cat":289556},{"id":251277,"n":"Tablette lave-vaisselle Sun Tout en 1","p":12.63,"u":"12,63 €/KG","img":"https://fd9-photos.leclercdrive.fr/image.ashx?id=2867241&use=l&cat=p&typeid=i","cat":284656},{"id":251361,"n":"Double concentré de tomates Mutti - 440g","p":1.8,"u":"4,09 €/KG","img":"https://fd9-photos.leclercdrive.fr/image.ashx?id=2866951&use=l&cat=p&typeid=i","cat":288384},{"id":251362,"n":"Double concentré de tomates Mutti zéro résidu - 130g","p":1.01,"u":"7,77 €/KG","img":"https://fd9-photos.leclercdrive.fr/image.ashx?id=2867226&use=l&cat=p&typeid=i","cat":288384},{"id":251363,"n":"Double concentré de tomates Mutti zéro résidu - 140g","p":1.07,"u":"7,64 €/KG","img":"https://fd9-photos.leclercdrive.fr/image.ashx?id=2867223&use=l&cat=p&typeid=i","cat":288384},{"id":251382,"n":"Merguez végétales Végé x4 - 200g","p":2.54,"u":"12,70 €/KG","img":"https://fd9-photos.leclercdrive.fr/image.ashx?id=2871772&use=l&cat=p&typeid=i","cat":316036},{"id":251383,"n":"Saucisses végétales Végé x4 - 200g","p":2.12,"u":"10,60 €/KG","img":"https://fd9-photos.leclercdrive.fr/image.ashx?id=2932689&use=l&cat=p&typeid=i","cat":316036},{"id":251522,"n":"Boisson énergisante Celsius Pêche - 35,5cl","p":1.4,"u":"3,94 €/L","img":"https://fd9-photos.leclercdrive.fr/image.ashx?id=2905021&use=l&cat=p&typeid=i","cat":284533},{"id":251524,"n":"Tropicana - Juicy Pêche rouge 1,5L","p":2.26,"u":"1,51 €/L","img":"https://fd9-photos.leclercdrive.fr/image.ashx?id=3010813&use=l&cat=p&typeid=i","cat":284915},{"id":251990,"n":"Patch invisible visage Garnier Anti-acné - x22","p":9.74,"img":"https://fd9-photos.leclercdrive.fr/image.ashx?id=3000794&use=l&cat=p&typeid=i","cat":325345},{"id":251996,"n":"Perles de linge Soupline Adoucissant - Vanille - 230g","p":7.43,"u":"32,30 €/KG","img":"https://fd9-photos.leclercdrive.fr/image.ashx?id=2868608&use=l&cat=p&typeid=i","cat":284650},{"id":252006,"n":"Nettoyant visage Revitalift Hydratant et lissant - 150ml","p":7.13,"u":"47,53 €/L","img":"https://fd9-photos.leclercdrive.fr/image.ashx?id=2874006&use=l&cat=p&typeid=i","cat":284603},{"id":252009,"n":"Lessive liquide Skip Active clean - x40 - 1.68L","p":11.9,"u":"7,08 €/L","img":"https://fd9-photos.leclercdrive.fr/image.ashx?id=2908393&use=l&cat=p&typeid=i","cat":284640},{"id":252097,"n":"Lessive Liquide SKIP Touche de Cajoline x37 lavages","p":11.07,"u":"7,12 €/L","img":"https://fd9-photos.leclercdrive.fr/image.ashx?id=2940660&use=l&cat=p&typeid=i","cat":284640},{"id":252109,"n":"Duo sérum anti-âge L'Oréal Age perfect - 30ml","p":24.5,"pp":16.17,"u":"539,00 €/L","img":"https://fd9-photos.leclercdrive.fr/image.ashx?id=2874003&use=l&cat=p&typeid=i","cat":325345},{"id":252112,"n":"Soin anti-tâches L'Oréal Paris Bright Reveal SPF50+ - 50ml","p":16.78,"u":"335,60 €/L","img":"https://fd9-photos.leclercdrive.fr/image.ashx?id=2903428&use=l&cat=p&typeid=i","cat":325345},{"id":252113,"n":"Fluide anti-uv L'Oréal Medium SPF50 50ml","p":16.68,"u":"333,60 €/L","img":"https://fd9-photos.leclercdrive.fr/image.ashx?id=2874009&use=l&cat=p&typeid=i","cat":325345},{"id":252119,"n":"Gel moussant purifiant L'Oréal Men Expert - 260ml","p":10.44,"u":"40,15 €/L","img":"https://fd9-photos.leclercdrive.fr/image.ashx?id=2874012&use=l&cat=p&typeid=i","cat":284622},{"id":252120,"n":"Crème hydratante L'Oréal Bright Reveal - SPF50 - 50ml","p":14.79,"u":"295,80 €/L","img":"https://fd9-photos.leclercdrive.fr/image.ashx?id=2874015&use=l&cat=p&typeid=i","cat":284622},{"id":252125,"n":"Soin hydratant L'Oréal Matifiant - SPF30 - 40ml","p":10.81,"u":"270,25 €/L","img":"https://fd9-photos.leclercdrive.fr/image.ashx?id=3008785&use=l&cat=p&typeid=i","cat":284622},{"id":252127,"n":"Sérum anti-imperfection L'oréal Men expert - 30ml","p":12.74,"u":"424,67 €/L","img":"https://fd9-photos.leclercdrive.fr/image.ashx?id=2874021&use=l&cat=p&typeid=i","cat":284622},{"id":252129,"n":"Spray nettoyant multi-usage Cif  Infinite+Clean Brillance-280ml","p":3.92,"u":"14,00 €/L","img":"https://fd9-photos.leclercdrive.fr/image.ashx?id=2872234&use=l&cat=p&typeid=i","cat":325357},{"id":252133,"n":"Spray nettoyant multi-usage CIF Infinite+Clean 280ml","p":3.8,"u":"13,57 €/L","img":"https://fd9-photos.leclercdrive.fr/image.ashx?id=2948546&use=l&cat=p&typeid=i","cat":325357},{"id":252134,"n":"Recharge Spray nettoyant CIF Infinite+Clean Protection 590ml","p":4.46,"u":"7,56 €/L","img":"https://fd9-photos.leclercdrive.fr/image.ashx?id=2948549&use=l&cat=p&typeid=i","cat":325357},{"id":252136,"n":"Recharge Spray nettoyant CIF Infinite+Clean Brillance 590ml","p":4.27,"u":"7,24 €/L","img":"https://fd9-photos.leclercdrive.fr/image.ashx?id=2940675&use=l&cat=p&typeid=i","cat":325357},{"id":252137,"n":"Recharge Spray nettoyant CIF Infinite+Clean 590ml","p":4.11,"u":"6,97 €/L","img":"https://fd9-photos.leclercdrive.fr/image.ashx?id=2974066&use=l&cat=p&typeid=i","cat":325357},{"id":252271,"n":"Crème dessert Café Marie Morin - 2x120g","p":2.67,"u":"11,13 €/KG","img":"https://fd9-photos.leclercdrive.fr/image.ashx?id=2879703&use=l&cat=p&typeid=i","cat":285041},{"id":252787,"n":"Stick lèvres Labello Sun protect - SPF50 - x1","p":4.62,"u":"924,00 €/KG","img":"https://fd9-photos.leclercdrive.fr/image.ashx?id=3000647&use=l&cat=p&typeid=i","cat":285485},{"id":252809,"n":"Spray Crème solaire Nivea Sun Hydrate - SPF30 - 200ml","p":9.8,"u":"49,00 €/L","img":"https://fd9-photos.leclercdrive.fr/image.ashx?id=2872066&use=l&cat=p&typeid=i","cat":325355},{"id":252814,"n":"Crème visage corps mains Nivea Repair & care - 400ml","p":5.19,"pp":3.43,"u":"8,58 €/L","img":"https://fd9-photos.leclercdrive.fr/image.ashx?id=2872078&use=l&cat=p&typeid=i","cat":325350},{"id":252818,"n":"Crème visage jour Nivea Anti-rides Q10 - 100ml","p":17.46,"u":"174,60 €/L","img":"https://fd9-photos.leclercdrive.fr/image.ashx?id=2872081&use=l&cat=p&typeid=i","cat":325345},{"id":253210,"n":"Crème visage jour Nivea Anti-rides Vitamine C - 2x50ml","p":20.05,"u":"200,50 €/L","img":"https://fd9-photos.leclercdrive.fr/image.ashx?id=2878261&use=l&cat=p&typeid=i","cat":325345},{"id":253219,"n":"Rasoirs jetables hommes Bic 3 Comfort - x16","p":10.5,"img":"https://fd9-photos.leclercdrive.fr/image.ashx?id=2878807&use=l&cat=p&typeid=i","cat":284616},{"id":253228,"n":"Dentifrice Email Diamant Blancheur fraîcheur - 75ml","p":5.84,"u":"77,87 €/L","img":"https://fd9-photos.leclercdrive.fr/image.ashx?id=2877922&use=l&cat=p&typeid=i","cat":284612},{"id":253230,"n":"Dentifrice Email Diamant Bicarbonate - 75ml","p":3.36,"u":"44,80 €/L","img":"https://fd9-photos.leclercdrive.fr/image.ashx?id=2877925&use=l&cat=p&typeid=i","cat":284612},{"id":253236,"n":"Crème de douche So Bio Etic Lait d'ânesse Bio - 450ml","p":5.18,"u":"11,51 €/L","img":"https://fd9-photos.leclercdrive.fr/image.ashx?id=2876704&use=l&cat=p&typeid=i","cat":284594},{"id":253339,"n":"Croque Monsieur Herta Chèvre jambon - 310g","p":2.59,"u":"8,35 €/KG","img":"https://fd9-photos.leclercdrive.fr/image.ashx?id=2877745&use=l&cat=p&typeid=i","cat":333671},{"id":253479,"n":"Eau Minérale Lutecia Magnésium 6X1L","p":2.95,"u":"2,95 €/L","img":"https://fd9-photos.leclercdrive.fr/image.ashx?id=3000225&use=l&cat=p&typeid=i","cat":284535},{"id":253678,"n":"Assiette Mots d'Enfants - 230g Spaghetti bolognaise dès 12M","p":1.39,"u":"6,04 €/KG","img":"https://fd9-photos.leclercdrive.fr/image.ashx?id=2898050&use=l&cat=p&typeid=i","cat":312237},{"id":253679,"n":"Assiette Mots d'Enfants - 230g Hachis parmentier dès 12M","p":1.39,"u":"6,04 €/KG","img":"https://fd9-photos.leclercdrive.fr/image.ashx?id=2892370&use=l&cat=p&typeid=i","cat":312237},{"id":253684,"n":"Assiette Mots d'Enfants - 250g Pâtes, tomate et jambon dès 15M","p":1.59,"u":"6,36 €/KG","img":"https://fd9-photos.leclercdrive.fr/image.ashx?id=2892376&use=l&cat=p&typeid=i","cat":312238},{"id":253999,"n":"Chewing gum Mentos pure fresh Limonade sans sucres x50 - 100g","p":3.63,"u":"36,30 €/KG","img":"https://fd9-photos.leclercdrive.fr/image.ashx?id=3010795&use=l&cat=p&typeid=i","cat":304251},{"id":254028,"n":"Bière sans alcool Tourtel Twist Abricot - 6x27.5cl","p":4.99,"u":"3,02 €/L","img":"https://fd9-photos.leclercdrive.fr/image.ashx?id=2873850&use=l&cat=p&typeid=i","cat":334877},{"id":254050,"n":"Bière Desperados Sunlight citron citron vert 3x33cl","p":3.97,"u":"4,01 €/L","img":"https://fd9-photos.leclercdrive.fr/image.ashx?id=2977987&use=l&cat=p&typeid=i","cat":334878},{"id":254136,"n":"Soin de nuit Diadermine Lift+ Boost éclat - 50ml","p":10.15,"u":"203,00 €/L","img":"https://fd9-photos.leclercdrive.fr/image.ashx?id=2880597&use=l&cat=p&typeid=i","cat":325345},{"id":254157,"n":"Rasoir OneBlade  +1 lame","p":28.3,"img":"https://fd9-photos.leclercdrive.fr/image.ashx?id=2938352&use=l&cat=p&typeid=i","cat":284616},{"id":254378,"n":"Litière chats Tranquille La Carbonite - 7.1kg","p":6.8,"u":"1,13 €/L","img":"https://fd9-photos.leclercdrive.fr/image.ashx?id=2876788&use=l&cat=p&typeid=i","cat":284683},{"id":254391,"n":"Boisson énergisante Red Bull Zéro, 250ml","p":1.1,"u":"4,40 €/L","img":"https://fd9-photos.leclercdrive.fr/image.ashx?id=2877313&use=l&cat=p&typeid=i","cat":284533},{"id":254824,"n":"IGP Pays d'Oc rosé Bleu de Mer - 75cl","p":4.75,"u":"6,33 €/L","img":"https://fd9-photos.leclercdrive.fr/image.ashx?id=2876863&use=l&cat=p&typeid=i","cat":289558},{"id":254888,"n":"Monster Rio punch 50cl","p":1.67,"u":"3,34 €/L","img":"https://fd9-photos.leclercdrive.fr/image.ashx?id=2877067&use=l&cat=p&typeid=i","cat":284533},{"id":254937,"n":"Sauce aïoli Rustica Pot - 235g","p":1.05,"u":"4,47 €/KG","img":"https://fd9-photos.leclercdrive.fr/image.ashx?id=2955077&use=l&cat=p&typeid=i","cat":318430},{"id":254949,"n":"Bâtonnets Häagen-Dazs Smooth Vanilla x3 - 192g","p":3.34,"u":"17,40 €/KG","img":"https://fd9-photos.leclercdrive.fr/image.ashx?id=2876605&use=l&cat=p&typeid=i","cat":284265},{"id":255060,"n":"Piles Varta Longlife Alkaline AA - x20","p":8.85,"u":"0,44 €/P","img":"https://fd9-photos.leclercdrive.fr/image.ashx?id=2877007&use=l&cat=p&typeid=i","cat":300572},{"id":255191,"n":"Préservatif Durex Nude - XL - x10","p":9.7,"img":"https://fd9-photos.leclercdrive.fr/image.ashx?id=2901677&use=l&cat=p&typeid=i","cat":284631},{"id":255197,"n":"Préservatifs Durex Classic jeans - x12","p":5.55,"img":"https://fd9-photos.leclercdrive.fr/image.ashx?id=2878792&use=l&cat=p&typeid=i","cat":284631},{"id":255199,"n":"Préservatifs Durex Classic Jeans - XL - x12","p":6.13,"img":"https://fd9-photos.leclercdrive.fr/image.ashx?id=2964983&use=l&cat=p&typeid=i","cat":284631},{"id":255206,"n":"Crème fixative Polident Soin & tolérance 0% - 2x44g","p":9.59,"u":"108,98 €/KG","img":"https://fd9-photos.leclercdrive.fr/image.ashx?id=2921091&use=l&cat=p&typeid=i","cat":285158},{"id":255350,"n":"Crème fixative Polident Original 0% - 2x44g","p":6.11,"u":"69,43 €/KG","img":"https://fd9-photos.leclercdrive.fr/image.ashx?id=2921094&use=l&cat=p&typeid=i","cat":285158},{"id":255353,"n":"Laque Syoss Tenue Ultra Max hold - 300ml","p":3.25,"u":"10,83 €/L","img":"https://fd9-photos.leclercdrive.fr/image.ashx?id=2878831&use=l&cat=p&typeid=i","cat":284609},{"id":255367,"n":"Coloration cheveux Palette Blond terracotta N°8.70 - x2","p":7.52,"u":"3,76 €/P","img":"https://fd9-photos.leclercdrive.fr/image.ashx?id=2878855&use=l&cat=p&typeid=i","cat":288899},{"id":255514,"n":"Vernis à ongles Maybelline Ink Bonder 06 - x1","p":5.73,"img":"https://fd9-photos.leclercdrive.fr/image.ashx?id=2883158&use=l&cat=p&typeid=i","cat":325347},{"id":255541,"n":"Saucisson Mini Justin Bridou Bâton de Berger Emmental - 80g","p":2.22,"u":"27,75 €/KG","img":"https://fd9-photos.leclercdrive.fr/image.ashx?id=2880384&use=l&cat=p&typeid=i","cat":316006},{"id":255548,"n":"Saucisson Mini Justin Bridou Bâton de Berger Poulet - 140g","p":3.65,"u":"26,07 €/KG","img":"https://fd9-photos.leclercdrive.fr/image.ashx?id=2924116&use=l&cat=p&typeid=i","cat":316006},{"id":255549,"n":"Saucisson Fuet Justin Bridou Noisette - 150g","p":3.03,"u":"20,20 €/KG","img":"https://fd9-photos.leclercdrive.fr/image.ashx?id=2948941&use=l&cat=p&typeid=i","cat":316006},{"id":255669,"n":"Recharge Gel douche Pêche Blanche bio & Nectar 500ml","p":2.96,"u":"5,92 €/L","img":"https://fd9-photos.leclercdrive.fr/image.ashx?id=2880411&use=l&cat=p&typeid=i","cat":284594},{"id":255678,"n":"Gel douche homme Axe Aqua bergamot - 225ml","p":2.87,"u":"12,76 €/L","img":"https://fd9-photos.leclercdrive.fr/image.ashx?id=2880612&use=l&cat=p&typeid=i","cat":284619},{"id":255692,"n":"Brosse à dents Signal Soin complet et souple - x3","p":5.67,"img":"https://fd9-photos.leclercdrive.fr/image.ashx?id=2880600&use=l&cat=p&typeid=i","cat":284614},{"id":255696,"n":"Déodorant spray homme Axe Apollo - 200ml","p":4.64,"u":"23,20 €/L","img":"https://fd9-photos.leclercdrive.fr/image.ashx?id=2985663&use=l&cat=p&typeid=i","cat":284618},{"id":255720,"n":"Crème dessert protéinée Sport Chocolat 4x125g","p":2.35,"u":"4,70 €/KG","img":"https://fd9-photos.leclercdrive.fr/image.ashx?id=2900196&use=l&cat=p&typeid=i","cat":285041},{"id":255969,"n":"Déodorant spray homme Axe Provocation - 200ml","p":3.65,"u":"18,25 €/L","img":"https://fd9-photos.leclercdrive.fr/image.ashx?id=2881542&use=l&cat=p&typeid=i","cat":284618},{"id":255978,"n":"Déodorant spray homme Axe Ice cool - 200ml","p":4.58,"u":"22,90 €/L","img":"https://fd9-photos.leclercdrive.fr/image.ashx?id=2881548&use=l&cat=p&typeid=i","cat":284618},{"id":256536,"n":"Nectar Bio Pressade Pomme - 6x20cl","p":2.62,"u":"2,18 €/L","img":"https://fd9-photos.leclercdrive.fr/image.ashx?id=2882752&use=l&cat=p&typeid=i","cat":284522},{"id":256566,"n":"AOP Côtes du Rhône Vin rouge - Bag in box - 3L","p":11.95,"u":"3,98 €/L","img":"https://fd9-photos.leclercdrive.fr/image.ashx?id=2905486&use=l&cat=p&typeid=i","cat":289556},{"id":256576,"n":"AOP Bordeaux Vin rouge - Bag in box - 3L","p":11.95,"u":"3,98 €/L","img":"https://fd9-photos.leclercdrive.fr/image.ashx?id=2904838&use=l&cat=p&typeid=i","cat":289556},{"id":256577,"n":"AOP Corbières Vin rouge - Bag in box - 3L","p":11.95,"u":"3,98 €/L","img":"https://fd9-photos.leclercdrive.fr/image.ashx?id=2905483&use=l&cat=p&typeid=i","cat":289556},{"id":256581,"n":"AOP Bergerac Vin rouge - BIB - 3L","p":11.95,"u":"3,98 €/L","img":"https://fd9-photos.leclercdrive.fr/image.ashx?id=2883119&use=l&cat=p&typeid=i","cat":289556},{"id":256587,"n":"AOP Buzet Vin rouge - Bag in box - 3L","p":11.95,"u":"3,98 €/L","img":"https://fd9-photos.leclercdrive.fr/image.ashx?id=2891076&use=l&cat=p&typeid=i","cat":289556},{"id":256711,"n":"Chili sin carne Côté Table 300g","p":2.49,"u":"8,30 €/KG","img":"https://fd9-photos.leclercdrive.fr/image.ashx?id=2882249&use=l&cat=p&typeid=i","cat":284953},{"id":256714,"n":"Moussaka végé Côté Table 300g","p":2.61,"u":"8,70 €/KG","img":"https://fd9-photos.leclercdrive.fr/image.ashx?id=2906925&use=l&cat=p&typeid=i","cat":284953},{"id":256717,"n":"Boisson citron Jardin Bio Gingembre - 1L","p":2.38,"u":"2,38 €/L","img":"https://fd9-photos.leclercdrive.fr/image.ashx?id=2882788&use=l&cat=p&typeid=i","cat":295018},{"id":256720,"n":"Boisson Jardin Bio Pomme vanille - 1L","p":2.03,"u":"2,03 €/L","img":"https://fd9-photos.leclercdrive.fr/image.ashx?id=2882791&use=l&cat=p&typeid=i","cat":295018},{"id":256747,"n":"Beignets Pasquier Chocolat noisette - x4 - 300g","p":2.19,"u":"7,30 €/KG","img":"https://fd9-photos.leclercdrive.fr/image.ashx?id=2882707&use=l&cat=p&typeid=i","cat":284984},{"id":256766,"n":"Philips One Blade 360 Rasoir à grille","p":29.5,"u":"Dont 0,12 € d'éco-part.","img":"https://fd9-photos.leclercdrive.fr/image.ashx?id=2883774&use=l&cat=p&typeid=i","cat":284616},{"id":256798,"n":"Boisson Jardin Bio Fruits Rouges Hibiscus - 1L","p":2.05,"u":"2,05 €/L","img":"https://fd9-photos.leclercdrive.fr/image.ashx?id=2883510&use=l&cat=p&typeid=i","cat":295018},{"id":256804,"n":"AOP Gaillac Le Perle Blanc  Vinovalie Blanc Perle - 75cl","p":6.44,"u":"8,59 €/L","img":"https://fd9-photos.leclercdrive.fr/image.ashx?id=2916033&use=l&cat=p&typeid=i","cat":289557},{"id":256825,"n":"Tajine boulgour Jardin Bio Poulet olive citron 220g","p":2.35,"u":"10,68 €/KG","img":"https://fd9-photos.leclercdrive.fr/image.ashx?id=2883582&use=l&cat=p&typeid=i","cat":284953},{"id":256828,"n":"Tartelette Jardin Bio 150g","p":2.36,"u":"15,73 €/KG","img":"https://fd9-photos.leclercdrive.fr/image.ashx?id=2883585&use=l&cat=p&typeid=i","cat":284488},{"id":256833,"n":"Biscuit Jardin Bio Le Petit Céréalier - 155g","p":1.53,"u":"9,87 €/KG","img":"https://fd9-photos.leclercdrive.fr/image.ashx?id=2883588&use=l&cat=p&typeid=i","cat":284487},{"id":256985,"n":"Mezzelune Florelli aux fromages - 300g","p":3.16,"u":"10,53 €/KG","img":"https://fd9-photos.leclercdrive.fr/image.ashx?id=2883654&use=l&cat=p&typeid=i","cat":333682},{"id":256987,"n":"Tortelli Florelli ricotta & épinards - 300g","p":3.29,"u":"10,97 €/KG","img":"https://fd9-photos.leclercdrive.fr/image.ashx?id=2883648&use=l&cat=p&typeid=i","cat":333682},{"id":257008,"n":"Steak haché bon plan Charal x2 - 200g","p":3.9,"u":"19,50 €/KG","img":"https://fd9-photos.leclercdrive.fr/image.ashx?id=2883456&use=l&cat=p&typeid=i","cat":284332},{"id":257024,"n":"Diffuseur électrique Raid Max Liquide - 30 nuits - 21ml","p":6.43,"u":"306,19 €/L","img":"https://fd9-photos.leclercdrive.fr/image.ashx?id=2884759&use=l&cat=p&typeid=i","cat":298368},{"id":257025,"n":"Recharge électrique  Raid Max  Liquide - 30 nuits - 21ml","p":5.11,"u":"243,33 €/L","img":"https://fd9-photos.leclercdrive.fr/image.ashx?id=2884762&use=l&cat=p&typeid=i","cat":298368},{"id":257036,"n":"Spray enfant Autan Anti-moustiques - 100ml","p":6.99,"u":"69,90 €/L","img":"https://fd9-photos.leclercdrive.fr/image.ashx?id=2884735&use=l&cat=p&typeid=i","cat":299654},{"id":257041,"n":"Gel douche homme Axe supreme Re-load - 5en-1 - 250ml","p":2.81,"u":"11,24 €/L","img":"https://fd9-photos.leclercdrive.fr/image.ashx?id=2884927&use=l&cat=p&typeid=i","cat":284619},{"id":257043,"n":"Gel douche homme Axe Black vanilla - 225ml","p":2.64,"u":"11,73 €/L","img":"https://fd9-photos.leclercdrive.fr/image.ashx?id=2908387&use=l&cat=p&typeid=i","cat":284619},{"id":257045,"n":"Gel douche homme Axe supreme Lendemain difficile - 400ml","p":3.01,"u":"7,53 €/L","img":"https://fd9-photos.leclercdrive.fr/image.ashx?id=2884918&use=l&cat=p&typeid=i","cat":284619},{"id":257046,"n":"Gel douche homme Axe Cherry fizz - 225ml","p":2.85,"u":"12,67 €/L","img":"https://fd9-photos.leclercdrive.fr/image.ashx?id=2908390&use=l&cat=p&typeid=i","cat":284619},{"id":257049,"n":"Déodorant spray homme Axe Cherry fizz - 150ml","p":4.14,"u":"27,60 €/L","img":"https://fd9-photos.leclercdrive.fr/image.ashx?id=3011953&use=l&cat=p&typeid=i","cat":284618},{"id":257050,"n":"Déodorant spray homme Axe Cocoa velvet - 150ml","p":4.86,"u":"32,40 €/L","img":"https://fd9-photos.leclercdrive.fr/image.ashx?id=2896468&use=l&cat=p&typeid=i","cat":284618},{"id":257051,"n":"Déodorant spray homme Axe Gold caramel billionaire 200ml","p":4.85,"u":"24,25 €/L","img":"https://fd9-photos.leclercdrive.fr/image.ashx?id=2884903&use=l&cat=p&typeid=i","cat":284618},{"id":257054,"n":"Émincés de poulet provençale L'Atelier Volaille - 300g","p":3.59,"u":"11,97 €/KG","img":"https://fd9-photos.leclercdrive.fr/image.ashx?id=2927884&use=l&cat=p&typeid=i","cat":284336},{"id":257074,"n":"Gnocchi à poêler Lustucru Extra jambon fromage 300g","p":2.33,"u":"7,77 €/KG","img":"https://fd9-photos.leclercdrive.fr/image.ashx?id=2884387&use=l&cat=p&typeid=i","cat":333682},{"id":257076,"n":"Gnocchi à poêler Lustucru Extra fromage 300g","p":2.31,"u":"7,70 €/KG","img":"https://fd9-photos.leclercdrive.fr/image.ashx?id=2886013&use=l&cat=p&typeid=i","cat":333682},{"id":257077,"n":"Fromage enfant Mini Babybel  16 portions goûter - 352g","p":5.95,"u":"16,90 €/KG","img":"https://fd9-photos.leclercdrive.fr/image.ashx?id=2935840&use=l&cat=p&typeid=i","cat":314030},{"id":257202,"n":"Préservatifs Durex Intensity XL - x10","p":10.3,"img":"https://fd9-photos.leclercdrive.fr/image.ashx?id=2964670&use=l&cat=p&typeid=i","cat":284631},{"id":257205,"n":"Eponges flex & wash x4","p":6.96,"img":"https://fd9-photos.leclercdrive.fr/image.ashx?id=2884522&use=l&cat=p&typeid=i","cat":284667},{"id":257206,"n":"Eponges fFlex & wash x2","p":4.3,"img":"https://fd9-photos.leclercdrive.fr/image.ashx?id=2884525&use=l&cat=p&typeid=i","cat":284667},{"id":257214,"n":"Capsules lave-vaisselle Finish Quantum Citron - x30 - 312g","p":6.73,"u":"21,57 €/KG","img":"https://fd9-photos.leclercdrive.fr/image.ashx?id=2926618&use=l&cat=p&typeid=i","cat":284656},{"id":257215,"n":"Capsules lave-vaisselle Finish Quantum - x30 - 312g","p":6.92,"u":"22,18 €/KG","img":"https://fd9-photos.leclercdrive.fr/image.ashx?id=2884627&use=l&cat=p&typeid=i","cat":284656},{"id":257217,"n":"Capsules lave-vaisselle Finish Ultimate citron - x26 - 335g","p":7.01,"u":"20,99 €/KG","img":"https://fd9-photos.leclercdrive.fr/image.ashx?id=2884630&use=l&cat=p&typeid=i","cat":284656},{"id":257228,"n":"Capsules lave-vaisselle Finish Ultimate Plus - x22 - 268g","p":6.42,"u":"23,96 €/KG","img":"https://fd9-photos.leclercdrive.fr/image.ashx?id=2884900&use=l&cat=p&typeid=i","cat":284656},{"id":257230,"n":"Désinfectant linge Sanytol Stop Odeurs Fleurs blanches 500ml","p":3.27,"u":"6,54 €/L","img":"https://fd9-photos.leclercdrive.fr/image.ashx?id=2961960&use=l&cat=p&typeid=i","cat":290451},{"id":257231,"n":"Désinfectant linge Sanytol Stop Odeurs Fleurs Blanches 1L","p":6.52,"u":"6,52 €/L","img":"https://fd9-photos.leclercdrive.fr/image.ashx?id=2884312&use=l&cat=p&typeid=i","cat":290451},{"id":257232,"n":"Capsules Lave-Vaisselle SUN  Pro-Expert Regular 38 lavages","p":7.9,"u":"13,86 €/KG","img":"https://fd9-photos.leclercdrive.fr/image.ashx?id=2907728&use=l&cat=p&typeid=i","cat":284656},{"id":257236,"n":"Tablettes lave-vaisselle Uni Vert - Classiques - x45 - 450g","p":6.27,"u":"13,93 €/KG","img":"https://fd9-photos.leclercdrive.fr/image.ashx?id=3015135&use=l&cat=p&typeid=i","cat":284656},{"id":257237,"n":"Déodorant femme Adidas Control - 150ml","p":2.73,"u":"18,20 €/L","img":"https://fd9-photos.leclercdrive.fr/image.ashx?id=2884594&use=l&cat=p&typeid=i","cat":284595},{"id":257240,"n":"Déodorant homme Adidas Sport fresh - 150ml","p":3.31,"u":"22,07 €/L","img":"https://fd9-photos.leclercdrive.fr/image.ashx?id=2884606&use=l&cat=p&typeid=i","cat":284618},{"id":257251,"n":"Capsules Lave-Vaisselle SUN  Pro-Expert Citron 38 lavages","p":7.9,"u":"13,86 €/KG","img":"https://fd9-photos.leclercdrive.fr/image.ashx?id=2991039&use=l&cat=p&typeid=i","cat":284656},{"id":257277,"n":"Bâtonnets surimi moelleux Fleury Michon x12 - 180g","p":1.78,"u":"9,89 €/KG","img":"https://fd9-photos.leclercdrive.fr/image.ashx?id=2936920&use=l&cat=p&typeid=i","cat":285189},{"id":257278,"n":"Bâtonnets surimi moelleux Fleury Michon x18 - 270g","p":2.69,"u":"9,96 €/KG","img":"https://fd9-photos.leclercdrive.fr/image.ashx?id=2936923&use=l&cat=p&typeid=i","cat":285189},{"id":257279,"n":"Bâtonnets surimi moelleux  Fleury Michon x24 - 360g","p":3.31,"u":"9,19 €/KG","img":"https://fd9-photos.leclercdrive.fr/image.ashx?id=2936926&use=l&cat=p&typeid=i","cat":285189},{"id":257280,"n":"Bâtonnets surimi moelleux Fleury Michon x30 - 450g","p":3.78,"u":"8,40 €/KG","img":"https://fd9-photos.leclercdrive.fr/image.ashx?id=2936929&use=l&cat=p&typeid=i","cat":285189},{"id":257322,"n":"Nectar Bio Pressade Orange - 1.5L","p":2.83,"u":"1,89 €/L","img":"https://fd9-photos.leclercdrive.fr/image.ashx?id=2885357&use=l&cat=p&typeid=i","cat":284521},{"id":257391,"n":"Barre gourmande Grainéa Chocolat Cacahuète - 140g","p":1.93,"u":"13,79 €/KG","img":"https://fd9-photos.leclercdrive.fr/image.ashx?id=2885777&use=l&cat=p&typeid=i","cat":285869},{"id":257506,"n":"Émincés de poulet mexicain L'Atelier Volaille - 300g","p":3.59,"u":"11,97 €/KG","img":"https://fd9-photos.leclercdrive.fr/image.ashx?id=2927881&use=l&cat=p&typeid=i","cat":284336},{"id":257510,"n":"Emincés de poulet façon kebab L'atelier Volaille - 300g","p":3.59,"u":"11,97 €/KG","img":"https://fd9-photos.leclercdrive.fr/image.ashx?id=2927887&use=l&cat=p&typeid=i","cat":284336},{"id":257862,"n":"Ben & Jerry's Brookies & Creams x4","p":4.82,"u":"4,18 €/KG","img":"https://fd9-photos.leclercdrive.fr/image.ashx?id=2896447&use=l&cat=p&typeid=i","cat":284725},{"id":257868,"n":"Bière Rouge la Bête Rouge 8% 75cl","p":4.45,"u":"5,93 €/L","img":"https://fd9-photos.leclercdrive.fr/image.ashx?id=2885962&use=l&cat=p&typeid=i","cat":334878},{"id":257902,"n":"Céréales All-Bran Kellogg's Fibre plus - 500g","p":3.69,"u":"7,38 €/KG","img":"https://fd9-photos.leclercdrive.fr/image.ashx?id=2885643&use=l&cat=p&typeid=i","cat":309512},{"id":257947,"n":"Soda Orangina 24x33cl - 21+3 offerts","p":12.74,"u":"1,61 €/L","img":"https://fd9-photos.leclercdrive.fr/image.ashx?id=2886741&use=l&cat=p&typeid=i","cat":284532},{"id":258053,"n":"Soda Coca Cola Cherry Canette 33cl","p":0.94,"u":"2,85 €/L","img":"https://fd9-photos.leclercdrive.fr/image.ashx?id=3009056&use=l&cat=p&typeid=i","cat":284530},{"id":258078,"n":"Fuzetea fruit de la passion Tropical - Sans sucres - 1.25L","p":1.62,"u":"1,30 €/L","img":"https://fd9-photos.leclercdrive.fr/image.ashx?id=2940411&use=l&cat=p&typeid=i","cat":295019},{"id":258080,"n":"Limonade Lorina grenadine 4x33cl","p":3.69,"u":"2,80 €/L","img":"https://fd9-photos.leclercdrive.fr/image.ashx?id=2895331&use=l&cat=p&typeid=i","cat":284531},{"id":258082,"n":"Limonade Lorina pêche blanche 4x33cl","p":3.69,"u":"2,80 €/L","img":"https://fd9-photos.leclercdrive.fr/image.ashx?id=2895864&use=l&cat=p&typeid=i","cat":284531},{"id":258093,"n":"Flocons d'avoine Grainea 1kg","p":1.65,"u":"1,65 €/KG","img":"https://fd9-photos.leclercdrive.fr/image.ashx?id=2887353&use=l&cat=p&typeid=i","cat":309512},{"id":258141,"n":"Pâtes Panzani  grandes coquillettes - 500g","p":1.55,"u":"3,10 €/KG","img":"https://fd9-photos.leclercdrive.fr/image.ashx?id=2887536&use=l&cat=p&typeid=i","cat":284427},{"id":258143,"n":"Pâtes Panzani  fusilli - 500g","p":1.65,"u":"3,30 €/KG","img":"https://fd9-photos.leclercdrive.fr/image.ashx?id=2887530&use=l&cat=p&typeid=i","cat":284427},{"id":258144,"n":"Pâtes Panzani rigatoni - 500g","p":1.66,"u":"3,32 €/KG","img":"https://fd9-photos.leclercdrive.fr/image.ashx?id=2887533&use=l&cat=p&typeid=i","cat":284427},{"id":258149,"n":"Pâtes Panzani  linguine - 500g","p":1.65,"u":"3,30 €/KG","img":"https://fd9-photos.leclercdrive.fr/image.ashx?id=2887542&use=l&cat=p&typeid=i","cat":284427},{"id":258301,"n":"Spaghetti William Saurin Bolognaise pure boeuf - 300g","p":2.72,"u":"9,07 €/KG","img":"https://fd9-photos.leclercdrive.fr/image.ashx?id=2939517&use=l&cat=p&typeid=i","cat":284953},{"id":258303,"n":"Poulet basquaise William Saurin 285g","p":2.47,"u":"8,67 €/KG","img":"https://fd9-photos.leclercdrive.fr/image.ashx?id=2928564&use=l&cat=p&typeid=i","cat":284953},{"id":258304,"n":"Poulet William Saurin à la crème - 280g","p":2.68,"u":"9,57 €/KG","img":"https://fd9-photos.leclercdrive.fr/image.ashx?id=2939520&use=l&cat=p&typeid=i","cat":284953},{"id":258305,"n":"Risotto William Saurin poulet et champignons - 280g","p":2.75,"u":"9,82 €/KG","img":"https://fd9-photos.leclercdrive.fr/image.ashx?id=2912113&use=l&cat=p&typeid=i","cat":284953},{"id":258308,"n":"Torsades saumon William Saurin Crème et aneth - 280g","p":2.78,"u":"9,93 €/KG","img":"https://fd9-photos.leclercdrive.fr/image.ashx?id=2916009&use=l&cat=p&typeid=i","cat":284953},{"id":258309,"n":"Merlu blanc William Saurin Riz et légumes - 300g","p":2.74,"u":"9,13 €/KG","img":"https://fd9-photos.leclercdrive.fr/image.ashx?id=2986392&use=l&cat=p&typeid=i","cat":284953},{"id":258310,"n":"Blanquette William Saurin Veau et riz - 285g","p":3.18,"u":"11,16 €/KG","img":"https://fd9-photos.leclercdrive.fr/image.ashx?id=2906286&use=l&cat=p&typeid=i","cat":284953},{"id":258312,"n":"Bourguignon William Saurin Boeuf - 300g","p":3.14,"u":"10,47 €/KG","img":"https://fd9-photos.leclercdrive.fr/image.ashx?id=2906289&use=l&cat=p&typeid=i","cat":284953},{"id":258313,"n":"Bières Desperados Sunlight  cerise/grenade 4° - 3x33cl","p":3.95,"u":"3,99 €/L","img":"https://fd9-photos.leclercdrive.fr/image.ashx?id=2899401&use=l&cat=p&typeid=i","cat":334878},{"id":258321,"n":"Dentifrice soin Elmex Sensitive expert - 75ml","p":6.03,"u":"80,40 €/L","img":"https://fd9-photos.leclercdrive.fr/image.ashx?id=2888205&use=l&cat=p&typeid=i","cat":284612},{"id":258340,"n":"Glace Kinder Bueno White Cônes noisettes x6 - 372g","p":5.47,"u":"14,70 €/KG","img":"https://fd9-photos.leclercdrive.fr/image.ashx?id=2890814&use=l&cat=p&typeid=i","cat":284264},{"id":258342,"n":"Glace Ferrero bâtonnets chocolat noir orange x3 - 138g","p":3.4,"u":"24,64 €/KG","img":"https://fd9-photos.leclercdrive.fr/image.ashx?id=2889913&use=l&cat=p&typeid=i","cat":284265},{"id":258350,"n":"Ravioli Rana tomate mozzarella 250g","p":3.46,"u":"13,84 €/KG","img":"https://fd9-photos.leclercdrive.fr/image.ashx?id=2889931&use=l&cat=p&typeid=i","cat":333682},{"id":258351,"n":"Pâtes fraîches Rana Poulet rôti au citron 250g","p":3.64,"u":"14,56 €/KG","img":"https://fd9-photos.leclercdrive.fr/image.ashx?id=2889934&use=l&cat=p&typeid=i","cat":333682},{"id":258353,"n":"Sauce fajita Jardin Bio Bio - 350g","p":2.82,"u":"8,06 €/KG","img":"https://fd9-photos.leclercdrive.fr/image.ashx?id=2889592&use=l&cat=p&typeid=i","cat":288993},{"id":258363,"n":"Bières Softiz Sans alcool  Saveur citron - 6x27,5cl","p":3.08,"u":"1,87 €/L","img":"https://fd9-photos.leclercdrive.fr/image.ashx?id=2887431&use=l&cat=p&typeid=i","cat":334877},{"id":258364,"n":"Biscuits bio Jardin Bio Sésame - 150g","p":1.56,"u":"10,40 €/KG","img":"https://fd9-photos.leclercdrive.fr/image.ashx?id=2890211&use=l&cat=p&typeid=i","cat":284487},{"id":258366,"n":"Bières Softiz Sans alcool  Saveur mojito - 6x27,5cl","p":3.02,"u":"1,83 €/L","img":"https://fd9-photos.leclercdrive.fr/image.ashx?id=2887428&use=l&cat=p&typeid=i","cat":334877},{"id":258369,"n":"Sauce salsa bio Jardin Bio 350g","p":2.81,"u":"8,03 €/KG","img":"https://fd9-photos.leclercdrive.fr/image.ashx?id=2889595&use=l&cat=p&typeid=i","cat":284451},{"id":258387,"n":"Bières Desperados Sunlight  mangue/passion 4° - 3x33cl","p":3.96,"u":"4,00 €/L","img":"https://fd9-photos.leclercdrive.fr/image.ashx?id=2977990&use=l&cat=p&typeid=i","cat":334878},{"id":258606,"n":"Soda Fanta Orange  Bouteille - 1.25L","p":1.63,"u":"1,30 €/L","img":"https://fd9-photos.leclercdrive.fr/image.ashx?id=2924752&use=l&cat=p&typeid=i","cat":284532},{"id":258707,"n":"Nettoyant WC Dr Beckmann Feuilles Magiques agrumes - 20p","p":2.45,"u":"0,12 €/P","img":"https://fd9-photos.leclercdrive.fr/image.ashx?id=2889793&use=l&cat=p&typeid=i","cat":284662},{"id":259150,"n":"24 rouleaux allume feu Harris 100% naturel","p":4.71,"u":"0,20 €/P","img":"https://fd9-photos.leclercdrive.fr/image.ashx?id=2892724&use=l&cat=p&typeid=i","cat":300578},{"id":259159,"n":"Soin visage Fluide anti tâches  UV vitamine C  Garnier -40ml","p":8.7,"u":"217,50 €/L","img":"https://fd9-photos.leclercdrive.fr/image.ashx?id=2904251&use=l&cat=p&typeid=i","cat":325345},{"id":259190,"n":"Eau de parfum Adidas Energy drive - 100ml","p":16.38,"u":"163,80 €/L","img":"https://fd9-photos.leclercdrive.fr/image.ashx?id=2892856&use=l&cat=p&typeid=i","cat":291525},{"id":259200,"n":"Recharge savon mains Rainett Senses - Grenade - 500ml","p":2.35,"u":"4,70 €/L","img":"https://fd9-photos.leclercdrive.fr/image.ashx?id=2892967&use=l&cat=p&typeid=i","cat":284597},{"id":259211,"n":"Dentifrice Enfants Sensodyne 2-6 ans - 50ml","p":3.93,"u":"78,60 €/L","img":"https://fd9-photos.leclercdrive.fr/image.ashx?id=2893009&use=l&cat=p&typeid=i","cat":288898},{"id":259216,"n":"Gel douche Sanex Derma thérapie Anti-démangeaison - 425ml","p":4.92,"u":"11,58 €/L","img":"https://fd9-photos.leclercdrive.fr/image.ashx?id=2893147&use=l&cat=p&typeid=i","cat":284594},{"id":259217,"n":"Gel douche Sanex Derma thérapie Anti-dessèchement - 425ml","p":4.95,"u":"11,65 €/L","img":"https://fd9-photos.leclercdrive.fr/image.ashx?id=2913508&use=l&cat=p&typeid=i","cat":284594},{"id":259228,"n":"Crème protection solaire visage Nivea Sun - Fluide SPF50+ 40ml","p":12.8,"u":"0,32 €/M3","img":"https://fd9-photos.leclercdrive.fr/image.ashx?id=3014626&use=l&cat=p&typeid=i","cat":325355},{"id":259245,"n":"Bière aromatisée 1664 Rosé 4,5°- 6x25cl","p":5.86,"u":"3,91 €/L","img":"https://fd9-photos.leclercdrive.fr/image.ashx?id=2892457&use=l&cat=p&typeid=i","cat":334878},{"id":259249,"n":"Bière aromatisée Somersby Pomme 4,5° - 3x27,5cl","p":3.52,"u":"4,27 €/L","img":"https://fd9-photos.leclercdrive.fr/image.ashx?id=2892460&use=l&cat=p&typeid=i","cat":334878},{"id":259250,"n":"Bière aromatisée Somersby Citron Yuzu 4,5° - 3x27,5cl","p":3.36,"u":"4,07 €/L","img":"https://fd9-photos.leclercdrive.fr/image.ashx?id=2892463&use=l&cat=p&typeid=i","cat":334878},{"id":259253,"n":"Bière aromatisée Somersby Framboise 4,5° - 3x27,5cl","p":3.51,"u":"4,25 €/L","img":"https://fd9-photos.leclercdrive.fr/image.ashx?id=2892466&use=l&cat=p&typeid=i","cat":334878},{"id":259260,"n":"Bière brune Guinness 4,2° - 4x44cl","p":7.61,"u":"4,32 €/L","img":"https://fd9-photos.leclercdrive.fr/image.ashx?id=2896390&use=l&cat=p&typeid=i","cat":334853},{"id":259262,"n":"Bière blonde Stella Artois 5,2% - 6x25cl","p":5.27,"u":"3,51 €/L","img":"https://fd9-photos.leclercdrive.fr/image.ashx?id=2944371&use=l&cat=p&typeid=i","cat":334873},{"id":259263,"n":"Bière blonde Stella Artois 5,2% - 12x25cl","p":9.5,"pp":6.27,"u":"2,09 €/L","img":"https://fd9-photos.leclercdrive.fr/image.ashx?id=2971754&use=l&cat=p&typeid=i","cat":334873},{"id":259283,"n":"Bière Cherry 8.6 7.2% - 4x50cl","p":6.94,"u":"3,47 €/L","img":"https://fd9-photos.leclercdrive.fr/image.ashx?id=2905708&use=l&cat=p&typeid=i","cat":334853},{"id":259315,"n":"Crackers Norvégiens Dailybread sans gluten Avoine  190g","p":3.45,"u":"18,16 €/KG","img":"https://fd9-photos.leclercdrive.fr/image.ashx?id=2958191&use=l&cat=p&typeid=i","cat":297000},{"id":259322,"n":"Pain burger Jacquet Nature x6 - 330g","p":1.4,"u":"4,24 €/KG","img":"https://fd9-photos.leclercdrive.fr/image.ashx?id=2991885&use=l&cat=p&typeid=i","cat":325067},{"id":259323,"n":"Burger Jacquet brioché Ultra moelleux x4 - 250g","p":1.54,"u":"6,16 €/KG","img":"https://fd9-photos.leclercdrive.fr/image.ashx?id=3010984&use=l&cat=p&typeid=i","cat":325067},{"id":259586,"n":"Sandwich Les Mim's Sodebo Thon - 120g","p":1.85,"u":"15,42 €/KG","img":"https://fd9-photos.leclercdrive.fr/image.ashx?id=2892568&use=l&cat=p&typeid=i","cat":333658},{"id":259631,"n":"Bières 8.6 original 8.6% VOL Pack 6x25cl","p":4.62,"u":"3,08 €/L","img":"https://fd9-photos.leclercdrive.fr/image.ashx?id=2893135&use=l&cat=p&typeid=i","cat":334873},{"id":259819,"n":"Piles Duracell Plus power boost AA - x4","p":4.15,"u":"1,04 €/P","img":"https://fd9-photos.leclercdrive.fr/image.ashx?id=2929122&use=l&cat=p&typeid=i","cat":300572},{"id":260017,"n":"Pennes Baies de Goji Noisettes Pierre Martinet - 250g","p":2.93,"u":"11,72 €/KG","img":"https://fd9-photos.leclercdrive.fr/image.ashx?id=2893690&use=l&cat=p&typeid=i","cat":333657},{"id":260044,"n":"Liqueur Get Menthe & fruits rouges 17.9° - 70cl","p":12.99,"u":"18,56 €/L","img":"https://fd9-photos.leclercdrive.fr/image.ashx?id=3009104&use=l&cat=p&typeid=i","cat":286032},{"id":260045,"n":"Boisson énergisante Celsius Pêche framboise - 35,5cl","p":1.4,"u":"3,94 €/L","img":"https://fd9-photos.leclercdrive.fr/image.ashx?id=2922155&use=l&cat=p&typeid=i","cat":284533},{"id":260047,"n":"Boisson énergisante Celsius Multifruits - 35,5cl","p":1.4,"u":"3,94 €/L","img":"https://fd9-photos.leclercdrive.fr/image.ashx?id=2919006&use=l&cat=p&typeid=i","cat":284533},{"id":260048,"n":"Boisson énergisante Celsius Orange - 35,5cl","p":1.4,"u":"3,94 €/L","img":"https://fd9-photos.leclercdrive.fr/image.ashx?id=2922152&use=l&cat=p&typeid=i","cat":284533},{"id":260054,"n":"Boisson énergisante Celsius Fraise passion - 35,5cl","p":1.4,"u":"3,94 €/L","img":"https://fd9-photos.leclercdrive.fr/image.ashx?id=2922158&use=l&cat=p&typeid=i","cat":284533},{"id":260214,"n":"Cookies BN Pépites aux 2 chocolats - 150g","p":2.0,"u":"13,33 €/KG","img":"https://fd9-photos.leclercdrive.fr/image.ashx?id=2901704&use=l&cat=p&typeid=i","cat":325066},{"id":260216,"n":"Cookies BN Pépites de chocolat blanc -150g","p":1.95,"u":"13,00 €/KG","img":"https://fd9-photos.leclercdrive.fr/image.ashx?id=2901707&use=l&cat=p&typeid=i","cat":325066},{"id":260255,"n":"36 capsules Absolu  Tout en 1 dégraissant SUN","p":10.82,"u":"0,30 €/P","img":"https://fd9-photos.leclercdrive.fr/image.ashx?id=2905723&use=l&cat=p&typeid=i","cat":284656},{"id":260270,"n":"Désinfectant linge Sanytol  Envolée de Printemps - 500ml","p":3.33,"u":"6,66 €/L","img":"https://fd9-photos.leclercdrive.fr/image.ashx?id=2894128&use=l&cat=p&typeid=i","cat":290451},{"id":260273,"n":"Désinfectant linge Sanytol  Fraicheur active - 500ml","p":4.31,"u":"8,62 €/L","img":"https://fd9-photos.leclercdrive.fr/image.ashx?id=2894122&use=l&cat=p&typeid=i","cat":290451},{"id":260276,"n":"Barre de céréales Nature Valley Crunchy avoine miel - 420g","p":4.4,"u":"10,48 €/KG","img":"https://fd9-photos.leclercdrive.fr/image.ashx?id=2894512&use=l&cat=p&typeid=i","cat":300032},{"id":260279,"n":"Barre de céréales Nature Valley Crunchy avoine chocolat - 420g","p":4.45,"u":"10,60 €/KG","img":"https://fd9-photos.leclercdrive.fr/image.ashx?id=2894515&use=l&cat=p&typeid=i","cat":300032},{"id":260280,"n":"Barre de céréales Nature Valley Crunchy fruits rouges - 420g","p":3.86,"u":"9,19 €/KG","img":"https://fd9-photos.leclercdrive.fr/image.ashx?id=2894518&use=l&cat=p&typeid=i","cat":300032},{"id":260281,"n":"Bière blonde de caractère  Pélican 7.5% 12x25cl","p":11.39,"pp":7.52,"u":"2,51 €/L","img":"https://fd9-photos.leclercdrive.fr/image.ashx?id=2922600&use=l&cat=p&typeid=i","cat":334872},{"id":260328,"n":"Riz Taureau Ailé Basmati du Punjab - 500g","p":2.27,"u":"4,54 €/KG","img":"https://fd9-photos.leclercdrive.fr/image.ashx?id=2893756&use=l&cat=p&typeid=i","cat":284428},{"id":260330,"n":"Rice Box Sodebo  Poulet curry riz - 330g","p":3.57,"u":"10,82 €/KG","img":"https://fd9-photos.leclercdrive.fr/image.ashx?id=2894227&use=l&cat=p&typeid=i","cat":334983},{"id":260331,"n":"Rice Box Sodebo  Tikka Massala riz - 330g","p":3.58,"u":"10,85 €/KG","img":"https://fd9-photos.leclercdrive.fr/image.ashx?id=2894224&use=l&cat=p&typeid=i","cat":334983},{"id":260732,"n":"Oral-B brossettes 3D White   4 + 4 offertes","p":37.41,"u":"4,68 €/P","img":"https://fd9-photos.leclercdrive.fr/image.ashx?id=2905096&use=l&cat=p&typeid=i","cat":297133},{"id":260735,"n":"Oral-B brossettes Cross Action 4+4 offertes","p":37.71,"u":"4,71 €/P","img":"https://fd9-photos.leclercdrive.fr/image.ashx?id=2905093&use=l&cat=p&typeid=i","cat":297133},{"id":260771,"n":"Masque tissu L'Oréal Paris Sérum éclat vitamine C - x1","p":3.92,"img":"https://fd9-photos.leclercdrive.fr/image.ashx?id=2895355&use=l&cat=p&typeid=i","cat":325346},{"id":261200,"n":"Cônes Magnum noisette  4x90g","p":4.81,"u":"18,50 €/KG","img":"https://fd9-photos.leclercdrive.fr/image.ashx?id=2896453&use=l&cat=p&typeid=i","cat":284264},{"id":261216,"n":"Cônes Magnum mangue  4x90ml","p":4.37,"u":"16,81 €/KG","img":"https://fd9-photos.leclercdrive.fr/image.ashx?id=2896450&use=l&cat=p&typeid=i","cat":284264},{"id":261256,"n":"Spray douche Anti-calcaire Antikal  800ml","p":3.41,"u":"4,26 €/L","img":"https://fd9-photos.leclercdrive.fr/image.ashx?id=2897420&use=l&cat=p&typeid=i","cat":325362},{"id":261425,"n":"Cidou Amour de fruits nectar Ananas Goyave -1L","p":2.07,"u":"2,07 €/L","img":"https://fd9-photos.leclercdrive.fr/image.ashx?id=2897252&use=l&cat=p&typeid=i","cat":284916},{"id":261438,"n":"Terrine de campagne Jean Brunet piment d'Espelette VPF - 180g","p":1.46,"u":"8,11 €/KG","img":"https://fd9-photos.leclercdrive.fr/image.ashx?id=2897003&use=l&cat=p&typeid=i","cat":305149},{"id":261462,"n":"Eau de toilette Adidas UEFA Numéro 11 - 100ml","p":11.73,"u":"117,30 €/L","img":"https://fd9-photos.leclercdrive.fr/image.ashx?id=2897126&use=l&cat=p&typeid=i","cat":287740},{"id":261498,"n":"Chewing-gum Hollywood Blancheur  Xylitol sans sucres - 67,5g","p":2.18,"u":"32,06 €/KG","img":"https://fd9-photos.leclercdrive.fr/image.ashx?id=2994602&use=l&cat=p&typeid=i","cat":304251},{"id":261500,"n":"Tablette cuadro Cremino  110g","p":3.04,"u":"27,64 €/KG","img":"https://fd9-photos.leclercdrive.fr/image.ashx?id=2903806&use=l&cat=p&typeid=i","cat":284497},{"id":261502,"n":"Bonbons Tic Tac  Chlorophylle - x100 - 49g","p":2.01,"u":"41,02 €/KG","img":"https://fd9-photos.leclercdrive.fr/image.ashx?id=2903791&use=l&cat=p&typeid=i","cat":304256},{"id":261509,"n":"Chocolat Tablette d'Or Noir biscuit citron vert 180g","p":2.89,"u":"16,06 €/KG","img":"https://fd9-photos.leclercdrive.fr/image.ashx?id=2896828&use=l&cat=p&typeid=i","cat":284956},{"id":261528,"n":"Nectar Bio Pressade Orange Bio - 6x20cl","p":3.19,"u":"2,66 €/L","img":"https://fd9-photos.leclercdrive.fr/image.ashx?id=2902705&use=l&cat=p&typeid=i","cat":284521},{"id":261529,"n":"Basilic Panier du Primeur 20g","p":1.49,"u":"74,50 €/KG","img":"https://fd9-photos.leclercdrive.fr/image.ashx?id=2897874&use=l&cat=p&typeid=i","cat":293607},{"id":261531,"n":"Ciboulette Panier du Primeur 20g","p":1.49,"u":"74,50 €/KG","img":"https://fd9-photos.leclercdrive.fr/image.ashx?id=2897880&use=l&cat=p&typeid=i","cat":293607},{"id":261533,"n":"Coriandre Panier du Primeur  20g","p":1.49,"u":"74,50 €/KG","img":"https://fd9-photos.leclercdrive.fr/image.ashx?id=2899830&use=l&cat=p&typeid=i","cat":293607},{"id":261535,"n":"Menthe Panier du Primeur 20g","p":1.49,"u":"74,50 €/KG","img":"https://fd9-photos.leclercdrive.fr/image.ashx?id=2899833&use=l&cat=p&typeid=i","cat":293607},{"id":261536,"n":"Persil Plat Panier du Primeur 20g","p":1.49,"u":"74,50 €/KG","img":"https://fd9-photos.leclercdrive.fr/image.ashx?id=2899836&use=l&cat=p&typeid=i","cat":293607},{"id":261546,"n":"Bougie Citronnelle de Java - 1p","p":2.05,"img":"https://fd9-photos.leclercdrive.fr/image.ashx?id=2903461&use=l&cat=p&typeid=i","cat":335913},{"id":261589,"n":"Sauce Soja Sucrée Kikkoman 150ml","p":3.11,"u":"20,73 €/L","img":"https://fd9-photos.leclercdrive.fr/image.ashx?id=2901214&use=l&cat=p&typeid=i","cat":288992},{"id":261612,"n":"Pancakes Pasquier Vanille - x8  280g","p":2.23,"u":"7,96 €/KG","img":"https://fd9-photos.leclercdrive.fr/image.ashx?id=2900452&use=l&cat=p&typeid=i","cat":284495},{"id":261974,"n":"Coca-Cola Cherry 18+2 offertes - 20x33cl","p":11.95,"u":"1,81 €/L","img":"https://fd9-photos.leclercdrive.fr/image.ashx?id=2903716&use=l&cat=p&typeid=i","cat":284530},{"id":262309,"n":"IGP Pays D'Oc Bleu de Mer  Vin rouge - Bib 3L","p":16.73,"u":"5,58 €/L","img":"https://fd9-photos.leclercdrive.fr/image.ashx?id=2899155&use=l&cat=p&typeid=i","cat":289560},{"id":262345,"n":"Soda Fanta Orange  Canette - Pack 6x33CL","p":3.6,"u":"1,82 €/L","img":"https://fd9-photos.leclercdrive.fr/image.ashx?id=2997241&use=l&cat=p&typeid=i","cat":284532},{"id":262514,"n":"Filets de cabillaud Costa  Sauvages - 375g","p":8.84,"u":"23,57 €/KG","img":"https://fd9-photos.leclercdrive.fr/image.ashx?id=2902259&use=l&cat=p&typeid=i","cat":319786},{"id":262515,"n":"Filets de saumon Costa Sauvages - 375g","p":8.79,"u":"23,44 €/KG","img":"https://fd9-photos.leclercdrive.fr/image.ashx?id=2902262&use=l&cat=p&typeid=i","cat":319786},{"id":262536,"n":"Sirop Grenadine DC Comics - 60cl","p":3.0,"u":"5,00 €/L","img":"https://fd9-photos.leclercdrive.fr/image.ashx?id=2901827&use=l&cat=p&typeid=i","cat":295020},{"id":262537,"n":"Sirop Menthe DC Comics - 60cl","p":2.98,"u":"4,97 €/L","img":"https://fd9-photos.leclercdrive.fr/image.ashx?id=2901830&use=l&cat=p&typeid=i","cat":295020},{"id":262538,"n":"Sirop Fraise DC Comics - 60cl","p":2.97,"u":"4,95 €/L","img":"https://fd9-photos.leclercdrive.fr/image.ashx?id=2901833&use=l&cat=p&typeid=i","cat":295020},{"id":262545,"n":"Sirop Teisseire Tonus Fraise Kiwi - 60cl","p":3.55,"u":"5,92 €/L","img":"https://fd9-photos.leclercdrive.fr/image.ashx?id=2901758&use=l&cat=p&typeid=i","cat":295020},{"id":262547,"n":"Sirop Teisseire Boost Ananas Mangue - 60cl","p":3.55,"u":"5,92 €/L","img":"https://fd9-photos.leclercdrive.fr/image.ashx?id=2901761&use=l&cat=p&typeid=i","cat":295020},{"id":262854,"n":"Bière Somersby bte Pomme -50cl","p":1.69,"u":"3,38 €/L","img":"https://fd9-photos.leclercdrive.fr/image.ashx?id=2901725&use=l&cat=p&typeid=i","cat":334853},{"id":262860,"n":"Tablette Pure Via Chocolat blanc - 100g","p":2.65,"u":"26,50 €/KG","img":"https://fd9-photos.leclercdrive.fr/image.ashx?id=2902025&use=l&cat=p&typeid=i","cat":284957},{"id":262867,"n":"Baume lèvres hydratant Labello x2","p":3.29,"u":"329,00 €/KG","img":"https://fd9-photos.leclercdrive.fr/image.ashx?id=2901581&use=l&cat=p&typeid=i","cat":285485},{"id":262868,"n":"Baume lèvre hydratant Labello","p":2.06,"u":"412,00 €/KG","img":"https://fd9-photos.leclercdrive.fr/image.ashx?id=2984676&use=l&cat=p&typeid=i","cat":285485},{"id":262876,"n":"Mini fingers Cadburry 96.5g","p":1.69,"u":"17,60 €/KG","img":"https://fd9-photos.leclercdrive.fr/image.ashx?id=2902831&use=l&cat=p&typeid=i","cat":284488},{"id":263106,"n":"Glace en pot Ben & Jerry's  Sweet Mango Memories 465 ml","p":3.71,"u":"7,98 €/L","img":"https://fd9-photos.leclercdrive.fr/image.ashx?id=2938301&use=l&cat=p&typeid=i","cat":284725},{"id":263107,"n":"Ben & Jerry's Glace en pot Sundae Marshmallow/ Smore 427ml","p":4.61,"u":"10,80 €/L","img":"https://fd9-photos.leclercdrive.fr/image.ashx?id=3009314&use=l&cat=p&typeid=i","cat":284725},{"id":263108,"n":"Bouchées glacées Ben & Jerry  Cookie Dough 150g","p":5.18,"u":"34,53 €/KG","img":"https://fd9-photos.leclercdrive.fr/image.ashx?id=3009323&use=l&cat=p&typeid=i","cat":284725},{"id":263109,"n":"Ben & Jerry's Glace dessert Brownie Caramel Salé 150 gr","p":4.61,"u":"30,73 €/KG","img":"https://fd9-photos.leclercdrive.fr/image.ashx?id=2901181&use=l&cat=p&typeid=i","cat":284725},{"id":263112,"n":"Ben & Jerry's Glace pot Vegan Chocolate Fudge Brownie 465ml","p":5.05,"u":"10,86 €/L","img":"https://fd9-photos.leclercdrive.fr/image.ashx?id=2901172&use=l&cat=p&typeid=i","cat":284725},{"id":263130,"n":"Magnum Glace Bâtonnet  Double Noisette 4x85ml","p":4.32,"u":"12,71 €/L","img":"https://fd9-photos.leclercdrive.fr/image.ashx?id=3009326&use=l&cat=p&typeid=i","cat":284265},{"id":263131,"n":"Bâtonnet Magnum Utopia Double Fruits Rouges 4x85ml","p":4.21,"u":"12,38 €/L","img":"https://fd9-photos.leclercdrive.fr/image.ashx?id=3014650&use=l&cat=p&typeid=i","cat":284265},{"id":263132,"n":"Glace Bonbon Dessert Magnum Gold Caramel Billionaire 168g","p":3.89,"u":"23,15 €/KG","img":"https://fd9-photos.leclercdrive.fr/image.ashx?id=3009320&use=l&cat=p&typeid=i","cat":284266},{"id":263133,"n":"Magnum Glace Bonbon Dessert Caramel Salé & Amande x12","p":3.89,"u":"21,03 €/KG","img":"https://fd9-photos.leclercdrive.fr/image.ashx?id=2901178&use=l&cat=p&typeid=i","cat":284266},{"id":263154,"n":"Saumon MSC haché Yooji dès 4 mois 80g","p":4.33,"u":"54,13 €/KG","img":"https://fd9-photos.leclercdrive.fr/image.ashx?id=3008893&use=l&cat=p&typeid=i","cat":290631},{"id":263155,"n":"Ecrasé de ratatouille Yooji dès 8 mois 400g","p":4.23,"u":"10,58 €/KG","img":"https://fd9-photos.leclercdrive.fr/image.ashx?id=2901022&use=l&cat=p&typeid=i","cat":312236},{"id":263287,"n":"IGP Méditerranée Blanc Studio by Miraval - 75cl","p":9.85,"u":"13,13 €/L","img":"https://fd9-photos.leclercdrive.fr/image.ashx?id=2990541&use=l&cat=p&typeid=i","cat":289557},{"id":263323,"n":"Eponge vaisselle Elephant x6 +3 offertes","p":3.6,"img":"https://fd9-photos.leclercdrive.fr/image.ashx?id=2902133&use=l&cat=p&typeid=i","cat":325894},{"id":263698,"n":"Bière Softiz  Agrumes 6x27,5cl","p":3.33,"u":"2,02 €/L","img":"https://fd9-photos.leclercdrive.fr/image.ashx?id=2902529&use=l&cat=p&typeid=i","cat":334877},{"id":263702,"n":"Glace cône Extreme Salted caramel - 6x71g","p":3.57,"u":"8,38 €/KG","img":"https://fd9-photos.leclercdrive.fr/image.ashx?id=2904185&use=l&cat=p&typeid=i","cat":284264},{"id":263705,"n":"Glace cône Extrême Vanille/ chocolat - 6x71g","p":3.73,"u":"8,76 €/KG","img":"https://fd9-photos.leclercdrive.fr/image.ashx?id=2904188&use=l&cat=p&typeid=i","cat":284264},{"id":263742,"n":"Culottes Tena Taille M - x9","p":7.9,"u":"0,88 €/P","img":"https://fd9-photos.leclercdrive.fr/image.ashx?id=2904452&use=l&cat=p&typeid=i","cat":284628},{"id":264175,"n":"Bière Pietra Limoncella 3x33cl","p":5.65,"u":"5,71 €/L","img":"https://fd9-photos.leclercdrive.fr/image.ashx?id=2906454&use=l&cat=p&typeid=i","cat":334878},{"id":264349,"n":"1/6 Thon entier au naturel Un Pecheur sachant Pecher 93g","p":1.64,"u":"17,63 €/KG","img":"https://fd9-photos.leclercdrive.fr/image.ashx?id=2906304&use=l&cat=p&typeid=i","cat":303867},{"id":264373,"n":"P'tit Savane Tornado Brossard Roulés à la fraise - x7 - 175g","p":2.01,"u":"11,49 €/KG","img":"https://fd9-photos.leclercdrive.fr/image.ashx?id=2966089&use=l&cat=p&typeid=i","cat":284495},{"id":264392,"n":"Savane Brossard coeur choco Max de sensation - x6 - 180g","p":2.35,"u":"13,06 €/KG","img":"https://fd9-photos.leclercdrive.fr/image.ashx?id=2906502&use=l&cat=p&typeid=i","cat":284495},{"id":264416,"n":"Tartelette BN Chocolat - 100g","p":1.19,"u":"11,90 €/KG","img":"https://fd9-photos.leclercdrive.fr/image.ashx?id=2907881&use=l&cat=p&typeid=i","cat":284488},{"id":264417,"n":"Biscuits BN Del'ice Choco Brownie - 185g","p":1.85,"u":"10,00 €/KG","img":"https://fd9-photos.leclercdrive.fr/image.ashx?id=2907884&use=l&cat=p&typeid=i","cat":284488},{"id":264418,"n":"Biscuits BN Del'ice Cookie Dough - 175g","p":1.82,"u":"10,40 €/KG","img":"https://fd9-photos.leclercdrive.fr/image.ashx?id=2907887&use=l&cat=p&typeid=i","cat":325066},{"id":264432,"n":"Matière grasse végétale Flora Demi-sel à tartiner - 250g","p":2.51,"u":"10,04 €/KG","img":"https://fd9-photos.leclercdrive.fr/image.ashx?id=2908384&use=l&cat=p&typeid=i","cat":315229},{"id":264696,"n":"Cheetos crunchy Fromage - 90g","p":1.19,"u":"13,22 €/KG","img":"https://fd9-photos.leclercdrive.fr/image.ashx?id=2907965&use=l&cat=p&typeid=i","cat":284449},{"id":264707,"n":"Cheetos original  135g","p":1.56,"u":"11,56 €/KG","img":"https://fd9-photos.leclercdrive.fr/image.ashx?id=2907956&use=l&cat=p&typeid=i","cat":284449},{"id":264713,"n":"Kit crousti'fajitas Old El Paso Extra doux - 521g","p":4.0,"u":"7,68 €/KG","img":"https://fd9-photos.leclercdrive.fr/image.ashx?id=2908354&use=l&cat=p&typeid=i","cat":288993},{"id":264729,"n":"Bonbons Têtes Brûlées Yaaah ! Sakura & Mangue Wasabi - 180g","p":1.75,"u":"9,72 €/KG","img":"https://fd9-photos.leclercdrive.fr/image.ashx?id=2907021&use=l&cat=p&typeid=i","cat":304250},{"id":264733,"n":"Whisky single malt The Deveron 10ans d'âge - 70cl","p":23.57,"u":"33,67 €/L","img":"https://fd9-photos.leclercdrive.fr/image.ashx?id=2908336&use=l&cat=p&typeid=i","cat":284547},{"id":264778,"n":"Décor pour gateaux Vahiné Dinosaure - x1","p":1.58,"img":"https://fd9-photos.leclercdrive.fr/image.ashx?id=2907297&use=l&cat=p&typeid=i","cat":284504},{"id":264788,"n":"Brooklyn Stonewall Inn IPA 50cl","p":2.47,"u":"4,94 €/L","img":"https://fd9-photos.leclercdrive.fr/image.ashx?id=2907569&use=l&cat=p&typeid=i","cat":334853},{"id":264791,"n":"Biscuit au Pop corn P'tit Déli Fourrés chocolat au lait - 150g","p":1.89,"u":"12,60 €/KG","img":"https://fd9-photos.leclercdrive.fr/image.ashx?id=2907303&use=l&cat=p&typeid=i","cat":284488},{"id":264903,"n":"La Panée soja Garden Gourmet 207g","p":2.68,"u":"12,95 €/KG","img":"https://fd9-photos.leclercdrive.fr/image.ashx?id=2980155&use=l&cat=p&typeid=i","cat":316036},{"id":264959,"n":"Halloumi AOP Les Croisés 200g","p":2.66,"u":"13,30 €/KG","img":"https://fd9-photos.leclercdrive.fr/image.ashx?id=3009532&use=l&cat=p&typeid=i","cat":314026},{"id":265103,"n":"Jambon supérieur avec couenne  L'Atelier Charcuterie 6T - 330g","p":4.72,"u":"14,30 €/KG","img":"https://fd9-photos.leclercdrive.fr/image.ashx?id=2999051&use=l&cat=p&typeid=i","cat":316009},{"id":265111,"n":"Jambon supérieur -25% sel  L'Atelier Charcuterie 2T - 110g","p":2.61,"u":"23,73 €/KG","img":"https://fd9-photos.leclercdrive.fr/image.ashx?id=2909368&use=l&cat=p&typeid=i","cat":316009},{"id":265151,"n":"Fromage enfant Mini Babybel  22 portions 484g","p":7.83,"u":"16,18 €/KG","img":"https://fd9-photos.leclercdrive.fr/image.ashx?id=2935843&use=l&cat=p&typeid=i","cat":314030},{"id":265152,"n":"Fromage apéritif Apéricube Soirée match 48 cubes 250g","p":4.17,"u":"16,68 €/KG","img":"https://fd9-photos.leclercdrive.fr/image.ashx?id=2908915&use=l&cat=p&typeid=i","cat":314027},{"id":265154,"n":"Fromage apéritif Apéricube Challenge 48 cubes 250g","p":4.54,"u":"18,16 €/KG","img":"https://fd9-photos.leclercdrive.fr/image.ashx?id=2908918&use=l&cat=p&typeid=i","cat":314027},{"id":265156,"n":"Fromage apéritif Apéricube Montagne 48 cubes 250g","p":4.17,"u":"16,68 €/KG","img":"https://fd9-photos.leclercdrive.fr/image.ashx?id=2908924&use=l&cat=p&typeid=i","cat":314027},{"id":265430,"n":"Déodorant bille L'Arbre vert Bois de cèdre - 2x50ml","p":3.83,"u":"38,30 €/L","img":"https://fd9-photos.leclercdrive.fr/image.ashx?id=2910151&use=l&cat=p&typeid=i","cat":284595},{"id":265432,"n":"Déodorant homme bille L'Arbre Vert - Fraîcheur intense 2x50ml","p":3.89,"u":"38,90 €/L","img":"https://fd9-photos.leclercdrive.fr/image.ashx?id=2910148&use=l&cat=p&typeid=i","cat":284618},{"id":265433,"n":"Déodorant bille L'Arbre Vert Peaux sensibles - 2x50ml","p":3.61,"u":"36,10 €/L","img":"https://fd9-photos.leclercdrive.fr/image.ashx?id=2910142&use=l&cat=p&typeid=i","cat":284595},{"id":265435,"n":"Déodorant bille L'Arbre Vert Argan - 2x50ml","p":3.86,"u":"38,60 €/L","img":"https://fd9-photos.leclercdrive.fr/image.ashx?id=2910145&use=l&cat=p&typeid=i","cat":284595},{"id":265437,"n":"Déodorant bille L'Arbre Vert Fleurs de cerisier - 2x50ml","p":3.43,"u":"34,30 €/L","img":"https://fd9-photos.leclercdrive.fr/image.ashx?id=2910139&use=l&cat=p&typeid=i","cat":284595},{"id":265443,"n":"Martini Bianco 14.5° - 1L","p":9.26,"u":"9,26 €/L","img":"https://fd9-photos.leclercdrive.fr/image.ashx?id=2941952&use=l&cat=p&typeid=i","cat":284913},{"id":265446,"n":"Martini Fiero 14.5° - 1L","p":9.35,"u":"9,35 €/L","img":"https://fd9-photos.leclercdrive.fr/image.ashx?id=2911573&use=l&cat=p&typeid=i","cat":284913},{"id":265449,"n":"Martini rosato 14.5° - 1L","p":9.26,"u":"9,26 €/L","img":"https://fd9-photos.leclercdrive.fr/image.ashx?id=2941946&use=l&cat=p&typeid=i","cat":284913},{"id":265450,"n":"Martini rosso 14.5° - 1L","p":9.26,"u":"9,26 €/L","img":"https://fd9-photos.leclercdrive.fr/image.ashx?id=2941949&use=l&cat=p&typeid=i","cat":284913},{"id":265508,"n":"Kit démarrage plumeau Swiffer 1 manche + 4 recharges","p":4.74,"img":"https://fd9-photos.leclercdrive.fr/image.ashx?id=3011938&use=l&cat=p&typeid=i","cat":325364},{"id":265515,"n":"Adoucissant liquide Lenor Peaux sensibles - 882ml x42","p":4.6,"u":"5,22 €/L","img":"https://fd9-photos.leclercdrive.fr/image.ashx?id=2917100&use=l&cat=p&typeid=i","cat":284650},{"id":265517,"n":"Lingettes humides balai Swiffer Attrape-poussière Citron x10","p":4.96,"img":"https://fd9-photos.leclercdrive.fr/image.ashx?id=2912698&use=l&cat=p&typeid=i","cat":325364},{"id":265519,"n":"Adoucissant Lenor Fresh Air Jardins en fleurs - 504ml x36","p":4.53,"u":"8,99 €/L","img":"https://fd9-photos.leclercdrive.fr/image.ashx?id=2912686&use=l&cat=p&typeid=i","cat":284650},{"id":265521,"n":"Parfum de linge Lenor Fraîcheur florale - 235g - x19","p":7.08,"u":"30,13 €/KG","img":"https://fd9-photos.leclercdrive.fr/image.ashx?id=2912692&use=l&cat=p&typeid=i","cat":325302},{"id":265778,"n":"Coffret de bères françaises 5x33cl","p":13.13,"u":"7,96 €/L","img":"https://fd9-photos.leclercdrive.fr/image.ashx?id=2911375&use=l&cat=p&typeid=i","cat":334872},{"id":265816,"n":"Dentifrice Parodontax Renforce & protège Blancheur - 75ml","p":7.61,"u":"101,47 €/MT","img":"https://fd9-photos.leclercdrive.fr/image.ashx?id=2911558&use=l&cat=p&typeid=i","cat":284612},{"id":265832,"n":"Rasoir Hydro 5 - Wilkinson Face Groomer","p":15.9,"img":"https://fd9-photos.leclercdrive.fr/image.ashx?id=2963853&use=l&cat=p&typeid=i","cat":284616},{"id":265845,"n":"Déodorant Axe Cocoa Velvet - 2x150ml","p":7.86,"u":"26,20 €/L","img":"https://fd9-photos.leclercdrive.fr/image.ashx?id=2911633&use=l&cat=p&typeid=i","cat":284618},{"id":265848,"n":"Déodorant Axe - Prestige Emerald Geranium - 2x150ml","p":7.86,"u":"26,20 €/L","img":"https://fd9-photos.leclercdrive.fr/image.ashx?id=2911642&use=l&cat=p&typeid=i","cat":284618},{"id":265859,"n":"Goûter laitier Récré O'lé  Saveur biscuit x20  - 1.7kg","p":10.6,"u":"6,24 €/KG","img":"https://fd9-photos.leclercdrive.fr/image.ashx?id=2913352&use=l&cat=p&typeid=i","cat":284506},{"id":265890,"n":"Vodka Poliakov cherry 70cl 32°","p":11.31,"u":"16,16 €/L","img":"https://fd9-photos.leclercdrive.fr/image.ashx?id=3002048&use=l&cat=p&typeid=i","cat":284550},{"id":265913,"n":"Lessive en capsule Dash 2 en 1 Fraîcheur de coton - 696g","p":14.31,"u":"20,56 €/KG","img":"https://fd9-photos.leclercdrive.fr/image.ashx?id=2914873&use=l&cat=p&typeid=i","cat":284641},{"id":265920,"n":"Tablette lave-vaisselle Fairy  Platinium Anti-terne - 388g","p":9.51,"u":"24,51 €/KG","img":"https://fd9-photos.leclercdrive.fr/image.ashx?id=2914879&use=l&cat=p&typeid=i","cat":284656},{"id":265939,"n":"Lessive liquide Skip  Odeur Control 2x37 - 2.960L","p":21.02,"u":"7,10 €/L","img":"https://fd9-photos.leclercdrive.fr/image.ashx?id=2914252&use=l&cat=p&typeid=i","cat":284640},{"id":265941,"n":"Dentifrice Sensodyne Soin gencives 3x75ml","p":9.83,"pp":5.9,"u":"26,22 €/L","img":"https://fd9-photos.leclercdrive.fr/image.ashx?id=3009020&use=l&cat=p&typeid=i","cat":284612},{"id":265947,"n":"Dentifrice Sensodyne  Soin complet 3x75ml","p":9.83,"pp":5.9,"u":"26,22 €/L","img":"https://fd9-photos.leclercdrive.fr/image.ashx?id=3009023&use=l&cat=p&typeid=i","cat":284612},{"id":265949,"n":"Dentifrice Sensodyne Soin blancheur 3x75ml","p":11.12,"u":"49,42 €/L","img":"https://fd9-photos.leclercdrive.fr/image.ashx?id=2915588&use=l&cat=p&typeid=i","cat":284612},{"id":265980,"n":"Abricots surgelés Roger Descours - 500g","p":5.02,"u":"10,04 €/KG","img":"https://fd9-photos.leclercdrive.fr/image.ashx?id=2914006&use=l&cat=p&typeid=i","cat":284268},{"id":265984,"n":"Ananas surgelés  Roger Descours - 500g","p":4.25,"u":"8,50 €/KG","img":"https://fd9-photos.leclercdrive.fr/image.ashx?id=2914009&use=l&cat=p&typeid=i","cat":284268},{"id":265985,"n":"Citrons surgelés  Roger Descours - 500g","p":6.92,"u":"13,84 €/KG","img":"https://fd9-photos.leclercdrive.fr/image.ashx?id=2914585&use=l&cat=p&typeid=i","cat":284268},{"id":265988,"n":"Mangue surgelée Roger Descours - 500g","p":4.5,"u":"9,00 €/KG","img":"https://fd9-photos.leclercdrive.fr/image.ashx?id=2914582&use=l&cat=p&typeid=i","cat":284268},{"id":265989,"n":"Melon surgelé  Roger Descours - 500g","p":5.99,"u":"11,98 €/KG","img":"https://fd9-photos.leclercdrive.fr/image.ashx?id=2914588&use=l&cat=p&typeid=i","cat":284268},{"id":265990,"n":"Myrtilles surgelées Roger Descours - 500g","p":4.01,"u":"8,02 €/KG","img":"https://fd9-photos.leclercdrive.fr/image.ashx?id=2914591&use=l&cat=p&typeid=i","cat":284268},{"id":265991,"n":"Pommes surgelées Roger Descours - 500g","p":3.66,"u":"7,32 €/KG","img":"https://fd9-photos.leclercdrive.fr/image.ashx?id=2914012&use=l&cat=p&typeid=i","cat":284268},{"id":265992,"n":"Ananas surgelés Roger Descours - 1kg","p":7.54,"u":"7,54 €/KG","img":"https://fd9-photos.leclercdrive.fr/image.ashx?id=2924152&use=l&cat=p&typeid=i","cat":284268},{"id":265993,"n":"Bananes surgelées Roger Descours - 1kg","p":6.98,"u":"6,98 €/KG","img":"https://fd9-photos.leclercdrive.fr/image.ashx?id=2939856&use=l&cat=p&typeid=i","cat":284268},{"id":265994,"n":"Cerises noires surgelées Roger Descours - 1kg","p":7.16,"u":"7,16 €/KG","img":"https://fd9-photos.leclercdrive.fr/image.ashx?id=2914003&use=l&cat=p&typeid=i","cat":284268},{"id":265997,"n":"Fraises surgelées Roger Descours - 1kg","p":5.5,"u":"5,50 €/KG","img":"https://fd9-photos.leclercdrive.fr/image.ashx?id=2914576&use=l&cat=p&typeid=i","cat":284268},{"id":265998,"n":"Framboises surgelées Roger Descours - 1kg","p":13.99,"u":"13,99 €/KG","img":"https://fd9-photos.leclercdrive.fr/image.ashx?id=2914000&use=l&cat=p&typeid=i","cat":284268},{"id":265999,"n":"Fruits rouges surgelés Roger Descours - 1kg","p":7.54,"u":"7,54 €/KG","img":"https://fd9-photos.leclercdrive.fr/image.ashx?id=2914579&use=l&cat=p&typeid=i","cat":284268},{"id":266078,"n":"Lessive liquide Persil Douceur d'amande - 2.565L x61","p":10.79,"u":"4,21 €/L","img":"https://fd9-photos.leclercdrive.fr/image.ashx?id=2944497&use=l&cat=p&typeid=i","cat":284640},{"id":266088,"n":"Adoucissant Cajoline Creations Brise de muguet 1.386L x66","p":5.68,"u":"4,10 €/L","img":"https://fd9-photos.leclercdrive.fr/image.ashx?id=2914240&use=l&cat=p&typeid=i","cat":284650},{"id":266095,"n":"Sauce Curry Colona Tube 500ml","p":2.63,"u":"5,26 €/L","img":"https://fd9-photos.leclercdrive.fr/image.ashx?id=2914123&use=l&cat=p&typeid=i","cat":318431},{"id":266097,"n":"Pâtes Panzani  Serpentini - 1kg","p":2.09,"u":"2,09 €/KG","img":"https://fd9-photos.leclercdrive.fr/image.ashx?id=2914456&use=l&cat=p&typeid=i","cat":284427},{"id":266103,"n":"Crème solaire visage Nivea SPF30 - 50ml","p":9.14,"u":"182,80 €/L","img":"https://fd9-photos.leclercdrive.fr/image.ashx?id=2913814&use=l&cat=p&typeid=i","cat":325355},{"id":266104,"n":"Lait corps nourissant Nivea Peaux sèches - 400ml","p":5.11,"u":"12,78 €/L","img":"https://fd9-photos.leclercdrive.fr/image.ashx?id=2977639&use=l&cat=p&typeid=i","cat":325349},{"id":266105,"n":"Nettoyant lave-vaisselle Finish Protector - 30g","p":3.78,"u":"126,00 €/KG","img":"https://fd9-photos.leclercdrive.fr/image.ashx?id=2914894&use=l&cat=p&typeid=i","cat":284657},{"id":266107,"n":"Gel WC Harpic Power Plus 750ml","p":2.35,"u":"3,13 €/L","img":"https://fd9-photos.leclercdrive.fr/image.ashx?id=2914027&use=l&cat=p&typeid=i","cat":284662},{"id":266108,"n":"Bloc WC Harpic Hygienic & Fresh Pin Eucalyptus - x2","p":2.05,"img":"https://fd9-photos.leclercdrive.fr/image.ashx?id=2914636&use=l&cat=p&typeid=i","cat":284662},{"id":266110,"n":"Bloc WC Harpic Hygienic & Fresh 2.0 Agrume - x2","p":2.25,"img":"https://fd9-photos.leclercdrive.fr/image.ashx?id=2914633&use=l&cat=p&typeid=i","cat":284662},{"id":266111,"n":"Bloc WC Harpic Hygienic & Fresh 2.0 Marine - x2","p":2.84,"img":"https://fd9-photos.leclercdrive.fr/image.ashx?id=2914024&use=l&cat=p&typeid=i","cat":284662},{"id":266112,"n":"Lessive liquide Ariel Peaux sensibles - 1.575L x35","p":9.88,"u":"6,27 €/L","img":"https://fd9-photos.leclercdrive.fr/image.ashx?id=2914819&use=l&cat=p&typeid=i","cat":284640},{"id":266113,"n":"Lessive liquide Ariel Unstoppable - x30 1.350L","p":9.88,"u":"7,32 €/L","img":"https://fd9-photos.leclercdrive.fr/image.ashx?id=2914144&use=l&cat=p&typeid=i","cat":284640},{"id":266114,"n":"Lessive liquide Ariel Alpine - x35 - 1.575L","p":9.88,"u":"6,27 €/L","img":"https://fd9-photos.leclercdrive.fr/image.ashx?id=2914822&use=l&cat=p&typeid=i","cat":284640},{"id":266140,"n":"Capsules lave-vaisselle Finish Ultimate Plus - x47 - 573g","p":11.88,"pp":7.13,"u":"12,44 €/KG","img":"https://fd9-photos.leclercdrive.fr/image.ashx?id=2914630&use=l&cat=p&typeid=i","cat":284656},{"id":266143,"n":"Adoucissant Lenor Fresh Air Rayons soleil - 504ml - x36D","p":4.53,"u":"8,99 €/L","img":"https://fd9-photos.leclercdrive.fr/image.ashx?id=2914153&use=l&cat=p&typeid=i","cat":284650},{"id":266145,"n":"Adoucissant Lenor Fresh Air Soleil tropical - 504ml - x36","p":4.53,"u":"8,99 €/L","img":"https://fd9-photos.leclercdrive.fr/image.ashx?id=2914156&use=l&cat=p&typeid=i","cat":284650},{"id":266147,"n":"Parfum de linge Lenor Parfum d'Ariel - x13 - 155g","p":4.53,"u":"29,23 €/KG","img":"https://fd9-photos.leclercdrive.fr/image.ashx?id=2914159&use=l&cat=p&typeid=i","cat":325302},{"id":266149,"n":"Adoucissant Lenor Fresh Air Fraîcheur matinale 504ml - x36","p":4.53,"u":"8,99 €/L","img":"https://fd9-photos.leclercdrive.fr/image.ashx?id=2914150&use=l&cat=p&typeid=i","cat":284650},{"id":266150,"n":"Lait corps hydratation Nivea Express - 250ml","p":3.86,"u":"15,44 €/L","img":"https://fd9-photos.leclercdrive.fr/image.ashx?id=2977648&use=l&cat=p&typeid=i","cat":325349},{"id":266153,"n":"Pâtes Alpina Savoie Coquillettes zéro résidu 500g","p":1.37,"u":"2,74 €/KG","img":"https://fd9-photos.leclercdrive.fr/image.ashx?id=2913874&use=l&cat=p&typeid=i","cat":284427},{"id":266154,"n":"Pâtes Alpina Savoie Spaghetti zéro résidu 500g","p":1.35,"u":"2,70 €/KG","img":"https://fd9-photos.leclercdrive.fr/image.ashx?id=2913877&use=l&cat=p&typeid=i","cat":284427},{"id":266162,"n":"Capsules lave-vaisselle Finish Quantum - 707g - x68","p":11.88,"pp":7.13,"u":"10,08 €/KG","img":"https://fd9-photos.leclercdrive.fr/image.ashx?id=2914627&use=l&cat=p&typeid=i","cat":284656},{"id":266163,"n":"Parfum de linge Lenor Jasmin & Rose de mai 155g x13","p":4.53,"u":"29,23 €/KG","img":"https://fd9-photos.leclercdrive.fr/image.ashx?id=2914162&use=l&cat=p&typeid=i","cat":325302},{"id":266181,"n":"Adoucissant Lenor Bouquet floral - 1.155L - x55","p":4.53,"u":"3,92 €/L","img":"https://fd9-photos.leclercdrive.fr/image.ashx?id=2914174&use=l&cat=p&typeid=i","cat":284650},{"id":266183,"n":"Adoucissant Lenor Jasmin & Rose de mai 882ml x42","p":4.67,"u":"5,29 €/L","img":"https://fd9-photos.leclercdrive.fr/image.ashx?id=2914861&use=l&cat=p&typeid=i","cat":284650},{"id":266199,"n":"Adoucissant Soupline Ultra Fraîcheur infinie rosée 800ml","p":5.96,"u":"7,45 €/L","img":"https://fd9-photos.leclercdrive.fr/image.ashx?id=2991027&use=l&cat=p&typeid=i","cat":284650},{"id":266203,"n":"Adoucissant Soupline Ultra concentré Rose éclatante 800 ml","p":5.96,"u":"7,45 €/L","img":"https://fd9-photos.leclercdrive.fr/image.ashx?id=2914210&use=l&cat=p&typeid=i","cat":284650},{"id":266206,"n":"Adoucissant Soupline Ultra concentré Fraicheur Azur 800 ml","p":5.96,"u":"7,45 €/L","img":"https://fd9-photos.leclercdrive.fr/image.ashx?id=2991030&use=l&cat=p&typeid=i","cat":284650},{"id":266208,"n":"Adoucissant Soupline Ultra concentré Soin Expert 800 ml","p":5.96,"u":"7,45 €/L","img":"https://fd9-photos.leclercdrive.fr/image.ashx?id=2914222&use=l&cat=p&typeid=i","cat":284650},{"id":266225,"n":"Lessive liquide Ariel Original - 1980ml - x44","p":13.73,"u":"6,93 €/L","img":"https://fd9-photos.leclercdrive.fr/image.ashx?id=2914816&use=l&cat=p&typeid=i","cat":284640},{"id":266231,"n":"Cuisses de poulet Bon plan Douce France - 900g","p":4.98,"u":"5,53 €/KG","img":"https://fd9-photos.leclercdrive.fr/image.ashx?id=2913985&use=l&cat=p&typeid=i","cat":284336},{"id":266232,"n":"Riz risotto Taureau Ailé 1kg","p":3.87,"u":"3,87 €/KG","img":"https://fd9-photos.leclercdrive.fr/image.ashx?id=2914696&use=l&cat=p&typeid=i","cat":284428},{"id":266234,"n":"Pop Corn Micro-ondable Vico Pop caramel - 240g","p":2.21,"u":"9,21 €/KG","img":"https://fd9-photos.leclercdrive.fr/image.ashx?id=2913940&use=l&cat=p&typeid=i","cat":304249},{"id":266236,"n":"Cubes Filet de poulet Bon Plan Douce France - 400g","p":4.85,"u":"12,13 €/KG","img":"https://fd9-photos.leclercdrive.fr/image.ashx?id=2913988&use=l&cat=p&typeid=i","cat":284336},{"id":266237,"n":"Bonbons Carambar CaraFruity  Cerise-Framboise-Pêche - 380g","p":3.18,"u":"8,37 €/KG","img":"https://fd9-photos.leclercdrive.fr/image.ashx?id=2937403&use=l&cat=p&typeid=i","cat":304250},{"id":266238,"n":"Bonbons La Vosgienne  Cassis sans sucres -  49g","p":1.41,"u":"28,78 €/KG","img":"https://fd9-photos.leclercdrive.fr/image.ashx?id=2971900&use=l&cat=p&typeid=i","cat":304252},{"id":266239,"n":"Bonbons La Vosgienne Menthe citron sans sucres - 49g","p":1.51,"u":"30,82 €/KG","img":"https://fd9-photos.leclercdrive.fr/image.ashx?id=2991190&use=l&cat=p&typeid=i","cat":304252},{"id":266242,"n":"Filet de poulet Bon Plan Douce France - 500g","p":6.08,"u":"12,16 €/KG","img":"https://fd9-photos.leclercdrive.fr/image.ashx?id=2914561&use=l&cat=p&typeid=i","cat":284336},{"id":266244,"n":"Bonbons La Vosgienne Menthol Eucalyptus - 46g","p":1.55,"u":"33,70 €/KG","img":"https://fd9-photos.leclercdrive.fr/image.ashx?id=2979054&use=l&cat=p&typeid=i","cat":304252},{"id":266249,"n":"Bonbons La Vosgienne Sève de pin sans sucres - 46g","p":1.5,"u":"32,61 €/KG","img":"https://fd9-photos.leclercdrive.fr/image.ashx?id=2991193&use=l&cat=p&typeid=i","cat":304252},{"id":266252,"n":"Sardines Parmentier A l'huile de tournesol - 2x135g","p":2.75,"u":"10,19 €/KG","img":"https://fd9-photos.leclercdrive.fr/image.ashx?id=2913829&use=l&cat=p&typeid=i","cat":305146},{"id":266438,"n":"Lessive liquide Ariel Protection fibres - 1.350ml x30","p":9.88,"u":"7,32 €/L","img":"https://fd9-photos.leclercdrive.fr/image.ashx?id=2914825&use=l&cat=p&typeid=i","cat":284640},{"id":266440,"n":"Lessive liquide Ariel Active - 1350ml x30","p":9.88,"u":"7,32 €/L","img":"https://fd9-photos.leclercdrive.fr/image.ashx?id=2914828&use=l&cat=p&typeid=i","cat":284640},{"id":266445,"n":"Lessive capsules Ariel Pods+ Active - 554g - x26","p":13.64,"u":"24,62 €/KG","img":"https://fd9-photos.leclercdrive.fr/image.ashx?id=2914843&use=l&cat=p&typeid=i","cat":284641},{"id":266446,"n":"Lessive capsules Ariel Pods+ Active - 405g - x19","p":10.66,"u":"26,32 €/KG","img":"https://fd9-photos.leclercdrive.fr/image.ashx?id=2914849&use=l&cat=p&typeid=i","cat":284641},{"id":266452,"n":"Lessive capsules Ariel Pods+ Unstoppable - 376g x19","p":10.66,"u":"28,35 €/KG","img":"https://fd9-photos.leclercdrive.fr/image.ashx?id=2914840&use=l&cat=p&typeid=i","cat":284641},{"id":266466,"n":"Lessive capsules Ariel Pods+ Ultra détachant - 606g x26","p":13.64,"u":"22,51 €/KG","img":"https://fd9-photos.leclercdrive.fr/image.ashx?id=2914846&use=l&cat=p&typeid=i","cat":284641},{"id":266634,"n":"Oral B Pro Expert Nettoyage Intense - 2x75ml","p":5.45,"u":"36,33 €/L","img":"https://fd9-photos.leclercdrive.fr/image.ashx?id=2966152&use=l&cat=p&typeid=i","cat":284612},{"id":266638,"n":"Dentifrice Oral-B 3D White Charbon - 2x75ml","p":5.38,"u":"35,87 €/L","img":"https://fd9-photos.leclercdrive.fr/image.ashx?id=2916483&use=l&cat=p&typeid=i","cat":284612},{"id":266677,"n":"Pâtes Alpina Savoie Mini coquilles - 500g","p":1.43,"u":"2,86 €/KG","img":"https://fd9-photos.leclercdrive.fr/image.ashx?id=2915994&use=l&cat=p&typeid=i","cat":284427},{"id":266737,"n":"Carottes des sables des Landes de Gascogne NRT - 1kg","p":1.99,"u":"1,99 €/KG","img":"https://fd9-photos.leclercdrive.fr/image.ashx?id=2928342&use=l&cat=p&typeid=i","cat":284352},{"id":266755,"n":"Gel détartrant Canard WC Ecolabel - 750ml","p":2.47,"pp":1.63,"u":"2,17 €/L","img":"https://fd9-photos.leclercdrive.fr/image.ashx?id=2916390&use=l&cat=p&typeid=i","cat":284662},{"id":266757,"n":"Gel nettoyant Canard Action rapide - 750ml","p":2.47,"pp":1.63,"u":"2,17 €/L","img":"https://fd9-photos.leclercdrive.fr/image.ashx?id=2916393&use=l&cat=p&typeid=i","cat":284662},{"id":267004,"n":"Soda Coca Cola Cherry Canette 6x20cl","p":4.17,"u":"3,48 €/L","img":"https://fd9-photos.leclercdrive.fr/image.ashx?id=2916438&use=l&cat=p&typeid=i","cat":284530},{"id":267005,"n":"Soda Coca-Cola Lemon Bouteille - 1,25L","p":1.77,"u":"1,42 €/L","img":"https://fd9-photos.leclercdrive.fr/image.ashx?id=2916435&use=l&cat=p&typeid=i","cat":284530},{"id":267012,"n":"Guacamole Cholula Oignon cumin piment 20g","p":1.07,"u":"53,50 €/KG","img":"https://fd9-photos.leclercdrive.fr/image.ashx?id=2915859&use=l&cat=p&typeid=i","cat":288993},{"id":267013,"n":"Quesadilla Cholula Oignon cumin persil 490g","p":4.05,"u":"8,27 €/KG","img":"https://fd9-photos.leclercdrive.fr/image.ashx?id=2915865&use=l&cat=p&typeid=i","cat":288993},{"id":267014,"n":"Tortillas de blé Old El Paso Complet x10 - 580g","p":3.86,"u":"6,66 €/KG","img":"https://fd9-photos.leclercdrive.fr/image.ashx?id=2916492&use=l&cat=p&typeid=i","cat":288993},{"id":267165,"n":"Gel douche homme Men Expert Hyaluronic power - 2x300ml","p":6.44,"u":"10,73 €/L","img":"https://fd9-photos.leclercdrive.fr/image.ashx?id=2927931&use=l&cat=p&typeid=i","cat":284619},{"id":267183,"n":"Citronnade Montebelo Brasil Citron vert - 1L","p":1.87,"u":"1,87 €/L","img":"https://fd9-photos.leclercdrive.fr/image.ashx?id=2916342&use=l&cat=p&typeid=i","cat":284915},{"id":267332,"n":"Adoucissant Cajoline Créations Souffle de fraîcheur 1.386L x66","p":5.64,"u":"4,07 €/L","img":"https://fd9-photos.leclercdrive.fr/image.ashx?id=2917109&use=l&cat=p&typeid=i","cat":284650},{"id":267333,"n":"Adoucissant Cajoline Créations Fleur de tiaré & Pivoine 1.386L","p":4.9,"u":"3,54 €/L","img":"https://fd9-photos.leclercdrive.fr/image.ashx?id=2917112&use=l&cat=p&typeid=i","cat":284650},{"id":267335,"n":"Adoucissant Cajoline Créations Lavande & Rose blanche 1.386L","p":4.78,"u":"3,45 €/L","img":"https://fd9-photos.leclercdrive.fr/image.ashx?id=2917115&use=l&cat=p&typeid=i","cat":284650},{"id":267336,"n":"Adoucissant Cajoline Doux & Pur L'original - 1.386L x66","p":4.51,"u":"3,25 €/L","img":"https://fd9-photos.leclercdrive.fr/image.ashx?id=2917118&use=l&cat=p&typeid=i","cat":284650},{"id":267339,"n":"Adoucissant Cajoline Origines Fraîcheur Céleste 1.254L x66","p":5.97,"u":"4,76 €/L","img":"https://fd9-photos.leclercdrive.fr/image.ashx?id=2917121&use=l&cat=p&typeid=i","cat":284650},{"id":267341,"n":"Adoucissant Cajoline Elixir Bouquet estival - 460ml","p":5.97,"u":"12,98 €/L","img":"https://fd9-photos.leclercdrive.fr/image.ashx?id=2940672&use=l&cat=p&typeid=i","cat":284650},{"id":267342,"n":"Adoucissant liquide Cajoline Elixir Brise printanière 460ml","p":5.97,"u":"12,98 €/L","img":"https://fd9-photos.leclercdrive.fr/image.ashx?id=3000896&use=l&cat=p&typeid=i","cat":284650},{"id":267346,"n":"Vodka Eristoff passion 18%vol - 70cl","p":11.14,"u":"15,91 €/L","img":"https://fd9-photos.leclercdrive.fr/image.ashx?id=2917058&use=l&cat=p&typeid=i","cat":284550},{"id":267388,"n":"Adoucissant liquide Cajoline Elixir Fraîcheur Céleste 460ml","p":5.97,"u":"12,98 €/L","img":"https://fd9-photos.leclercdrive.fr/image.ashx?id=2918113&use=l&cat=p&typeid=i","cat":284650},{"id":267391,"n":"Adoucissant Cajoline Origines Brise printanière 1.254L x66","p":5.97,"u":"4,76 €/L","img":"https://fd9-photos.leclercdrive.fr/image.ashx?id=2918110&use=l&cat=p&typeid=i","cat":284650},{"id":267399,"n":"Vin de France La vieille ferme Rouge - 75cl","p":3.71,"u":"4,95 €/L","img":"https://fd9-photos.leclercdrive.fr/image.ashx?id=2989195&use=l&cat=p&typeid=i","cat":289556},{"id":267403,"n":"Vin de France La vieille ferme Blanc - 75cl","p":3.71,"u":"4,95 €/L","img":"https://fd9-photos.leclercdrive.fr/image.ashx?id=2989201&use=l&cat=p&typeid=i","cat":289557},{"id":267412,"n":"Matin+ Pamplemousse Framboise - 90cl","p":2.19,"u":"2,43 €/L","img":"https://fd9-photos.leclercdrive.fr/image.ashx?id=2917735&use=l&cat=p&typeid=i","cat":284914},{"id":267414,"n":"Couches T2 bébé Extra Care Huggies - x58","p":17.93,"u":"0,31 €/P","img":"https://fd9-photos.leclercdrive.fr/image.ashx?id=2917999&use=l&cat=p&typeid=i","cat":284737},{"id":267415,"n":"Couches bébé Huggies Extra Care T3- x50","p":17.97,"u":"0,36 €/P","img":"https://fd9-photos.leclercdrive.fr/image.ashx?id=2924728&use=l&cat=p&typeid=i","cat":284737},{"id":267416,"n":"Couches T4 bébé Extra Care Huggies - x38","p":17.93,"u":"0,36 €/P","img":"https://fd9-photos.leclercdrive.fr/image.ashx?id=2917981&use=l&cat=p&typeid=i","cat":284737},{"id":267419,"n":"Couches T3 bébé little movers Huggies - x56","p":17.93,"u":"0,32 €/P","img":"https://fd9-photos.leclercdrive.fr/image.ashx?id=2917987&use=l&cat=p&typeid=i","cat":284737},{"id":267424,"n":"Couches T4 bébé little movers Huggies - x44","p":17.93,"u":"0,41 €/P","img":"https://fd9-photos.leclercdrive.fr/image.ashx?id=2918005&use=l&cat=p&typeid=i","cat":284737},{"id":267433,"n":"Matin+ Mandarine, Kaki Passion - 90cl","p":2.25,"u":"2,50 €/L","img":"https://fd9-photos.leclercdrive.fr/image.ashx?id=2917729&use=l&cat=p&typeid=i","cat":284915},{"id":267435,"n":"Matin+ Mandarine, Mangue Banane - 90cl","p":2.51,"u":"2,79 €/L","img":"https://fd9-photos.leclercdrive.fr/image.ashx?id=2917732&use=l&cat=p&typeid=i","cat":284915},{"id":267954,"n":"Escalopes de poulet Eco+ x2 - 240g","p":2.99,"u":"12,46 €/KG","img":"https://fd9-photos.leclercdrive.fr/image.ashx?id=2918236&use=l&cat=p&typeid=i","cat":284336},{"id":267955,"n":"Escalopes de poulet Eco+ x5 - 600g","p":5.99,"u":"9,98 €/KG","img":"https://fd9-photos.leclercdrive.fr/image.ashx?id=2918239&use=l&cat=p&typeid=i","cat":284336},{"id":267956,"n":"Filet de poulet  en aiguillette Eco+ 400g","p":4.95,"u":"12,38 €/KG","img":"https://fd9-photos.leclercdrive.fr/image.ashx?id=2918242&use=l&cat=p&typeid=i","cat":284336},{"id":268008,"n":"Burrata Les Croisés 26%MG 200g","p":4.11,"u":"20,55 €/KG","img":"https://fd9-photos.leclercdrive.fr/image.ashx?id=3009562&use=l&cat=p&typeid=i","cat":314026},{"id":268010,"n":"Skyr Délisse Vanille 4x100g","p":1.89,"u":"4,73 €/KG","img":"https://fd9-photos.leclercdrive.fr/image.ashx?id=2992606&use=l&cat=p&typeid=i","cat":315000},{"id":268011,"n":"Skyr Délisse Fruits rouges 4x100g","p":1.87,"u":"4,68 €/KG","img":"https://fd9-photos.leclercdrive.fr/image.ashx?id=2992609&use=l&cat=p&typeid=i","cat":315000},{"id":268012,"n":"Haché à la dinde Volandrie 350g","p":3.65,"u":"10,43 €/KG","img":"https://fd9-photos.leclercdrive.fr/image.ashx?id=2918487&use=l&cat=p&typeid=i","cat":284337},{"id":268063,"n":"Culottes Pampers Night Pants Taille 4 - x40","p":15.18,"u":"0,38 €/P","img":"https://fd9-photos.leclercdrive.fr/image.ashx?id=2919949&use=l&cat=p&typeid=i","cat":290633},{"id":268077,"n":"Fromage Mini Babybel  Protéines x5 - 110g","p":2.4,"u":"21,82 €/KG","img":"https://fd9-photos.leclercdrive.fr/image.ashx?id=2923567&use=l&cat=p&typeid=i","cat":314030},{"id":268231,"n":"Penne Rigate Barilla  Protein + - 400g","p":2.06,"u":"5,15 €/KG","img":"https://fd9-photos.leclercdrive.fr/image.ashx?id=2919928&use=l&cat=p&typeid=i","cat":284427},{"id":268234,"n":"Spaghetti Barilla  Protein + - 400g","p":2.06,"u":"5,15 €/KG","img":"https://fd9-photos.leclercdrive.fr/image.ashx?id=2919931&use=l&cat=p&typeid=i","cat":284427},{"id":268236,"n":"Fusilli Barilla  Protein + - 400g","p":2.22,"u":"5,55 €/KG","img":"https://fd9-photos.leclercdrive.fr/image.ashx?id=2919925&use=l&cat=p&typeid=i","cat":284427},{"id":268345,"n":"Biscuits fourrés BN Chocolat caramel - x3 - 855g","p":6.44,"u":"7,53 €/KG","img":"https://fd9-photos.leclercdrive.fr/image.ashx?id=2921474&use=l&cat=p&typeid=i","cat":284488},{"id":268346,"n":"Biscuits BN fourrés chocolat à la pâte à tartiner- x3 - 855g","p":6.44,"u":"7,53 €/KG","img":"https://fd9-photos.leclercdrive.fr/image.ashx?id=2921477&use=l&cat=p&typeid=i","cat":284488},{"id":268347,"n":"Pétales snacks Tokapi Goût crème oignon - 75g","p":0.89,"u":"11,87 €/KG","img":"https://fd9-photos.leclercdrive.fr/image.ashx?id=2920241&use=l&cat=p&typeid=i","cat":284449},{"id":268348,"n":"Repas Purina chat Gourmet Perle de légumes - 3,4kg","p":12.49,"u":"3,67 €/KG","img":"https://fd9-photos.leclercdrive.fr/image.ashx?id=2938277&use=l&cat=p&typeid=i","cat":285286},{"id":268373,"n":"Entrecôte de boeuf *** L'Atelier Boucherie x2 - 360g","p":10.58,"u":"29,39 €/KG","img":"https://fd9-photos.leclercdrive.fr/image.ashx?id=2930564&use=l&cat=p&typeid=i","cat":284328},{"id":268382,"n":"Escalope de veau *** L'Atelier Boucherie x1 - 140g","p":3.99,"u":"28,50 €/KG","img":"https://fd9-photos.leclercdrive.fr/image.ashx?id=2930573&use=l&cat=p&typeid=i","cat":284329},{"id":268384,"n":"Côte échine de porc L'Atelier Boucherie x2 - 350g","p":2.97,"u":"8,49 €/KG","img":"https://fd9-photos.leclercdrive.fr/image.ashx?id=2935573&use=l&cat=p&typeid=i","cat":284331},{"id":268385,"n":"Côte première de porc L'Atelier Boucherie x5 - 700g","p":5.59,"u":"7,99 €/KG","img":"https://fd9-photos.leclercdrive.fr/image.ashx?id=2930576&use=l&cat=p&typeid=i","cat":284331},{"id":268386,"n":"Côte de porc sans os L'Atelier Boucherie x2 - 200g","p":2.19,"u":"10,95 €/KG","img":"https://fd9-photos.leclercdrive.fr/image.ashx?id=2930603&use=l&cat=p&typeid=i","cat":284331},{"id":268468,"n":"Thé glacé Lipton Framboise  1.75L","p":2.07,"u":"1,18 €/L","img":"https://fd9-photos.leclercdrive.fr/image.ashx?id=2921103&use=l&cat=p&typeid=i","cat":295019},{"id":268801,"n":"Pizza La Pizza de Manosque Signature Truffe - 330g","p":8.02,"u":"24,30 €/KG","img":"https://fd9-photos.leclercdrive.fr/image.ashx?id=2921756&use=l&cat=p&typeid=i","cat":284256},{"id":268802,"n":"Pizza La Pizza de Manosque Signature  mini Truffe - 8x30g","p":7.44,"u":"31,00 €/KG","img":"https://fd9-photos.leclercdrive.fr/image.ashx?id=2921759&use=l&cat=p&typeid=i","cat":284256},{"id":269033,"n":"IGP Perigord Blanc Sec  L'oie du Périgord - 75cl","p":4.19,"u":"5,59 €/L","img":"https://fd9-photos.leclercdrive.fr/image.ashx?id=2924347&use=l&cat=p&typeid=i","cat":289557},{"id":269040,"n":"AOP Luberon Rosé Le Temps des Valeurs - 75cl","p":5.24,"u":"6,99 €/L","img":"https://fd9-photos.leclercdrive.fr/image.ashx?id=2924356&use=l&cat=p&typeid=i","cat":289558},{"id":269061,"n":"AOP Mont Ventoux rouge Domaine Herbes blanches - 75cl","p":5.45,"u":"7,27 €/L","img":"https://fd9-photos.leclercdrive.fr/image.ashx?id=2959193&use=l&cat=p&typeid=i","cat":289556},{"id":269091,"n":"IGP Méditerranée Blanc sec L'Escarelle \"Rumeurs\" - 75cl","p":5.78,"u":"7,71 €/L","img":"https://fd9-photos.leclercdrive.fr/image.ashx?id=2954493&use=l&cat=p&typeid=i","cat":289557},{"id":269137,"n":"Roquefort AOP Société douceur 100g","p":2.5,"u":"25,00 €/KG","img":"https://fd9-photos.leclercdrive.fr/image.ashx?id=2922539&use=l&cat=p&typeid=i","cat":314032},{"id":269146,"n":"Bâtonnet Côte d'Or vanille Chocolat noir Amandes x4 260g","p":4.62,"u":"17,77 €/KG","img":"https://fd9-photos.leclercdrive.fr/image.ashx?id=2923864&use=l&cat=p&typeid=i","cat":284265},{"id":269147,"n":"Bâtonnet Côte d'Or vanille Sauce caramel x4 - 276g","p":4.81,"u":"17,43 €/KG","img":"https://fd9-photos.leclercdrive.fr/image.ashx?id=2923867&use=l&cat=p&typeid=i","cat":284265},{"id":269150,"n":"Capsules de Café KitKat Dolce Gusto x16","p":5.37,"u":"0,34 €/P","img":"https://fd9-photos.leclercdrive.fr/image.ashx?id=2924893&use=l&cat=p&typeid=i","cat":293239},{"id":269151,"n":"Crevettes au beurre ail persil Pom Bistro - 300g","p":6.2,"u":"20,67 €/KG","img":"https://fd9-photos.leclercdrive.fr/image.ashx?id=2924359&use=l&cat=p&typeid=i","cat":319787},{"id":269161,"n":"Lessive liquide Persil  Bouquet de Provence - 1,806L","p":8.28,"u":"4,58 €/L","img":"https://fd9-photos.leclercdrive.fr/image.ashx?id=2924977&use=l&cat=p&typeid=i","cat":284640},{"id":269163,"n":"AOP Costières de Nîmes rouge Château les Sources - 75cl","p":6.89,"u":"9,19 €/L","img":"https://fd9-photos.leclercdrive.fr/image.ashx?id=2923840&use=l&cat=p&typeid=i","cat":289556},{"id":269166,"n":"Lessive liquide Persil  Bouquet de Provence - 2,565L","p":10.42,"u":"4,06 €/L","img":"https://fd9-photos.leclercdrive.fr/image.ashx?id=2924980&use=l&cat=p&typeid=i","cat":284640},{"id":269169,"n":"Lessive liquide Skip  Active clean - 2.520 L","p":16.75,"u":"6,65 €/L","img":"https://fd9-photos.leclercdrive.fr/image.ashx?id=2924974&use=l&cat=p&typeid=i","cat":284640},{"id":269197,"n":"Lessive liquide Persil  Douceur d'amande - 1.806","p":8.16,"u":"4,52 €/L","img":"https://fd9-photos.leclercdrive.fr/image.ashx?id=2944491&use=l&cat=p&typeid=i","cat":284640},{"id":269200,"n":"AOP Juliénas rouge Maison Chandesais - 75cl","p":10.89,"u":"14,52 €/L","img":"https://fd9-photos.leclercdrive.fr/image.ashx?id=2926380&use=l&cat=p&typeid=i","cat":289556},{"id":269214,"n":"AOP Vacqueyras rouge Domaine Fontnobles - 75cl","p":13.29,"u":"17,72 €/L","img":"https://fd9-photos.leclercdrive.fr/image.ashx?id=2959070&use=l&cat=p&typeid=i","cat":289556},{"id":269230,"n":"AOP Pouilly Fumé blanc sec Vieilles vignes - 75cl","p":19.48,"u":"25,97 €/L","img":"https://fd9-photos.leclercdrive.fr/image.ashx?id=2926563&use=l&cat=p&typeid=i","cat":289557},{"id":269335,"n":"Déodorant Adidas Pure game - 150ml","p":3.19,"u":"21,27 €/L","img":"https://fd9-photos.leclercdrive.fr/image.ashx?id=2924290&use=l&cat=p&typeid=i","cat":284618},{"id":269342,"n":"Cocktail Venezzio Spritz Lemon sans alcool - 4x20cl","p":3.95,"u":"4,94 €/L","img":"https://fd9-photos.leclercdrive.fr/image.ashx?id=2923429&use=l&cat=p&typeid=i","cat":284549},{"id":269369,"n":"Thon en morceaux Florelli A l'huile d'olive - 200g","p":4.94,"u":"24,70 €/KG","img":"https://fd9-photos.leclercdrive.fr/image.ashx?id=2924425&use=l&cat=p&typeid=i","cat":303867},{"id":269386,"n":"Lessive Liquide Persil Peaux Sensibles 43 lavages","p":8.06,"u":"4,46 €/L","img":"https://fd9-photos.leclercdrive.fr/image.ashx?id=2945838&use=l&cat=p&typeid=i","cat":284640},{"id":269504,"n":"Fromage Leerdammer Croque Gourmand 8 tranches - 200g","p":1.96,"u":"9,80 €/KG","img":"https://fd9-photos.leclercdrive.fr/image.ashx?id=3004858&use=l&cat=p&typeid=i","cat":314028},{"id":269584,"n":"Ginger shot Jafaden 15cl","p":0.69,"u":"4,60 €/L","img":"https://fd9-photos.leclercdrive.fr/image.ashx?id=2923405&use=l&cat=p&typeid=i","cat":284915},{"id":269798,"n":"Boisson energisante Red Bull Zéro - 4x250ml","p":4.95,"u":"4,95 €/L","img":"https://fd9-photos.leclercdrive.fr/image.ashx?id=3011998&use=l&cat=p&typeid=i","cat":284533},{"id":269805,"n":"Jus de Tomate Pauline 1L","p":2.72,"u":"2,72 €/L","img":"https://fd9-photos.leclercdrive.fr/image.ashx?id=2926422&use=l&cat=p&typeid=i","cat":284523},{"id":269812,"n":"Gel nettoyant Garnier  Booster d'éclat - 250ml","p":5.56,"u":"22,24 €/L","img":"https://fd9-photos.leclercdrive.fr/image.ashx?id=2954241&use=l&cat=p&typeid=i","cat":284603},{"id":269949,"n":"Coeurs de palmiers Olabe 250g","p":3.72,"u":"14,88 €/KG","img":"https://fd9-photos.leclercdrive.fr/image.ashx?id=2926497&use=l&cat=p&typeid=i","cat":312611},{"id":269983,"n":"Barre Céréale Caramel Salé -55g Protéines & Vitamines - Fulfil","p":2.8,"u":"50,91 €/KG","img":"https://fd9-photos.leclercdrive.fr/image.ashx?id=2927612&use=l&cat=p&typeid=i","cat":300032},{"id":269984,"n":"Barre Céréale Noisette - 55g Protéines & Vitamines - Fulfil","p":2.69,"u":"48,91 €/KG","img":"https://fd9-photos.leclercdrive.fr/image.ashx?id=2927615&use=l&cat=p&typeid=i","cat":300032},{"id":269988,"n":"Barre Céréale Cacahuètes - 55g Protéines & Vitamines - Fulfil","p":2.9,"u":"52,73 €/KG","img":"https://fd9-photos.leclercdrive.fr/image.ashx?id=2927618&use=l&cat=p&typeid=i","cat":300032},{"id":270165,"n":"Sauce tomate Barilla Mijoté avec du porc - 300g","p":2.45,"u":"8,17 €/KG","img":"https://fd9-photos.leclercdrive.fr/image.ashx?id=2927696&use=l&cat=p&typeid=i","cat":287599},{"id":270169,"n":"Sauce bolognaise Barilla 300g","p":2.32,"u":"7,73 €/KG","img":"https://fd9-photos.leclercdrive.fr/image.ashx?id=2927693&use=l&cat=p&typeid=i","cat":299047},{"id":270171,"n":"Sauce tomate Barilla à la pancetta - 300g","p":2.29,"u":"7,63 €/KG","img":"https://fd9-photos.leclercdrive.fr/image.ashx?id=2927690&use=l&cat=p&typeid=i","cat":299047},{"id":270178,"n":"Crème apaisante après piqure 40ml","p":5.12,"u":"128,00 €/L","img":"https://fd9-photos.leclercdrive.fr/image.ashx?id=2927519&use=l&cat=p&typeid=i","cat":299654},{"id":270237,"n":"Crêpes framboise Whaou! Fruity - x6 180g","p":1.89,"u":"10,50 €/KG","img":"https://fd9-photos.leclercdrive.fr/image.ashx?id=2928741&use=l&cat=p&typeid=i","cat":284494},{"id":270238,"n":"Filets  maquereaux Petit Navire Moutarde - 338g","p":3.82,"u":"11,30 €/KG","img":"https://fd9-photos.leclercdrive.fr/image.ashx?id=2928369&use=l&cat=p&typeid=i","cat":303868},{"id":270273,"n":"Glace coppa Saporit Chocolat de Dubai x2 - 200g","p":5.49,"u":"27,45 €/KG","img":"https://fd9-photos.leclercdrive.fr/image.ashx?id=2929005&use=l&cat=p&typeid=i","cat":284266},{"id":270365,"n":"Filets maquereaux Petit Navire Sauce catalane - 169g","p":1.76,"u":"10,41 €/KG","img":"https://fd9-photos.leclercdrive.fr/image.ashx?id=3010834&use=l&cat=p&typeid=i","cat":303868},{"id":270434,"n":"Rhum Captain Morgan Spiced Gold Sans Alcool - 70cl","p":10.95,"u":"15,64 €/L","img":"https://fd9-photos.leclercdrive.fr/image.ashx?id=2928074&use=l&cat=p&typeid=i","cat":284549},{"id":270482,"n":"Boisson Sprite - 50cl","p":1.49,"u":"2,98 €/L","img":"https://fd9-photos.leclercdrive.fr/image.ashx?id=2929485&use=l&cat=p&typeid=i","cat":284531},{"id":270483,"n":"Boisson Tropico Orange ananas 400ml","p":1.37,"u":"3,43 €/L","img":"https://fd9-photos.leclercdrive.fr/image.ashx?id=2929488&use=l&cat=p&typeid=i","cat":295018},{"id":270484,"n":"Vin pétillant Signore Giuseppe Blanc - 0.75L","p":6.15,"u":"8,20 €/L","img":"https://fd9-photos.leclercdrive.fr/image.ashx?id=2929530&use=l&cat=p&typeid=i","cat":284544},{"id":270485,"n":"Boisson Fanta Orange - 50cl","p":1.42,"u":"2,84 €/L","img":"https://fd9-photos.leclercdrive.fr/image.ashx?id=2929491&use=l&cat=p&typeid=i","cat":284532},{"id":270487,"n":"Cocktail Venezzio Spritz Hugo Sans alcool - 4x20cl","p":3.95,"u":"4,94 €/L","img":"https://fd9-photos.leclercdrive.fr/image.ashx?id=2929299&use=l&cat=p&typeid=i","cat":284549},{"id":270661,"n":"Ferments lactiques Vahiné Pour yahourt maison -20g","p":3.18,"u":"159,00 €/KG","img":"https://fd9-photos.leclercdrive.fr/image.ashx?id=2930069&use=l&cat=p&typeid=i","cat":284505},{"id":270706,"n":"Whisky français BF 40%vol 70cl","p":27.12,"u":"38,74 €/L","img":"https://fd9-photos.leclercdrive.fr/image.ashx?id=2929891&use=l&cat=p&typeid=i","cat":284547},{"id":270766,"n":"Eau aromatisée Vittel Aro Fraise framboise - 1L","p":1.13,"u":"1,13 €/L","img":"https://fd9-photos.leclercdrive.fr/image.ashx?id=2940624&use=l&cat=p&typeid=i","cat":284537},{"id":270776,"n":"Ferments lactiques Vahiné Pour yaourt maison - 16g","p":2.46,"u":"153,75 €/KG","img":"https://fd9-photos.leclercdrive.fr/image.ashx?id=2930063&use=l&cat=p&typeid=i","cat":284505},{"id":270778,"n":"Ferments lactiques vahiné Pour yaourt maison","p":2.86,"u":"143,00 €/KG","img":"https://fd9-photos.leclercdrive.fr/image.ashx?id=2930066&use=l&cat=p&typeid=i","cat":284505},{"id":270988,"n":"Capsules café L'Or Espresso Brésil N°8 x30","p":9.64,"u":"61,79 €/KG","img":"https://fd9-photos.leclercdrive.fr/image.ashx?id=2938295&use=l&cat=p&typeid=i","cat":284749},{"id":270989,"n":"Barre P'tit Déli Boules choco - 120g","p":1.48,"u":"12,33 €/KG","img":"https://fd9-photos.leclercdrive.fr/image.ashx?id=2930132&use=l&cat=p&typeid=i","cat":300032},{"id":271073,"n":"Déodorant Invisible Care Dove  0% alcool 2x200ml","p":6.6,"u":"16,50 €/L","img":"https://fd9-photos.leclercdrive.fr/image.ashx?id=2938346&use=l&cat=p&typeid=i","cat":284595},{"id":271074,"n":"Déodorant Original Dove 2x200ml","p":6.16,"u":"15,40 €/L","img":"https://fd9-photos.leclercdrive.fr/image.ashx?id=2938343&use=l&cat=p&typeid=i","cat":284595},{"id":271154,"n":"Effilochés de porc français Bordeau Chesnel - 200g","p":2.86,"u":"14,30 €/KG","img":"https://fd9-photos.leclercdrive.fr/image.ashx?id=2935696&use=l&cat=p&typeid=i","cat":316008},{"id":271239,"n":"Chocolat Rocher Poulain Lait - 7x32g","p":3.99,"u":"17,81 €/KG","img":"https://fd9-photos.leclercdrive.fr/image.ashx?id=2937409&use=l&cat=p&typeid=i","cat":284499},{"id":271240,"n":"Rocher Poulain Chocolat noir - x7 - 224g","p":3.99,"u":"17,81 €/KG","img":"https://fd9-photos.leclercdrive.fr/image.ashx?id=2963463&use=l&cat=p&typeid=i","cat":284499},{"id":271277,"n":"Preparation crème glacée Vanille bourbon - 200g","p":2.5,"u":"12,50 €/KG","img":"https://fd9-photos.leclercdrive.fr/image.ashx?id=2936332&use=l&cat=p&typeid=i","cat":284505},{"id":271284,"n":"Préparation creme glacée Vahiné Chocolat noir - 210g","p":2.51,"u":"11,95 €/KG","img":"https://fd9-photos.leclercdrive.fr/image.ashx?id=2936335&use=l&cat=p&typeid=i","cat":284505},{"id":271285,"n":"Pepites de chocolat Vahiné  Brownies - 310g","p":2.84,"u":"9,16 €/KG","img":"https://fd9-photos.leclercdrive.fr/image.ashx?id=2936320&use=l&cat=p&typeid=i","cat":284505},{"id":271442,"n":"Pates mafaldelle Panzani 500g","p":1.32,"u":"2,64 €/KG","img":"https://fd9-photos.leclercdrive.fr/image.ashx?id=2935747&use=l&cat=p&typeid=i","cat":284427},{"id":271449,"n":"Cookies chunks Vahiné 3 chocolats - 330g","p":2.81,"u":"8,52 €/KG","img":"https://fd9-photos.leclercdrive.fr/image.ashx?id=2936329&use=l&cat=p&typeid=i","cat":284505},{"id":271465,"n":"Préparation Vahiné  gaufres pancakes crepes - 240g","p":2.46,"u":"10,25 €/KG","img":"https://fd9-photos.leclercdrive.fr/image.ashx?id=2936323&use=l&cat=p&typeid=i","cat":284505},{"id":271466,"n":"Préparation Vahiné Cookies muffins cake - 300g","p":2.49,"u":"8,30 €/KG","img":"https://fd9-photos.leclercdrive.fr/image.ashx?id=2936326&use=l&cat=p&typeid=i","cat":284505},{"id":271506,"n":"Mélanges Notre Jardin Legumes secs base soja 250g","p":1.81,"u":"7,24 €/KG","img":"https://fd9-photos.leclercdrive.fr/image.ashx?id=2931965&use=l&cat=p&typeid=i","cat":312606},{"id":271507,"n":"Melange Notre Jardin  Haricots noirs - 250g","p":1.81,"u":"7,24 €/KG","img":"https://fd9-photos.leclercdrive.fr/image.ashx?id=2931968&use=l&cat=p&typeid=i","cat":312606},{"id":271508,"n":"Mélange Notre Jardin Legumes secs base de soja 250g","p":1.49,"u":"5,96 €/KG","img":"https://fd9-photos.leclercdrive.fr/image.ashx?id=2931959&use=l&cat=p&typeid=i","cat":312606},{"id":271509,"n":"Mélange Notre Jardin Haricots noirs - 250g","p":1.49,"u":"5,96 €/KG","img":"https://fd9-photos.leclercdrive.fr/image.ashx?id=2931962&use=l&cat=p&typeid=i","cat":312606},{"id":271513,"n":"Ramen Tables du Monde 362g","p":2.47,"u":"6,82 €/KG","img":"https://fd9-photos.leclercdrive.fr/image.ashx?id=2931974&use=l&cat=p&typeid=i","cat":288992},{"id":271515,"n":"Ramen Tables du Monde Boeuf - 362g","p":2.47,"u":"6,82 €/KG","img":"https://fd9-photos.leclercdrive.fr/image.ashx?id=2931977&use=l&cat=p&typeid=i","cat":288992},{"id":271538,"n":"Déodorant Sanex Zero Pure & Fresh - 2x200ml","p":5.38,"u":"13,45 €/L","img":"https://fd9-photos.leclercdrive.fr/image.ashx?id=2940648&use=l&cat=p&typeid=i","cat":284595},{"id":271547,"n":"Martini Bitter  25° - 1 L","p":16.9,"u":"16,90 €/L","img":"https://fd9-photos.leclercdrive.fr/image.ashx?id=2938085&use=l&cat=p&typeid=i","cat":284913},{"id":271840,"n":"Boisson orange  Pago Sans pulpe - 75cl","p":2.27,"u":"3,03 €/L","img":"https://fd9-photos.leclercdrive.fr/image.ashx?id=2940738&use=l&cat=p&typeid=i","cat":284521},{"id":271855,"n":"Lasagnes végé bolognaise Fleury Michon 300g","p":3.62,"u":"12,07 €/KG","img":"https://fd9-photos.leclercdrive.fr/image.ashx?id=2939640&use=l&cat=p&typeid=i","cat":316036},{"id":271856,"n":"Hachis végé parmentier Fleury Michon 300g","p":3.47,"u":"11,57 €/KG","img":"https://fd9-photos.leclercdrive.fr/image.ashx?id=2939643&use=l&cat=p&typeid=i","cat":316036},{"id":271881,"n":"Crème dessert Vahiné à la  vanille de Bourbon - 300g","p":2.22,"u":"7,40 €/KG","img":"https://fd9-photos.leclercdrive.fr/image.ashx?id=2936338&use=l&cat=p&typeid=i","cat":284505},{"id":271913,"n":"Bière aromatisée Slash Fruits rouges - 50cl 8% vol.","p":2.09,"u":"4,18 €/L","img":"https://fd9-photos.leclercdrive.fr/image.ashx?id=2936452&use=l&cat=p&typeid=i","cat":334853},{"id":271967,"n":"Déodorant spray Adidas After sport 150ml","p":3.05,"u":"20,33 €/L","img":"https://fd9-photos.leclercdrive.fr/image.ashx?id=2937367&use=l&cat=p&typeid=i","cat":284618},{"id":271971,"n":"Déodorant bille Sanex Natur  Protect Aloe vera 50ml","p":4.16,"u":"83,20 €/L","img":"https://fd9-photos.leclercdrive.fr/image.ashx?id=2938310&use=l&cat=p&typeid=i","cat":284595},{"id":271995,"n":"Dentifrice Sensodyne  Sensibilité & gencives 75ml","p":4.54,"u":"60,53 €/L","img":"https://fd9-photos.leclercdrive.fr/image.ashx?id=2937799&use=l&cat=p&typeid=i","cat":284612},{"id":271998,"n":"Dentifrice Sensodyne Multi-protection 75ml","p":4.53,"u":"60,40 €/L","img":"https://fd9-photos.leclercdrive.fr/image.ashx?id=2937802&use=l&cat=p&typeid=i","cat":284612},{"id":271999,"n":"Soin douche Le Petit  Marseillais Lait d'avoine 400ml","p":3.03,"u":"7,58 €/L","img":"https://fd9-photos.leclercdrive.fr/image.ashx?id=2937298&use=l&cat=p&typeid=i","cat":284594},{"id":272001,"n":"Soin douche Le Petit Marseillais Lait de riz 400ml","p":3.23,"u":"8,08 €/L","img":"https://fd9-photos.leclercdrive.fr/image.ashx?id=2937301&use=l&cat=p&typeid=i","cat":284594},{"id":272066,"n":"Cêpes et champignons Magda Saveur Normande - 300g","p":4.25,"u":"14,17 €/KG","img":"https://fd9-photos.leclercdrive.fr/image.ashx?id=2937169&use=l&cat=p&typeid=i","cat":319805},{"id":272067,"n":"Soda Coca-cola  1.75L","p":2.84,"u":"1,62 €/L","img":"https://fd9-photos.leclercdrive.fr/image.ashx?id=2802647&use=l&cat=p&typeid=i","cat":284530},{"id":272082,"n":"Cêpes et champignons Magda Saveur du Sud-Ouest - 300g","p":4.35,"u":"14,50 €/KG","img":"https://fd9-photos.leclercdrive.fr/image.ashx?id=2937166&use=l&cat=p&typeid=i","cat":319805},{"id":272112,"n":"Madeleine coquilles Le Ster Pépites de chocolat 300g","p":2.1,"u":"7,00 €/KG","img":"https://fd9-photos.leclercdrive.fr/image.ashx?id=2962584&use=l&cat=p&typeid=i","cat":284492},{"id":272116,"n":"Chips Savour Poivre noir - 120g","p":1.65,"u":"13,75 €/KG","img":"https://fd9-photos.leclercdrive.fr/image.ashx?id=2933470&use=l&cat=p&typeid=i","cat":284447},{"id":272145,"n":"Latté Kitkat Nescafé  273g","p":5.39,"u":"19,74 €/KG","img":"https://fd9-photos.leclercdrive.fr/image.ashx?id=2952178&use=l&cat=p&typeid=i","cat":284843},{"id":272146,"n":"Sauce Bechamel Rustica 500g","p":1.65,"u":"3,30 €/KG","img":"https://fd9-photos.leclercdrive.fr/image.ashx?id=2958765&use=l&cat=p&typeid=i","cat":318430},{"id":272349,"n":"Sérum visage Nivea Anti-age  30ml","p":28.08,"u":"936,00 €/L","img":"https://fd9-photos.leclercdrive.fr/image.ashx?id=2991304&use=l&cat=p&typeid=i","cat":325345},{"id":272351,"n":"Masque Sérum Garnier Hyaluron+  Répare tissus x1","p":2.63,"img":"https://fd9-photos.leclercdrive.fr/image.ashx?id=2986657&use=l&cat=p&typeid=i","cat":325346},{"id":272681,"n":"IGP Méditerranée Rosé Sirmontagu Rothschild - 75cl","p":5.99,"u":"7,99 €/L","img":"https://fd9-photos.leclercdrive.fr/image.ashx?id=2946961&use=l&cat=p&typeid=i","cat":289558},{"id":272682,"n":"AOP Côtes du Rhône rouge Sirmontagu Rothschild - 75cl","p":7.5,"u":"10,00 €/L","img":"https://fd9-photos.leclercdrive.fr/image.ashx?id=2963247&use=l&cat=p&typeid=i","cat":289556},{"id":272699,"n":"Barres céréales Kellogg's Choco Corn Flakes x6 - 144g","p":1.73,"u":"12,01 €/KG","img":"https://fd9-photos.leclercdrive.fr/image.ashx?id=2941071&use=l&cat=p&typeid=i","cat":300032},{"id":272702,"n":"Céréales Trésor Kellogg's  Choco Brownie - 375g","p":3.41,"u":"9,09 €/KG","img":"https://fd9-photos.leclercdrive.fr/image.ashx?id=2938821&use=l&cat=p&typeid=i","cat":309513},{"id":272844,"n":"Boisson hydratation Prime Lemonade - 500ml","p":1.71,"u":"3,42 €/L","img":"https://fd9-photos.leclercdrive.fr/image.ashx?id=2964000&use=l&cat=p&typeid=i","cat":284533},{"id":272914,"n":"Mayonnaise Maille Fin Gourmet  - 237g","p":2.54,"u":"10,72 €/KG","img":"https://fd9-photos.leclercdrive.fr/image.ashx?id=2938974&use=l&cat=p&typeid=i","cat":298295},{"id":272915,"n":"Mayonnaise Maille Mayonnaise Fine  - 237g","p":2.56,"u":"10,80 €/KG","img":"https://fd9-photos.leclercdrive.fr/image.ashx?id=2938977&use=l&cat=p&typeid=i","cat":298295},{"id":272978,"n":"Stylo Bic Cristal Original Format spécial x20","p":2.6,"img":"https://fd9-photos.leclercdrive.fr/image.ashx?id=2938641&use=l&cat=p&typeid=i","cat":284696},{"id":273111,"n":"L'Or Espresso Lungo Decaf. Café Capsules  x10 - 52g","p":3.28,"u":"63,08 €/KG","img":"https://fd9-photos.leclercdrive.fr/image.ashx?id=2942831&use=l&cat=p&typeid=i","cat":284749},{"id":273426,"n":"Boisson énergisante Crazy Tiger 35cl","p":1.01,"u":"2,89 €/L","img":"https://fd9-photos.leclercdrive.fr/image.ashx?id=2955032&use=l&cat=p&typeid=i","cat":284533},{"id":273444,"n":"Riz Taureau Ailé 2x500g","p":3.15,"u":"3,15 €/KG","img":"https://fd9-photos.leclercdrive.fr/image.ashx?id=2963745&use=l&cat=p&typeid=i","cat":284428},{"id":273449,"n":"Riz basmati Taureau Ailé  2x500g","p":3.15,"u":"3,15 €/KG","img":"https://fd9-photos.leclercdrive.fr/image.ashx?id=2963748&use=l&cat=p&typeid=i","cat":284428},{"id":273455,"n":"Recharges Touch & Fresh Glade Marine 2+1 30ml","p":5.6,"u":"186,67 €/L","img":"https://fd9-photos.leclercdrive.fr/image.ashx?id=2964538&use=l&cat=p&typeid=i","cat":311628},{"id":273456,"n":"Recharges Touch & Fresh Muguet 2+1 - 30ml","p":5.6,"u":"186,67 €/L","img":"https://fd9-photos.leclercdrive.fr/image.ashx?id=2963859&use=l&cat=p&typeid=i","cat":311628},{"id":273602,"n":"Kiwi vert  3 fruits","p":1.49,"u":"0,50 €/P","img":"https://fd9-photos.leclercdrive.fr/image.ashx?id=2946750&use=l&cat=p&typeid=i","cat":284356},{"id":273630,"n":"Oignon jaune tube filière Panier du Primeur x4","p":1.79,"u":"0,45 €/P","img":"https://fd9-photos.leclercdrive.fr/image.ashx?id=2942260&use=l&cat=p&typeid=i","cat":284352},{"id":273845,"n":"Gourde aluminium Monbento 650ml","p":15.0,"img":"https://fd9-photos.leclercdrive.fr/image.ashx?id=3005742&use=l&cat=p&typeid=i","cat":284710},{"id":273852,"n":"Sac repas Monbento x1","p":20.0,"img":"https://fd9-photos.leclercdrive.fr/image.ashx?id=3005730&use=l&cat=p&typeid=i","cat":313597},{"id":273854,"n":"Boîte repas Monbento 2 étages - x1","p":38.0,"img":"https://fd9-photos.leclercdrive.fr/image.ashx?id=3005787&use=l&cat=p&typeid=i","cat":284710},{"id":273858,"n":"Pâtes Perles de Semoule Ferrero 450g","p":1.81,"u":"4,02 €/KG","img":"https://fd9-photos.leclercdrive.fr/image.ashx?id=2943852&use=l&cat=p&typeid=i","cat":284427},{"id":273859,"n":"Boîte repas Monbento 1 étage","p":28.0,"img":"https://fd9-photos.leclercdrive.fr/image.ashx?id=3005745&use=l&cat=p&typeid=i","cat":284710},{"id":273864,"n":"Capsules lave-vaisselle Finish Ultimate - x57 - 735g","p":11.88,"pp":7.13,"u":"9,70 €/KG","img":"https://fd9-photos.leclercdrive.fr/image.ashx?id=3011593&use=l&cat=p&typeid=i","cat":284656},{"id":274043,"n":"Coffret bière Houthakker 2x75cl + 1 chope","p":13.9,"u":"9,27 €/L","img":"https://fd9-photos.leclercdrive.fr/image.ashx?id=2944053&use=l&cat=p&typeid=i","cat":334872},{"id":274347,"n":"Sauté de veau William Saurin Legumes - 280g","p":3.05,"u":"10,89 €/KG","img":"https://fd9-photos.leclercdrive.fr/image.ashx?id=2943984&use=l&cat=p&typeid=i","cat":284953},{"id":274424,"n":"Compotes Pom-Potes Pomme Pêche  Poire Framboise - x12 - 1.08kg","p":5.71,"u":"5,29 €/KG","img":"https://fd9-photos.leclercdrive.fr/image.ashx?id=3010966&use=l&cat=p&typeid=i","cat":284508},{"id":274427,"n":"Compotes Pom'Potes Pomme Pêche  Pamplemousse - x4 - 360g","p":2.1,"u":"5,83 €/KG","img":"https://fd9-photos.leclercdrive.fr/image.ashx?id=3010918&use=l&cat=p&typeid=i","cat":284508},{"id":274428,"n":"Compotes Pom'Potes Pomme Ananas Orange/Citron - x12 - 1.08kg","p":5.26,"u":"4,87 €/KG","img":"https://fd9-photos.leclercdrive.fr/image.ashx?id=3010963&use=l&cat=p&typeid=i","cat":284508},{"id":274505,"n":"Yaourt à la Grecque Danone Vanille -4x110g","p":2.38,"u":"5,41 €/KG","img":"https://fd9-photos.leclercdrive.fr/image.ashx?id=2992738&use=l&cat=p&typeid=i","cat":314999},{"id":274506,"n":"Yaourt à la Grecque Danone Nature  - 4x110g","p":1.85,"u":"4,20 €/KG","img":"https://fd9-photos.leclercdrive.fr/image.ashx?id=2992732&use=l&cat=p&typeid=i","cat":314999},{"id":274509,"n":"Yaourt à la Grecque Danone Fraise - 4x110g","p":2.38,"u":"5,41 €/KG","img":"https://fd9-photos.leclercdrive.fr/image.ashx?id=2992729&use=l&cat=p&typeid=i","cat":314999},{"id":274510,"n":"Plateau de charcuterie Argal 210g","p":4.99,"u":"23,76 €/KG","img":"https://fd9-photos.leclercdrive.fr/image.ashx?id=2945023&use=l&cat=p&typeid=i","cat":316007},{"id":274528,"n":"Capsules lave-vaisselle Finish Quantum - Citron - 707g x68","p":11.88,"pp":7.13,"u":"10,08 €/KG","img":"https://fd9-photos.leclercdrive.fr/image.ashx?id=2945643&use=l&cat=p&typeid=i","cat":284656},{"id":274530,"n":"Capsules lave-vaisselle Finish Ultimate - Citron - 735g x57","p":11.88,"pp":7.13,"u":"9,70 €/KG","img":"https://fd9-photos.leclercdrive.fr/image.ashx?id=2945649&use=l&cat=p&typeid=i","cat":284656},{"id":274531,"n":"Capsules lave-vaisselle Finish Ultimate Plus Bicarbonate 268g","p":6.42,"u":"23,96 €/KG","img":"https://fd9-photos.leclercdrive.fr/image.ashx?id=2945652&use=l&cat=p&typeid=i","cat":284656},{"id":274541,"n":"Yaourt à la Grecque Danone Stracciatella - 4x110g","p":2.4,"u":"5,45 €/KG","img":"https://fd9-photos.leclercdrive.fr/image.ashx?id=2992735&use=l&cat=p&typeid=i","cat":314999},{"id":274554,"n":"Yaourt à la Grecque Danone Citron - 4x110g","p":2.28,"u":"5,18 €/KG","img":"https://fd9-photos.leclercdrive.fr/image.ashx?id=2992744&use=l&cat=p&typeid=i","cat":314999},{"id":274555,"n":"Yaourt à la Grecque Danone Caramel - 4x110g","p":2.33,"u":"5,30 €/KG","img":"https://fd9-photos.leclercdrive.fr/image.ashx?id=2992741&use=l&cat=p&typeid=i","cat":314999},{"id":274571,"n":"Skyr protéiné Danone nature 0% MG - 825g","p":4.95,"u":"6,00 €/KG","img":"https://fd9-photos.leclercdrive.fr/image.ashx?id=2951028&use=l&cat=p&typeid=i","cat":315000},{"id":274593,"n":"Danone Skyr nature  x4 - 400g","p":2.14,"u":"5,35 €/KG","img":"https://fd9-photos.leclercdrive.fr/image.ashx?id=2960654&use=l&cat=p&typeid=i","cat":315000},{"id":274596,"n":"Danone Skyr nature  x8 - 800g","p":3.23,"u":"4,04 €/KG","img":"https://fd9-photos.leclercdrive.fr/image.ashx?id=2960657&use=l&cat=p&typeid=i","cat":315000},{"id":274684,"n":"Toastinable de tomates Ponti - 130g","p":1.88,"u":"14,46 €/KG","img":"https://fd9-photos.leclercdrive.fr/image.ashx?id=2971407&use=l&cat=p&typeid=i","cat":284451},{"id":274706,"n":"Tomate Coeur de pigeon Bio  Saveol - 250g","p":1.99,"u":"7,96 €/KG","img":"https://fd9-photos.leclercdrive.fr/image.ashx?id=2889583&use=l&cat=p&typeid=i","cat":284352},{"id":274965,"n":"Tortillas de blé Old El Paso 8+2 gratuits - 407g","p":2.29,"u":"5,63 €/KG","img":"https://fd9-photos.leclercdrive.fr/image.ashx?id=2946646&use=l&cat=p&typeid=i","cat":287899},{"id":274977,"n":"Lingettes Carolin Multi-usages  x80","p":3.49,"u":"0,04 €/P","img":"https://fd9-photos.leclercdrive.fr/image.ashx?id=2946562&use=l&cat=p&typeid=i","cat":325358},{"id":275024,"n":"Lingettes serpillières Carolin  Tous types de sols - x15","p":3.12,"u":"0,21 €/P","img":"https://fd9-photos.leclercdrive.fr/image.ashx?id=2946970&use=l&cat=p&typeid=i","cat":284907},{"id":275025,"n":"Lingettes serpillières Carolin  pour parquets - x15","p":3.41,"u":"0,23 €/P","img":"https://fd9-photos.leclercdrive.fr/image.ashx?id=2946973&use=l&cat=p&typeid=i","cat":284907},{"id":275207,"n":"Lait-sérum Nivea Corps raffermissant Q10 200ml","p":8.94,"u":"44,70 €/L","img":"https://fd9-photos.leclercdrive.fr/image.ashx?id=2947156&use=l&cat=p&typeid=i","cat":325349},{"id":275209,"n":"Sérum visage Nivea Luminous 360 Skin Glow Eclat immédiat - 30ml","p":17.23,"u":"574,33 €/L","img":"https://fd9-photos.leclercdrive.fr/image.ashx?id=2977660&use=l&cat=p&typeid=i","cat":325345},{"id":275210,"n":"Crème visage homme Hydratante Peaux sensibles 50ml","p":10.38,"u":"207,60 €/L","img":"https://fd9-photos.leclercdrive.fr/image.ashx?id=2947298&use=l&cat=p&typeid=i","cat":284622},{"id":275211,"n":"Soin visage fluide Nivea Anti-UV Quotidien FPS50+ 30ml","p":16.54,"u":"551,33 €/L","img":"https://fd9-photos.leclercdrive.fr/image.ashx?id=3000827&use=l&cat=p&typeid=i","cat":325345},{"id":275212,"n":"Sérum visage Nivea Eclat vitamine C - 30ml","p":16.86,"u":"562,00 €/L","img":"https://fd9-photos.leclercdrive.fr/image.ashx?id=3000824&use=l&cat=p&typeid=i","cat":325345},{"id":275213,"n":"Soin visage fluide Nivea Anti-UV Glycostop Q10 40ml","p":14.1,"u":"352,50 €/L","img":"https://fd9-photos.leclercdrive.fr/image.ashx?id=3000830&use=l&cat=p&typeid=i","cat":325345},{"id":275214,"n":"Curry  pois chiches Cassegrain A l'indienne - 430g","p":2.79,"u":"6,49 €/KG","img":"https://fd9-photos.leclercdrive.fr/image.ashx?id=2952490&use=l&cat=p&typeid=i","cat":287599},{"id":275216,"n":"Crème hydratante Nivea Fraîcheur - 200ml","p":5.87,"u":"29,35 €/L","img":"https://fd9-photos.leclercdrive.fr/image.ashx?id=2947159&use=l&cat=p&typeid=i","cat":325350},{"id":275217,"n":"Crème visage jour Nivea Anti-âge repulpant SPF30 50ml","p":12.91,"u":"258,20 €/L","img":"https://fd9-photos.leclercdrive.fr/image.ashx?id=3000815&use=l&cat=p&typeid=i","cat":325345},{"id":275218,"n":"Chili de haricots Cassegrain A la mexicaine - 430g","p":2.77,"u":"6,44 €/KG","img":"https://fd9-photos.leclercdrive.fr/image.ashx?id=2962125&use=l&cat=p&typeid=i","cat":287599},{"id":275220,"n":"Dahl de lentilles Cassegrain A l'indienne - 435g","p":2.82,"u":"6,48 €/KG","img":"https://fd9-photos.leclercdrive.fr/image.ashx?id=2946904&use=l&cat=p&typeid=i","cat":287599},{"id":275222,"n":"Trio de poivrons Cassegrain Sarrasin - 375g","p":3.28,"u":"8,75 €/KG","img":"https://fd9-photos.leclercdrive.fr/image.ashx?id=2953459&use=l&cat=p&typeid=i","cat":287599},{"id":275223,"n":"Miel de fleurs Lune de Miel Gelée royale - 230g","p":4.93,"u":"21,43 €/KG","img":"https://fd9-photos.leclercdrive.fr/image.ashx?id=2984877&use=l&cat=p&typeid=i","cat":287643},{"id":275224,"n":"Barre de céréales Lion 8x25g","p":2.88,"u":"14,40 €/KG","img":"https://fd9-photos.leclercdrive.fr/image.ashx?id=2947195&use=l&cat=p&typeid=i","cat":285869},{"id":275225,"n":"Barre de céréales Chocapic 8x25g","p":2.76,"u":"13,80 €/KG","img":"https://fd9-photos.leclercdrive.fr/image.ashx?id=2947198&use=l&cat=p&typeid=i","cat":285869},{"id":275232,"n":"Sérum Nivea Q10 Anti-rides Tous types de peaux -15ml","p":10.63,"u":"708,67 €/L","img":"https://fd9-photos.leclercdrive.fr/image.ashx?id=3014611&use=l&cat=p&typeid=i","cat":325345},{"id":275245,"n":"Dentifrice Sensodyne Blancheur - 75ml","p":5.04,"u":"67,20 €/L","img":"https://fd9-photos.leclercdrive.fr/image.ashx?id=2947183&use=l&cat=p&typeid=i","cat":284612},{"id":275260,"n":"Déodorant spray Sanex Aloe vera Bio Sensitive - 200ml","p":4.13,"u":"20,65 €/L","img":"https://fd9-photos.leclercdrive.fr/image.ashx?id=2948537&use=l&cat=p&typeid=i","cat":284595},{"id":275352,"n":"Déodorant bille bio Sanex Bambou Fresh - 50ml","p":3.69,"u":"73,80 €/L","img":"https://fd9-photos.leclercdrive.fr/image.ashx?id=2949088&use=l&cat=p&typeid=i","cat":284595},{"id":275353,"n":"Déodorant bille Sanex Minéral efficacité - 50ml","p":4.14,"u":"82,80 €/L","img":"https://fd9-photos.leclercdrive.fr/image.ashx?id=2949091&use=l&cat=p&typeid=i","cat":284595},{"id":275382,"n":"Gel douche Dop Amande - 480ml","p":2.98,"u":"6,21 €/L","img":"https://fd9-photos.leclercdrive.fr/image.ashx?id=2955351&use=l&cat=p&typeid=i","cat":284594},{"id":275398,"n":"Saucisse Knacki Herta Sel réduit - x6 - 210g","p":2.64,"u":"12,57 €/KG","img":"https://fd9-photos.leclercdrive.fr/image.ashx?id=2948824&use=l&cat=p&typeid=i","cat":316012},{"id":275404,"n":"Shampooing Dop Hair Argan - 480ml","p":3.03,"u":"6,31 €/L","img":"https://fd9-photos.leclercdrive.fr/image.ashx?id=2955372&use=l&cat=p&typeid=i","cat":284606},{"id":275406,"n":"Pâte nettoyante Cillit Bang 470g","p":4.87,"u":"10,36 €/KG","img":"https://fd9-photos.leclercdrive.fr/image.ashx?id=2948986&use=l&cat=p&typeid=i","cat":325357},{"id":275409,"n":"Shampooing Dop Hair Antipelliculaire - 480ml","p":3.03,"u":"6,31 €/L","img":"https://fd9-photos.leclercdrive.fr/image.ashx?id=2955375&use=l&cat=p&typeid=i","cat":284606},{"id":275412,"n":"Shampooing Dop Hair Oeufs - 480ml","p":3.03,"u":"6,31 €/L","img":"https://fd9-photos.leclercdrive.fr/image.ashx?id=2954773&use=l&cat=p&typeid=i","cat":284606},{"id":275413,"n":"Gel douche Dop Framboise - 480ml","p":3.14,"u":"6,54 €/L","img":"https://fd9-photos.leclercdrive.fr/image.ashx?id=2955354&use=l&cat=p&typeid=i","cat":284594},{"id":275415,"n":"Gel douche enfance Dop Barbe à papa - 310ml","p":2.53,"u":"8,16 €/L","img":"https://fd9-photos.leclercdrive.fr/image.ashx?id=2955357&use=l&cat=p&typeid=i","cat":284594},{"id":275419,"n":"Gel douche enfance Dop Caramel - 310ml","p":2.52,"u":"8,13 €/L","img":"https://fd9-photos.leclercdrive.fr/image.ashx?id=2955363&use=l&cat=p&typeid=i","cat":284594},{"id":275494,"n":"Cocktail de fruits de mer Pom Bistro Sauce crustacés 400g","p":6.27,"u":"15,68 €/KG","img":"https://fd9-photos.leclercdrive.fr/image.ashx?id=2950426&use=l&cat=p&typeid=i","cat":319787},{"id":275495,"n":"Saumon de Norvège Pom Bistro sauce Béarnaise - 320g","p":8.02,"u":"25,06 €/KG","img":"https://fd9-photos.leclercdrive.fr/image.ashx?id=2950420&use=l&cat=p&typeid=i","cat":319786},{"id":275496,"n":"Cabillaud de France Pom Bistro Huile d'olive et tomate - 320g","p":8.01,"u":"25,03 €/KG","img":"https://fd9-photos.leclercdrive.fr/image.ashx?id=2950423&use=l&cat=p&typeid=i","cat":319786},{"id":275506,"n":"Lait Le Petit Marseillais Nutrition Amande Argan 250ml","p":3.85,"u":"15,40 €/L","img":"https://fd9-photos.leclercdrive.fr/image.ashx?id=2950330&use=l&cat=p&typeid=i","cat":325349},{"id":275507,"n":"Lait Le Petit Marseillais Nutrition Argan 400ml","p":5.47,"u":"13,68 €/L","img":"https://fd9-photos.leclercdrive.fr/image.ashx?id=2950333&use=l&cat=p&typeid=i","cat":325349},{"id":275508,"n":"Shampooing Le Petit Marseillais Blonde ensolleilé 300ml","p":2.3,"u":"7,67 €/L","img":"https://fd9-photos.leclercdrive.fr/image.ashx?id=2950336&use=l&cat=p&typeid=i","cat":284606},{"id":275509,"n":"Shampooing Dessange Couleur - 280ml","p":4.96,"u":"17,71 €/L","img":"https://fd9-photos.leclercdrive.fr/image.ashx?id=2955405&use=l&cat=p&typeid=i","cat":284606},{"id":275511,"n":"Gel douche enfance Dop Pomme d'amour - 310ml","p":2.52,"u":"8,13 €/L","img":"https://fd9-photos.leclercdrive.fr/image.ashx?id=2955366&use=l&cat=p&typeid=i","cat":284594},{"id":275529,"n":"Soin cheveux Dessange Nutri-richesse - 110ml","p":7.51,"u":"68,27 €/L","img":"https://fd9-photos.leclercdrive.fr/image.ashx?id=2955390&use=l&cat=p&typeid=i","cat":284608},{"id":275531,"n":"Masque Dessange Nutri-Extrême - 280ml","p":7.9,"u":"28,21 €/L","img":"https://fd9-photos.leclercdrive.fr/image.ashx?id=2955393&use=l&cat=p&typeid=i","cat":284608},{"id":275601,"n":"Gel douche Dove Hydratant - 2x450ml","p":6.77,"u":"7,52 €/L","img":"https://fd9-photos.leclercdrive.fr/image.ashx?id=2949583&use=l&cat=p&typeid=i","cat":284594},{"id":275602,"n":"Gel douche Dove Advanced Care Nutrition intense - 2x225ml","p":5.42,"u":"12,04 €/L","img":"https://fd9-photos.leclercdrive.fr/image.ashx?id=2949586&use=l&cat=p&typeid=i","cat":284594},{"id":275604,"n":"Lingettes Demak'up Fraîcheur Peaux sensibles 3x25","p":6.48,"img":"https://fd9-photos.leclercdrive.fr/image.ashx?id=2949520&use=l&cat=p&typeid=i","cat":284603},{"id":275607,"n":"Gel douche Dove Fraîcheur - 2x450ml","p":6.77,"u":"7,52 €/L","img":"https://fd9-photos.leclercdrive.fr/image.ashx?id=2949580&use=l&cat=p&typeid=i","cat":284594},{"id":275616,"n":"Gel douche délassante Ushuaïa Huile essentielle d'Ylang 280ml","p":2.66,"u":"9,50 €/L","img":"https://fd9-photos.leclercdrive.fr/image.ashx?id=2949544&use=l&cat=p&typeid=i","cat":284594},{"id":275617,"n":"Gel douche Ushuaïa Orchidée - 280ml","p":2.67,"u":"9,54 €/L","img":"https://fd9-photos.leclercdrive.fr/image.ashx?id=2949541&use=l&cat=p&typeid=i","cat":284594},{"id":275619,"n":"Crème de douche Ushuaïa Lait de coco - 280ml","p":2.69,"u":"9,61 €/L","img":"https://fd9-photos.leclercdrive.fr/image.ashx?id=2949553&use=l&cat=p&typeid=i","cat":284594},{"id":275659,"n":"Soin visage Garnier BHA+ Niacinamide SPF50+ - 40ml","p":8.52,"u":"213,00 €/L","img":"https://fd9-photos.leclercdrive.fr/image.ashx?id=3000797&use=l&cat=p&typeid=i","cat":325345},{"id":275661,"n":"Soin visage Garnier Aloe vera Hyaluronique 250ml","p":5.49,"u":"21,96 €/L","img":"https://fd9-photos.leclercdrive.fr/image.ashx?id=2954244&use=l&cat=p&typeid=i","cat":325345},{"id":275662,"n":"Soin hydratant Garnier Hyaluron Liquide quotidien - 120ml","p":9.31,"u":"77,58 €/L","img":"https://fd9-photos.leclercdrive.fr/image.ashx?id=2986654&use=l&cat=p&typeid=i","cat":325345},{"id":275663,"n":"Lotion exfoliante Garnier Salicylique - 120ml","p":9.04,"u":"75,33 €/L","img":"https://fd9-photos.leclercdrive.fr/image.ashx?id=2954253&use=l&cat=p&typeid=i","cat":325346},{"id":275665,"n":"Fluide Garnier hyaluronique Anti-uv quotidien SPF50+ 40ml","p":10.27,"u":"256,75 €/L","img":"https://fd9-photos.leclercdrive.fr/image.ashx?id=2954256&use=l&cat=p&typeid=i","cat":325345},{"id":275675,"n":"Spray désinfectant Clair Multi-surfaces - 500ml","p":1.53,"u":"3,06 €/L","img":"https://fd9-photos.leclercdrive.fr/image.ashx?id=2949251&use=l&cat=p&typeid=i","cat":325357},{"id":275686,"n":"Shampooing Dessange Nutri-extrême - 280ml","p":3.91,"u":"13,96 €/L","img":"https://fd9-photos.leclercdrive.fr/image.ashx?id=2955411&use=l&cat=p&typeid=i","cat":284606},{"id":275690,"n":"Dentifrice Sensodyne Eclat blancheur - 75ml","p":7.29,"u":"97,20 €/L","img":"https://fd9-photos.leclercdrive.fr/image.ashx?id=2997781&use=l&cat=p&typeid=i","cat":284612},{"id":275692,"n":"Dentifrice Sensodyne Nettoyage intense - 75ml","p":7.2,"u":"96,00 €/L","img":"https://fd9-photos.leclercdrive.fr/image.ashx?id=2998047&use=l&cat=p&typeid=i","cat":284612},{"id":275706,"n":"Dentifrice Sensodyne Multi-protection Blancheur 75ml","p":4.48,"u":"59,73 €/L","img":"https://fd9-photos.leclercdrive.fr/image.ashx?id=2950723&use=l&cat=p&typeid=i","cat":284612},{"id":275975,"n":"Boisson Mogu Mogu Fraise et Nata de coco 32cl","p":1.26,"u":"3,94 €/L","img":"https://fd9-photos.leclercdrive.fr/image.ashx?id=2951152&use=l&cat=p&typeid=i","cat":295018},{"id":276029,"n":"Spray nettoyant Cillit Bang  Expert Dégraissant Familial 1L","p":3.79,"u":"3,79 €/L","img":"https://fd9-photos.leclercdrive.fr/image.ashx?id=2950387&use=l&cat=p&typeid=i","cat":325357},{"id":276030,"n":"Spray nettoyant Cillit Bang  Expert Anti-moisissures - 1L","p":3.79,"u":"3,79 €/L","img":"https://fd9-photos.leclercdrive.fr/image.ashx?id=2950381&use=l&cat=p&typeid=i","cat":325357},{"id":276032,"n":"Spray nettoyant Cillit Bang  Expert Salle de Bain - 1L","p":3.79,"u":"3,79 €/L","img":"https://fd9-photos.leclercdrive.fr/image.ashx?id=2950393&use=l&cat=p&typeid=i","cat":325357},{"id":276126,"n":"Whisky Jack Daniel's Bonded 70cL","p":33.9,"pp":29.9,"u":"42,71 €/L","img":"https://fd9-photos.leclercdrive.fr/image.ashx?id=2952001&use=l&cat=p&typeid=i","cat":284547},{"id":276142,"n":"Boite pour chat Purina One Multivariétés - 12x8","p":3.72,"u":"3,72 €/KG","img":"https://fd9-photos.leclercdrive.fr/image.ashx?id=2952175&use=l&cat=p&typeid=i","cat":285601},{"id":276186,"n":"Ferrero Collection Assortiment cube lumières de fête - 185g","p":11.27,"u":"60,92 €/KG","img":"https://fd9-photos.leclercdrive.fr/image.ashx?id=2952121&use=l&cat=p&typeid=i","cat":327595},{"id":276187,"n":"Ferrero Collection Assortiment Merveilles d'hiver - 203g","p":12.55,"u":"61,82 €/KG","img":"https://fd9-photos.leclercdrive.fr/image.ashx?id=2952061&use=l&cat=p&typeid=i","cat":327595},{"id":276188,"n":"Ferrero Collection Assortiment Promenade en ville - 197g","p":12.55,"u":"63,71 €/KG","img":"https://fd9-photos.leclercdrive.fr/image.ashx?id=2952058&use=l&cat=p&typeid=i","cat":327595},{"id":276201,"n":"Kinder chocolat  150g","p":3.38,"u":"22,53 €/KG","img":"https://fd9-photos.leclercdrive.fr/image.ashx?id=2952079&use=l&cat=p&typeid=i","cat":327592},{"id":276205,"n":"Kinder mini eggs  Noisettes - 182g","p":5.93,"u":"32,58 €/KG","img":"https://fd9-photos.leclercdrive.fr/image.ashx?id=2952085&use=l&cat=p&typeid=i","cat":327592},{"id":276206,"n":"Kinder mini eggs  Lait - 182g","p":4.78,"u":"26,26 €/KG","img":"https://fd9-photos.leclercdrive.fr/image.ashx?id=2953980&use=l&cat=p&typeid=i","cat":327592},{"id":276208,"n":"Kinder Balls  Eclats de Noisettes - 164g","p":5.98,"u":"36,46 €/KG","img":"https://fd9-photos.leclercdrive.fr/image.ashx?id=2952088&use=l&cat=p&typeid=i","cat":327592},{"id":276209,"n":"Kinder Balls  Eclats de Bsicuits cacao - 164g","p":5.98,"u":"36,46 €/KG","img":"https://fd9-photos.leclercdrive.fr/image.ashx?id=2952091&use=l&cat=p&typeid=i","cat":327592},{"id":276210,"n":"Kinder Schokobons  200g","p":3.95,"u":"19,75 €/KG","img":"https://fd9-photos.leclercdrive.fr/image.ashx?id=2952911&use=l&cat=p&typeid=i","cat":327592},{"id":276212,"n":"Kinder happy moments  Ballotin - 184g","p":5.98,"u":"32,50 €/KG","img":"https://fd9-photos.leclercdrive.fr/image.ashx?id=2952046&use=l&cat=p&typeid=i","cat":327592},{"id":276219,"n":"Papillotes Equador chocolat  Noir - 350g","p":7.59,"u":"21,69 €/KG","img":"https://fd9-photos.leclercdrive.fr/image.ashx?id=2951158&use=l&cat=p&typeid=i","cat":327597},{"id":276231,"n":"Mini Carambar  Team - 350g","p":3.29,"u":"9,40 €/KG","img":"https://fd9-photos.leclercdrive.fr/image.ashx?id=2951869&use=l&cat=p&typeid=i","cat":304250},{"id":276236,"n":"Thé glacé Lipton  Pêche 20x33cl +4 offertes","p":10.65,"u":"1,34 €/L","img":"https://fd9-photos.leclercdrive.fr/image.ashx?id=2951767&use=l&cat=p&typeid=i","cat":295019},{"id":276258,"n":"Jambon Le Bon Paris Herta Sel réduit sans nitrite 8T - 280g","p":5.11,"u":"18,25 €/KG","img":"https://fd9-photos.leclercdrive.fr/image.ashx?id=2951764&use=l&cat=p&typeid=i","cat":316009},{"id":276269,"n":"Fromage cremeux Coeur de Lion 8 tranches 150g","p":2.56,"u":"17,07 €/KG","img":"https://fd9-photos.leclercdrive.fr/image.ashx?id=2952493&use=l&cat=p&typeid=i","cat":314028},{"id":276288,"n":"Mini Kit Kat White  252g","p":4.31,"u":"17,04 €/KG","img":"https://fd9-photos.leclercdrive.fr/image.ashx?id=2952992&use=l&cat=p&typeid=i","cat":284498},{"id":276347,"n":"Truffes The Belgian Pépites chocolat- 200g","p":3.95,"u":"19,75 €/KG","img":"https://fd9-photos.leclercdrive.fr/image.ashx?id=2952833&use=l&cat=p&typeid=i","cat":327600},{"id":276348,"n":"Truffes Café The Belgian Café - 200g","p":3.95,"u":"19,75 €/KG","img":"https://fd9-photos.leclercdrive.fr/image.ashx?id=2952851&use=l&cat=p&typeid=i","cat":327600},{"id":276349,"n":"Fruits de mer The Belgian Noisettes - 65g","p":2.73,"u":"42,00 €/KG","img":"https://fd9-photos.leclercdrive.fr/image.ashx?id=2983474&use=l&cat=p&typeid=i","cat":284499},{"id":276356,"n":"Assortiment café gourmand  Chevalier d'argouges - 140g","p":9.95,"pp":6.57,"u":"46,93 €/KG","img":"https://fd9-photos.leclercdrive.fr/image.ashx?id=2952685&use=l&cat=p&typeid=i","cat":327600},{"id":276361,"n":"Assortiment décorées Hamlet Pralinés - 195g","p":6.89,"pp":4.55,"u":"23,33 €/KG","img":"https://fd9-photos.leclercdrive.fr/image.ashx?id=2952818&use=l&cat=p&typeid=i","cat":284958},{"id":276369,"n":"Nougat amande et noisette  Chabert & Guillot - 300g","p":11.95,"pp":7.89,"u":"26,30 €/KG","img":"https://fd9-photos.leclercdrive.fr/image.ashx?id=2952508&use=l&cat=p&typeid=i","cat":327605},{"id":276460,"n":"Nestlé la Boite Rouge 398 g","p":12.95,"pp":9.71,"u":"24,40 €/KG","img":"https://fd9-photos.leclercdrive.fr/image.ashx?id=2953001&use=l&cat=p&typeid=i","cat":327595},{"id":276475,"n":"Assortiment variété Jacquot 400g","p":6.87,"u":"17,18 €/KG","img":"https://fd9-photos.leclercdrive.fr/image.ashx?id=2980707&use=l&cat=p&typeid=i","cat":327592},{"id":276484,"n":"Chocolats Ferrero Rocher  100g","p":4.9,"u":"49,00 €/KG","img":"https://fd9-photos.leclercdrive.fr/image.ashx?id=2952899&use=l&cat=p&typeid=i","cat":327600},{"id":276524,"n":"Chips de shiitakés Borde saveur ail - 50g","p":2.94,"u":"58,80 €/KG","img":"https://fd9-photos.leclercdrive.fr/image.ashx?id=2953785&use=l&cat=p&typeid=i","cat":284447},{"id":276525,"n":"Chips de shiitakés Borde saveur wasabi - 50g","p":2.94,"u":"58,80 €/KG","img":"https://fd9-photos.leclercdrive.fr/image.ashx?id=2953782&use=l&cat=p&typeid=i","cat":284447},{"id":276526,"n":"Chips de shiitakés Borde original - 50g","p":2.94,"u":"58,80 €/KG","img":"https://fd9-photos.leclercdrive.fr/image.ashx?id=2953776&use=l&cat=p&typeid=i","cat":284447},{"id":276550,"n":"Biscuit sésame GERBLE - 5x4 220g","p":1.53,"u":"6,95 €/KG","img":"https://fd9-photos.leclercdrive.fr/image.ashx?id=2953803&use=l&cat=p&typeid=i","cat":318651},{"id":276555,"n":"Eau plate vitaminée by Joker Fraise Framboise - 75cl","p":1.71,"u":"2,28 €/L","img":"https://fd9-photos.leclercdrive.fr/image.ashx?id=2953797&use=l&cat=p&typeid=i","cat":284535},{"id":276556,"n":"Eau plate vitaminée by Joker Citron citron vert - 75cl","p":1.72,"u":"2,29 €/L","img":"https://fd9-photos.leclercdrive.fr/image.ashx?id=2953791&use=l&cat=p&typeid=i","cat":284535},{"id":276581,"n":"Café froid Macchiato Plantation Saveur caramel 250ml","p":1.09,"u":"4,36 €/L","img":"https://fd9-photos.leclercdrive.fr/image.ashx?id=2952409&use=l&cat=p&typeid=i","cat":295246},{"id":276582,"n":"Café froid Cappuccino Plantation 250ml","p":1.09,"u":"4,36 €/L","img":"https://fd9-photos.leclercdrive.fr/image.ashx?id=2952430&use=l&cat=p&typeid=i","cat":295246},{"id":276584,"n":"Yaourt à la Grecque Délisse Nature sucré 4x150g","p":1.69,"u":"2,82 €/KG","img":"https://fd9-photos.leclercdrive.fr/image.ashx?id=2952436&use=l&cat=p&typeid=i","cat":314999},{"id":276586,"n":"Épinards hachés à la crème  Notre Jardin 450g","p":1.79,"u":"3,98 €/KG","img":"https://fd9-photos.leclercdrive.fr/image.ashx?id=2958671&use=l&cat=p&typeid=i","cat":319805},{"id":276587,"n":"Coriandre ciselée Rustica 50g","p":1.69,"u":"33,80 €/KG","img":"https://fd9-photos.leclercdrive.fr/image.ashx?id=2952427&use=l&cat=p&typeid=i","cat":319804},{"id":276590,"n":"Stick de fuet Saint-Azay 70g","p":1.99,"u":"28,43 €/KG","img":"https://fd9-photos.leclercdrive.fr/image.ashx?id=2952421&use=l&cat=p&typeid=i","cat":316006},{"id":277046,"n":"Tortillas Old El Paso de blé nature 6+2 offerts - 467g","p":2.29,"u":"4,90 €/KG","img":"https://fd9-photos.leclercdrive.fr/image.ashx?id=2964114&use=l&cat=p&typeid=i","cat":288993},{"id":277089,"n":"Gel douche Tahiti Bois de santal - 250ml","p":2.19,"u":"8,76 €/L","img":"https://fd9-photos.leclercdrive.fr/image.ashx?id=2955869&use=l&cat=p&typeid=i","cat":284594},{"id":277160,"n":"Bâtonnets Milka butter cookie x4 - 264g","p":4.15,"u":"15,72 €/KG","img":"https://fd9-photos.leclercdrive.fr/image.ashx?id=2963952&use=l&cat=p&typeid=i","cat":284265},{"id":277161,"n":"Bâtonnets Côté chocolat au lait Noisettes - x4 - 260g","p":4.8,"u":"18,46 €/KG","img":"https://fd9-photos.leclercdrive.fr/image.ashx?id=2962665&use=l&cat=p&typeid=i","cat":284265},{"id":277162,"n":"Bâtonnets Milka vanille Chocolat - x4 - 260g","p":4.38,"u":"16,85 €/KG","img":"https://fd9-photos.leclercdrive.fr/image.ashx?id=2962668&use=l&cat=p&typeid=i","cat":284265},{"id":277163,"n":"Bâtonnets Côte d'or pistache Chocolat amande - x4 - 260g","p":4.83,"u":"18,58 €/KG","img":"https://fd9-photos.leclercdrive.fr/image.ashx?id=2962662&use=l&cat=p&typeid=i","cat":284265},{"id":277360,"n":"Smoky Cheese Donuts Pickers by McCain donuts fromage - 230g","p":3.7,"u":"16,09 €/KG","img":"https://fd9-photos.leclercdrive.fr/image.ashx?id=2955522&use=l&cat=p&typeid=i","cat":319774},{"id":277363,"n":"AOC Languedoc Grés de Montpellier - Rouge - 75cl","p":10.34,"u":"13,79 €/L","img":"https://fd9-photos.leclercdrive.fr/image.ashx?id=2955459&use=l&cat=p&typeid=i","cat":289556},{"id":277368,"n":"AOP Crozes hermitage Perle de Schistes - Rouge 75cl","p":12.28,"u":"16,37 €/L","img":"https://fd9-photos.leclercdrive.fr/image.ashx?id=2957248&use=l&cat=p&typeid=i","cat":289556},{"id":277369,"n":"AOC Jurançon Piou de Yura HVE - Blanc sec - 75cl","p":6.69,"u":"8,92 €/L","img":"https://fd9-photos.leclercdrive.fr/image.ashx?id=2955462&use=l&cat=p&typeid=i","cat":289557},{"id":277383,"n":"Mini packs Céréales P'tit Déli x8 - 250g","p":2.12,"u":"8,48 €/KG","img":"https://fd9-photos.leclercdrive.fr/image.ashx?id=2955276&use=l&cat=p&typeid=i","cat":309513},{"id":277476,"n":"Activia Kéfir Nature 345g","p":1.94,"u":"5,62 €/KG","img":"https://fd9-photos.leclercdrive.fr/image.ashx?id=2966164&use=l&cat=p&typeid=i","cat":315000},{"id":277478,"n":"Liégeois Pâtissier Danette  Paris Brest 4x90g","p":2.46,"u":"6,83 €/KG","img":"https://fd9-photos.leclercdrive.fr/image.ashx?id=2965930&use=l&cat=p&typeid=i","cat":285042},{"id":277480,"n":"Liégeois Pâtissier Danette Tiramisu 4x90g","p":2.45,"u":"6,81 €/KG","img":"https://fd9-photos.leclercdrive.fr/image.ashx?id=2965927&use=l&cat=p&typeid=i","cat":285042},{"id":277482,"n":"Crème dessert vanille Danette mini - 4x70g","p":0.99,"u":"3,54 €/KG","img":"https://fd9-photos.leclercdrive.fr/image.ashx?id=2965939&use=l&cat=p&typeid=i","cat":285041},{"id":277483,"n":"Skyr nature Danone 0% MG - 450g","p":2.03,"u":"4,51 €/KG","img":"https://fd9-photos.leclercdrive.fr/image.ashx?id=2966279&use=l&cat=p&typeid=i","cat":284409},{"id":277484,"n":"Danone Skyr fraise 4x100g","p":1.87,"u":"4,68 €/KG","img":"https://fd9-photos.leclercdrive.fr/image.ashx?id=2965903&use=l&cat=p&typeid=i","cat":315000},{"id":277485,"n":"Danone Skyr fruits jaunes 4x100g","p":1.87,"u":"4,68 €/KG","img":"https://fd9-photos.leclercdrive.fr/image.ashx?id=2965906&use=l&cat=p&typeid=i","cat":315000},{"id":277493,"n":"Yaourt protéiné Hipro nature 480g","p":2.6,"u":"5,42 €/KG","img":"https://fd9-photos.leclercdrive.fr/image.ashx?id=2965945&use=l&cat=p&typeid=i","cat":284409},{"id":277595,"n":"Gel douche Ushuaïa Agrumes verts - 280ml","p":2.44,"u":"8,71 €/L","img":"https://fd9-photos.leclercdrive.fr/image.ashx?id=2974399&use=l&cat=p&typeid=i","cat":284594},{"id":277625,"n":"Gel douche Ushuaïa Fleur d'oranger - 280ml","p":4.01,"u":"14,32 €/L","img":"https://fd9-photos.leclercdrive.fr/image.ashx?id=2957926&use=l&cat=p&typeid=i","cat":284594},{"id":277626,"n":"Gel douche Ushuaïa Sakura - 280ml","p":2.39,"u":"8,54 €/L","img":"https://fd9-photos.leclercdrive.fr/image.ashx?id=2974405&use=l&cat=p&typeid=i","cat":284594},{"id":277627,"n":"Gel douche Ushuaïa Coco - 280ml","p":3.68,"u":"13,14 €/L","img":"https://fd9-photos.leclercdrive.fr/image.ashx?id=3000264&use=l&cat=p&typeid=i","cat":284594},{"id":277631,"n":"Shampooing régulateur Dessange Douce argile - 280ml","p":3.91,"u":"13,96 €/L","img":"https://fd9-photos.leclercdrive.fr/image.ashx?id=2957935&use=l&cat=p&typeid=i","cat":284606},{"id":277633,"n":"Gel douche Ushuaïa Vanille - 280ml","p":3.63,"u":"12,96 €/L","img":"https://fd9-photos.leclercdrive.fr/image.ashx?id=2957914&use=l&cat=p&typeid=i","cat":284594},{"id":277635,"n":"Crème de douche Dop Vanille - 480ml","p":3.09,"u":"6,44 €/L","img":"https://fd9-photos.leclercdrive.fr/image.ashx?id=2957893&use=l&cat=p&typeid=i","cat":284594},{"id":277693,"n":"AOC Saint-Mont Capeu Blanc sec - 75cl","p":7.33,"u":"9,77 €/L","img":"https://fd9-photos.leclercdrive.fr/image.ashx?id=2957038&use=l&cat=p&typeid=i","cat":289557},{"id":277698,"n":"AOC Gewurztraminer Henri  Ehrhart L'Echappée Blanc - 75cl","p":8.36,"u":"11,15 €/L","img":"https://fd9-photos.leclercdrive.fr/image.ashx?id=2957068&use=l&cat=p&typeid=i","cat":289557},{"id":277701,"n":"AOP Château Caillau Saint- Emilion Grand cru - Rouge 75cl","p":13.2,"u":"17,60 €/L","img":"https://fd9-photos.leclercdrive.fr/image.ashx?id=2957071&use=l&cat=p&typeid=i","cat":289556},{"id":277705,"n":"AOP Bourgogne Chardonnay Signature - Blanc 75cl","p":9.4,"u":"12,53 €/L","img":"https://fd9-photos.leclercdrive.fr/image.ashx?id=2957107&use=l&cat=p&typeid=i","cat":289557},{"id":277707,"n":"AOP Domaine de La Morandière Vieilles vignes - Rouge - 75cl","p":8.54,"u":"11,39 €/L","img":"https://fd9-photos.leclercdrive.fr/image.ashx?id=2957119&use=l&cat=p&typeid=i","cat":289556},{"id":277708,"n":"AOC Entre-deux-mers Château Haut-Baraillot Rouge 75cl","p":10.06,"u":"13,41 €/L","img":"https://fd9-photos.leclercdrive.fr/image.ashx?id=2957128&use=l&cat=p&typeid=i","cat":289556},{"id":277709,"n":"AOP Clape Ambrine Blanc - 75cl","p":7.02,"u":"9,36 €/L","img":"https://fd9-photos.leclercdrive.fr/image.ashx?id=2957251&use=l&cat=p&typeid=i","cat":289557},{"id":277787,"n":"Knorr soupe déshydratée  Chinoise - 45g","p":1.62,"u":"36,00 €/KG","img":"https://fd9-photos.leclercdrive.fr/image.ashx?id=2993179&use=l&cat=p&typeid=i","cat":284463},{"id":277834,"n":"Lessive Omo Absolu capsules Fleurs blanches - 371g","p":11.39,"u":"30,70 €/KG","img":"https://fd9-photos.leclercdrive.fr/image.ashx?id=2958212&use=l&cat=p&typeid=i","cat":284641},{"id":277837,"n":"Désinfectant Sanytol multi- Usages eucalyptus - 750ml","p":2.43,"u":"3,24 €/L","img":"https://fd9-photos.leclercdrive.fr/image.ashx?id=2958074&use=l&cat=p&typeid=i","cat":325357},{"id":277847,"n":"Camembert Pops creamy Pickers Pickers by McCain - 230g","p":3.67,"u":"15,96 €/KG","img":"https://fd9-photos.leclercdrive.fr/image.ashx?id=2988731&use=l&cat=p&typeid=i","cat":319774},{"id":278026,"n":"Jus Joker Orange -Sans pulpe - 4x1.5L","p":14.32,"u":"2,39 €/L","img":"https://fd9-photos.leclercdrive.fr/image.ashx?id=2959028&use=l&cat=p&typeid=i","cat":284521},{"id":278030,"n":"Kiwi vert Eco+ Barquette 750g","p":2.99,"u":"3,99 €/KG","img":"https://fd9-photos.leclercdrive.fr/image.ashx?id=2957614&use=l&cat=p&typeid=i","cat":284356},{"id":278041,"n":"AOP Morgon Arnaud Aucoeur Beaujolais - Rouge - 75cl","p":9.69,"u":"12,92 €/L","img":"https://fd9-photos.leclercdrive.fr/image.ashx?id=2958152&use=l&cat=p&typeid=i","cat":289556},{"id":278064,"n":"AOP Gaillac Domaine barreau \"Feuille\" - Rouge - 75cl","p":7.57,"u":"10,09 €/L","img":"https://fd9-photos.leclercdrive.fr/image.ashx?id=2968427&use=l&cat=p&typeid=i","cat":289556},{"id":278066,"n":"Foie de boeuf tranché L'Atelier Boucherie x2 - 320g","p":3.49,"u":"10,91 €/KG","img":"https://fd9-photos.leclercdrive.fr/image.ashx?id=2958386&use=l&cat=p&typeid=i","cat":284328},{"id":278068,"n":"AOP Saint-Nicolas-de-Bourgueil Joël Taluau - Rouge - 75cl","p":8.49,"u":"11,32 €/L","img":"https://fd9-photos.leclercdrive.fr/image.ashx?id=2958140&use=l&cat=p&typeid=i","cat":289556},{"id":278070,"n":"IGP Côtes Catalanes Les Vignes Du vent - Blanc - 75cl","p":5.81,"u":"7,75 €/L","img":"https://fd9-photos.leclercdrive.fr/image.ashx?id=2958092&use=l&cat=p&typeid=i","cat":289557},{"id":278074,"n":"Rognon de boeuf en dés L'Atelier Boucherie - 400g","p":4.52,"u":"11,30 €/KG","img":"https://fd9-photos.leclercdrive.fr/image.ashx?id=2958786&use=l&cat=p&typeid=i","cat":284328},{"id":278076,"n":"AOC Bordeaux Grand vin de Reignac - Rouge - 75cl","p":22.21,"u":"29,61 €/L","img":"https://fd9-photos.leclercdrive.fr/image.ashx?id=2958128&use=l&cat=p&typeid=i","cat":289556},{"id":278077,"n":"IGP Côtes Catalanes Les Vignes  Du Vent - Rosé - 75cl","p":5.81,"u":"7,75 €/L","img":"https://fd9-photos.leclercdrive.fr/image.ashx?id=2958095&use=l&cat=p&typeid=i","cat":289558},{"id":278078,"n":"AOP Fronsac Château de la Rivière - Rouge - 75cl","p":15.43,"u":"20,57 €/L","img":"https://fd9-photos.leclercdrive.fr/image.ashx?id=2958143&use=l&cat=p&typeid=i","cat":289556},{"id":278080,"n":"Prosecco Botter 75cl","p":10.03,"u":"13,37 €/L","img":"https://fd9-photos.leclercdrive.fr/image.ashx?id=2958173&use=l&cat=p&typeid=i","cat":284544},{"id":278150,"n":"Lessive liquide X-Tra Total  Savon de Marseille 3x44 - 5.94L","p":22.62,"u":"3,81 €/L","img":"https://fd9-photos.leclercdrive.fr/image.ashx?id=2959913&use=l&cat=p&typeid=i","cat":284640},{"id":278155,"n":"Lessive liquide X-Tra Total 3x44 - 5.94L","p":22.62,"u":"3,81 €/L","img":"https://fd9-photos.leclercdrive.fr/image.ashx?id=2959916&use=l&cat=p&typeid=i","cat":284640},{"id":278285,"n":"AOP Côtes de Provence rosé Sirmontagu Rothschild - 75cl","p":8.55,"u":"11,40 €/L","img":"https://fd9-photos.leclercdrive.fr/image.ashx?id=2959949&use=l&cat=p&typeid=i","cat":289558},{"id":278300,"n":"Nouilles à poêler Maggi Saveur canard - 119g","p":1.86,"u":"15,63 €/KG","img":"https://fd9-photos.leclercdrive.fr/image.ashx?id=2959503&use=l&cat=p&typeid=i","cat":288992},{"id":278366,"n":"Eau aromatisée O'Fresh Citron & Citron vert - 6x50cl","p":2.75,"u":"0,92 €/L","img":"https://fd9-photos.leclercdrive.fr/image.ashx?id=2959245&use=l&cat=p&typeid=i","cat":284537},{"id":278405,"n":"Nectar 4 agrumes Cidou sans sucres ajoutés - 1L","p":1.91,"u":"1,91 €/L","img":"https://fd9-photos.leclercdrive.fr/image.ashx?id=2961137&use=l&cat=p&typeid=i","cat":284915},{"id":278406,"n":"Nectar Cidou Clémentines de Corse - 1L","p":2.26,"u":"2,26 €/L","img":"https://fd9-photos.leclercdrive.fr/image.ashx?id=2961140&use=l&cat=p&typeid=i","cat":284915},{"id":278569,"n":"Échalions Panier du Primeur Filière - Filet 500g","p":1.79,"u":"3,58 €/KG","img":"https://fd9-photos.leclercdrive.fr/image.ashx?id=2960330&use=l&cat=p&typeid=i","cat":284352},{"id":278570,"n":"Lessive liquide Le Chat  L'expert Bicarbonate - 1,8L","p":10.04,"u":"5,58 €/L","img":"https://fd9-photos.leclercdrive.fr/image.ashx?id=2962290&use=l&cat=p&typeid=i","cat":284640},{"id":278578,"n":"Gel douche Ushuaïa Minéraux marins - 490ml","p":4.2,"u":"8,57 €/L","img":"https://fd9-photos.leclercdrive.fr/image.ashx?id=3011563&use=l&cat=p&typeid=i","cat":284594},{"id":278579,"n":"Gel douche Ushuaïa Eucalyptus - 280ml","p":2.51,"u":"8,96 €/L","img":"https://fd9-photos.leclercdrive.fr/image.ashx?id=2974408&use=l&cat=p&typeid=i","cat":284594},{"id":278582,"n":"Gel douche Ushuaïa Roche volcanique - 280ml","p":2.43,"u":"8,68 €/L","img":"https://fd9-photos.leclercdrive.fr/image.ashx?id=2974411&use=l&cat=p&typeid=i","cat":284594},{"id":278583,"n":"Gel douche Ushuaïa Vanille - 280ml","p":2.49,"u":"8,89 €/L","img":"https://fd9-photos.leclercdrive.fr/image.ashx?id=2974402&use=l&cat=p&typeid=i","cat":284594},{"id":278584,"n":"Gel douche Ecopack Ushuaïa Ylang - Relaxe - 500ml","p":3.2,"u":"6,40 €/L","img":"https://fd9-photos.leclercdrive.fr/image.ashx?id=3011575&use=l&cat=p&typeid=i","cat":284594},{"id":278586,"n":"Crème Le Petit Marseillais Lait végétal Multi-usage 360ml","p":5.66,"u":"15,72 €/L","img":"https://fd9-photos.leclercdrive.fr/image.ashx?id=2961026&use=l&cat=p&typeid=i","cat":325350},{"id":278598,"n":"Bière blonde Nos Régions Ont Du Talent - 7° - 75cl","p":2.16,"u":"2,88 €/L","img":"https://fd9-photos.leclercdrive.fr/image.ashx?id=2980474&use=l&cat=p&typeid=i","cat":334872},{"id":278680,"n":"Crème extra légère Bridélice Semi-épaisse 4%MG - 3x20cl","p":2.42,"u":"4,03 €/L","img":"https://fd9-photos.leclercdrive.fr/image.ashx?id=2996581&use=l&cat=p&typeid=i","cat":284381},{"id":278682,"n":"Crème extra légère Bridélice Epaisse 7%MG Pot 40cl","p":1.43,"u":"3,58 €/L","img":"https://fd9-photos.leclercdrive.fr/image.ashx?id=3008170&use=l&cat=p&typeid=i","cat":284381},{"id":278725,"n":"Saucisses knacki Herta Sel réduit x4 - 140g","p":1.8,"u":"12,86 €/KG","img":"https://fd9-photos.leclercdrive.fr/image.ashx?id=2965016&use=l&cat=p&typeid=i","cat":316012},{"id":278726,"n":"Saucisses charcutières Herta L'Originale x4 - 280g","p":3.46,"u":"12,36 €/KG","img":"https://fd9-photos.leclercdrive.fr/image.ashx?id=2965010&use=l&cat=p&typeid=i","cat":316012},{"id":278782,"n":"Repas Purina One  Adulte sauce au poulet 1kg","p":3.91,"u":"3,91 €/KG","img":"https://fd9-photos.leclercdrive.fr/image.ashx?id=2965316&use=l&cat=p&typeid=i","cat":285286},{"id":278791,"n":"Bière ambrée d'hiver Bellerose - 75cl - 7% vol.","p":4.33,"u":"5,77 €/L","img":"https://fd9-photos.leclercdrive.fr/image.ashx?id=2965118&use=l&cat=p&typeid=i","cat":334872},{"id":278824,"n":"Raviolis Zapetti Pur boeuf - 400g","p":1.63,"u":"4,08 €/KG","img":"https://fd9-photos.leclercdrive.fr/image.ashx?id=2965870&use=l&cat=p&typeid=i","cat":284442},{"id":278825,"n":"Raviolis Zapetti Bolognaise au boeuf - 400g","p":2.39,"u":"5,98 €/KG","img":"https://fd9-photos.leclercdrive.fr/image.ashx?id=2965873&use=l&cat=p&typeid=i","cat":284442},{"id":278826,"n":"Saucisses de Toulouse Raynal & Roquelaure - 840g","p":3.76,"u":"4,48 €/KG","img":"https://fd9-photos.leclercdrive.fr/image.ashx?id=2966273&use=l&cat=p&typeid=i","cat":284440},{"id":278827,"n":"Lentilles à la Provençale Raynal & Roquelaure - 800g","p":2.18,"u":"2,73 €/KG","img":"https://fd9-photos.leclercdrive.fr/image.ashx?id=2965876&use=l&cat=p&typeid=i","cat":312609},{"id":278905,"n":"Tablette chocolat Poulain noir doux - 4x95g","p":5.27,"u":"13,87 €/KG","img":"https://fd9-photos.leclercdrive.fr/image.ashx?id=2975347&use=l&cat=p&typeid=i","cat":284497},{"id":278910,"n":"Boisson Crazy Tiger Cerise - 35cl","p":1.0,"u":"2,86 €/L","img":"https://fd9-photos.leclercdrive.fr/image.ashx?id=2967262&use=l&cat=p&typeid=i","cat":284533},{"id":278911,"n":"Boisson Crazy Tiger Tiki Mango - 35cl","p":1.01,"u":"2,89 €/L","img":"https://fd9-photos.leclercdrive.fr/image.ashx?id=2967259&use=l&cat=p&typeid=i","cat":284533},{"id":278912,"n":"Boisson Crazy Tiger Pomme - 35cl","p":1.01,"u":"2,89 €/L","img":"https://fd9-photos.leclercdrive.fr/image.ashx?id=3011524&use=l&cat=p&typeid=i","cat":284533},{"id":278970,"n":"AOC Beaujolais Villages Nouveau Pisse Dru - 75cl","p":7.68,"u":"10,24 €/L","img":"https://fd9-photos.leclercdrive.fr/image.ashx?id=2966944&use=l&cat=p&typeid=i","cat":289556},{"id":278975,"n":"Crème épaisse St Hubert 30%MG 190g","p":1.09,"u":"5,74 €/KG","img":"https://fd9-photos.leclercdrive.fr/image.ashx?id=2975975&use=l&cat=p&typeid=i","cat":284381},{"id":278976,"n":"Crème épaisse St Hubert 15%MG 450g","p":2.03,"u":"4,51 €/KG","img":"https://fd9-photos.leclercdrive.fr/image.ashx?id=2967169&use=l&cat=p&typeid=i","cat":284381},{"id":278978,"n":"Crème épaisse St Hubert 30%MG 450g","p":2.25,"u":"5,00 €/KG","img":"https://fd9-photos.leclercdrive.fr/image.ashx?id=2967172&use=l&cat=p&typeid=i","cat":284381},{"id":278983,"n":"Filet de poulet blanc Atelier de nos régions - 1kg","p":12.95,"u":"12,95 €/KG","img":"https://fd9-photos.leclercdrive.fr/image.ashx?id=2967112&use=l&cat=p&typeid=i","cat":284336},{"id":279003,"n":"Apéri'chaud Richesmonts 140g","p":2.45,"u":"17,50 €/KG","img":"https://fd9-photos.leclercdrive.fr/image.ashx?id=2990484&use=l&cat=p&typeid=i","cat":314027},{"id":279027,"n":"Cheddar râpé British Heritage Extra mature 12 mois - 150g","p":2.59,"u":"17,27 €/KG","img":"https://fd9-photos.leclercdrive.fr/image.ashx?id=2968418&use=l&cat=p&typeid=i","cat":314035},{"id":279028,"n":"Sauce fromagère Saint-Agur 150g","p":2.67,"u":"17,80 €/KG","img":"https://fd9-photos.leclercdrive.fr/image.ashx?id=2968556&use=l&cat=p&typeid=i","cat":284382},{"id":279032,"n":"Gel douche Ushuaia Gingembre - 280ml","p":2.47,"u":"8,82 €/L","img":"https://fd9-photos.leclercdrive.fr/image.ashx?id=2968337&use=l&cat=p&typeid=i","cat":284594},{"id":279035,"n":"Savon de Marseille Le Chat 1,7L","p":10.66,"u":"6,27 €/L","img":"https://fd9-photos.leclercdrive.fr/image.ashx?id=2966569&use=l&cat=p&typeid=i","cat":284640},{"id":279037,"n":"Gel douche Ushuaïa Café vert - 280ml","p":2.27,"u":"8,11 €/L","img":"https://fd9-photos.leclercdrive.fr/image.ashx?id=2966584&use=l&cat=p&typeid=i","cat":284594},{"id":279046,"n":"Lait coprs Le Petit Marseillais L'Original - 250ml","p":4.55,"u":"18,20 €/L","img":"https://fd9-photos.leclercdrive.fr/image.ashx?id=2966581&use=l&cat=p&typeid=i","cat":325349},{"id":279201,"n":"Nouilles japonaises Nissin Hot Chili piment, Sésame - 66g","p":1.85,"u":"28,03 €/KG","img":"https://fd9-photos.leclercdrive.fr/image.ashx?id=2966779&use=l&cat=p&typeid=i","cat":288992},{"id":279202,"n":"Nouilles japonaises Nissin Hot Spicy Curry - 67g","p":1.64,"u":"24,48 €/KG","img":"https://fd9-photos.leclercdrive.fr/image.ashx?id=2966782&use=l&cat=p&typeid=i","cat":325094},{"id":279205,"n":"Barres glacées Trium Cacahuètes - 264g","p":2.89,"u":"10,95 €/KG","img":"https://fd9-photos.leclercdrive.fr/image.ashx?id=2966541&use=l&cat=p&typeid=i","cat":284264},{"id":279206,"n":"Barres glacées Trium Caramel - 252g","p":2.49,"u":"9,88 €/KG","img":"https://fd9-photos.leclercdrive.fr/image.ashx?id=2966538&use=l&cat=p&typeid=i","cat":284264},{"id":279238,"n":"Cubes McCain Airfryer 600g","p":2.78,"u":"4,63 €/KG","img":"https://fd9-photos.leclercdrive.fr/image.ashx?id=2988734&use=l&cat=p&typeid=i","cat":319792},{"id":279257,"n":"Macaroni tomate mozza Panzani - 400g","p":2.08,"u":"5,20 €/KG","img":"https://fd9-photos.leclercdrive.fr/image.ashx?id=2968211&use=l&cat=p&typeid=i","cat":284442},{"id":279259,"n":"Sauce chinoise Amora 280g","p":1.88,"u":"6,71 €/KG","img":"https://fd9-photos.leclercdrive.fr/image.ashx?id=2968589&use=l&cat=p&typeid=i","cat":318431},{"id":279403,"n":"Macaroni cheese Panzani - 400g","p":2.31,"u":"5,78 €/KG","img":"https://fd9-photos.leclercdrive.fr/image.ashx?id=2967762&use=l&cat=p&typeid=i","cat":284442},{"id":279408,"n":"Assaisonnement en poudre Knorr Duo Aromatique - 90g","p":1.94,"u":"21,56 €/KG","img":"https://fd9-photos.leclercdrive.fr/image.ashx?id=2967989&use=l&cat=p&typeid=i","cat":298297},{"id":279412,"n":"Spaghetti carbonara Panzani - 400g","p":2.31,"u":"5,78 €/KG","img":"https://fd9-photos.leclercdrive.fr/image.ashx?id=2967759&use=l&cat=p&typeid=i","cat":284442},{"id":279490,"n":"Terrine de campagne Jean Brunet Label rouge - 180g","p":1.8,"u":"10,00 €/KG","img":"https://fd9-photos.leclercdrive.fr/image.ashx?id=2967771&use=l&cat=p&typeid=i","cat":305148},{"id":279671,"n":"Schweppes Tonic citron 1L","p":1.73,"u":"1,73 €/L","img":"https://fd9-photos.leclercdrive.fr/image.ashx?id=2969049&use=l&cat=p&typeid=i","cat":284531},{"id":279678,"n":"Biscuit  Mots Doux Vanille - 180g","p":1.89,"u":"10,50 €/KG","img":"https://fd9-photos.leclercdrive.fr/image.ashx?id=2970747&use=l&cat=p&typeid=i","cat":284488},{"id":279680,"n":"Spaghetti carbonara Panzani 800g","p":3.3,"u":"4,13 €/KG","img":"https://fd9-photos.leclercdrive.fr/image.ashx?id=2970957&use=l&cat=p&typeid=i","cat":284442},{"id":279682,"n":"Macaroni tomate Panzani 800g","p":3.33,"u":"4,16 €/KG","img":"https://fd9-photos.leclercdrive.fr/image.ashx?id=2970960&use=l&cat=p&typeid=i","cat":284442},{"id":279812,"n":"Sauce bolognaise Panzani Pure boeuf - 2x400g","p":4.04,"u":"5,05 €/KG","img":"https://fd9-photos.leclercdrive.fr/image.ashx?id=2970780&use=l&cat=p&typeid=i","cat":287599},{"id":279895,"n":"Nouilles japonaises Nissin Roasted - 65g","p":1.52,"u":"23,38 €/KG","img":"https://fd9-photos.leclercdrive.fr/image.ashx?id=2971353&use=l&cat=p&typeid=i","cat":287600},{"id":279903,"n":"Champignons parfumé Mei Asia Shitake - 80g","p":6.13,"u":"76,63 €/KG","img":"https://fd9-photos.leclercdrive.fr/image.ashx?id=2971173&use=l&cat=p&typeid=i","cat":288992},{"id":279906,"n":"Sauce ponzu Kikkoman 15Oml","p":3.18,"u":"21,20 €/L","img":"https://fd9-photos.leclercdrive.fr/image.ashx?id=2971446&use=l&cat=p&typeid=i","cat":318430},{"id":279907,"n":"Assaisonnement Kikkoman Pour sushi - 125ml","p":2.44,"u":"19,52 €/L","img":"https://fd9-photos.leclercdrive.fr/image.ashx?id=2971449&use=l&cat=p&typeid=i","cat":288992},{"id":280014,"n":"Kit papiers cadeaux Vert - 5 rouleaux+2 bolducs","p":2.99,"img":"https://fd9-photos.leclercdrive.fr/image.ashx?id=2971512&use=l&cat=p&typeid=i","cat":335914},{"id":280019,"n":"Œuf Kinder Joy Mario - 3x20g","p":3.22,"u":"53,67 €/KG","img":"https://fd9-photos.leclercdrive.fr/image.ashx?id=2970753&use=l&cat=p&typeid=i","cat":284958},{"id":280025,"n":"Recharge gel lavant mains Le Petit Marseillais Olive 500ml","p":3.22,"u":"6,44 €/L","img":"https://fd9-photos.leclercdrive.fr/image.ashx?id=2985336&use=l&cat=p&typeid=i","cat":284597},{"id":280032,"n":"Gel lavant mains antibactérien Huile essentielle - 500ml","p":2.94,"u":"5,88 €/L","img":"https://fd9-photos.leclercdrive.fr/image.ashx?id=2971143&use=l&cat=p&typeid=i","cat":284597},{"id":280075,"n":"Cacahuètes grillées Menguy's 450g + 231g offerts","p":3.49,"u":"5,12 €/KG","img":"https://fd9-photos.leclercdrive.fr/image.ashx?id=2972020&use=l&cat=p&typeid=i","cat":284448},{"id":280076,"n":"Cacahuètes grillées à sec  Menguy's 450g + 231g offerts","p":3.49,"u":"5,12 €/KG","img":"https://fd9-photos.leclercdrive.fr/image.ashx?id=2972023&use=l&cat=p&typeid=i","cat":284448},{"id":280088,"n":"Popcorn Pop'Box Micro-ondes  Salé 270g - 3 x 90g","p":2.97,"u":"11,00 €/KG","img":"https://fd9-photos.leclercdrive.fr/image.ashx?id=2972041&use=l&cat=p&typeid=i","cat":304249},{"id":280090,"n":"Popcorn Pop'Box Micro-ondes Sucré 270g - 3 x 90g","p":2.97,"u":"11,00 €/KG","img":"https://fd9-photos.leclercdrive.fr/image.ashx?id=3003372&use=l&cat=p&typeid=i","cat":304249},{"id":280091,"n":"Crème dessert Danette Saveur Mars - 4x90g","p":1.9,"u":"5,28 €/KG","img":"https://fd9-photos.leclercdrive.fr/image.ashx?id=2971921&use=l&cat=p&typeid=i","cat":285041},{"id":280092,"n":"Crème dessert Danette Saveur Twix - 4x90g","p":1.91,"u":"5,31 €/KG","img":"https://fd9-photos.leclercdrive.fr/image.ashx?id=2971924&use=l&cat=p&typeid=i","cat":285041},{"id":280140,"n":"Doonuts marbrés St-Michel Chocolat x12 - 360g","p":3.05,"u":"8,47 €/KG","img":"https://fd9-photos.leclercdrive.fr/image.ashx?id=2971954&use=l&cat=p&typeid=i","cat":284495},{"id":280146,"n":"Chewing-gum Hollywood 2Fresh Menthe verte 3x22g","p":2.75,"u":"20,83 €/KG","img":"https://fd9-photos.leclercdrive.fr/image.ashx?id=3011968&use=l&cat=p&typeid=i","cat":304251},{"id":280147,"n":"Chewing-gum Hollywood 2fresh Menthe forte 3x22g","p":2.76,"u":"20,91 €/KG","img":"https://fd9-photos.leclercdrive.fr/image.ashx?id=3011971&use=l&cat=p&typeid=i","cat":304251},{"id":280148,"n":"Chewing-gum Hollywood 2fruity Fraise citron vert x6 - 132g","p":2.72,"u":"20,61 €/KG","img":"https://fd9-photos.leclercdrive.fr/image.ashx?id=3011974&use=l&cat=p&typeid=i","cat":304251},{"id":280252,"n":"Filets de maquereaux Petit  Navire - Au vin blanc - 2x175g","p":3.67,"u":"10,49 €/KG","img":"https://fd9-photos.leclercdrive.fr/image.ashx?id=2972850&use=l&cat=p&typeid=i","cat":303868},{"id":280254,"n":"Filets de maquereaux Vin Blanc Citron Romarin 2x175g","p":3.99,"u":"11,40 €/KG","img":"https://fd9-photos.leclercdrive.fr/image.ashx?id=2972853&use=l&cat=p&typeid=i","cat":303868},{"id":280259,"n":"Pesto rosso crémeux Turini 190g","p":1.33,"u":"7,00 €/KG","img":"https://fd9-photos.leclercdrive.fr/image.ashx?id=2972318&use=l&cat=p&typeid=i","cat":287599},{"id":280260,"n":"Chips tortilla Doritos Nacho cheese - 272g","p":2.3,"u":"8,46 €/KG","img":"https://fd9-photos.leclercdrive.fr/image.ashx?id=2973592&use=l&cat=p&typeid=i","cat":287899},{"id":280263,"n":"Pesto verde cremeux  190g","p":1.33,"u":"7,00 €/KG","img":"https://fd9-photos.leclercdrive.fr/image.ashx?id=2988830&use=l&cat=p&typeid=i","cat":287599},{"id":280264,"n":"Nouilles Banzai noodle  Crevette - 67g","p":1.34,"u":"20,00 €/KG","img":"https://fd9-photos.leclercdrive.fr/image.ashx?id=2972856&use=l&cat=p&typeid=i","cat":284953},{"id":280270,"n":"Dessert lacté Vanille Blédina dès 6 mois Mini Lactés - 6x55g","p":1.92,"u":"34,91 €/KG","img":"https://fd9-photos.leclercdrive.fr/image.ashx?id=2972862&use=l&cat=p&typeid=i","cat":312392},{"id":280276,"n":"Dessert lacté Fruits Blédina dès 6 mois Mini Lactés - 12x55g","p":4.33,"u":"6,56 €/KG","img":"https://fd9-photos.leclercdrive.fr/image.ashx?id=2972865&use=l&cat=p&typeid=i","cat":312392},{"id":280418,"n":"Dessert lacté Nature Blédina dès 6 mois - 4x95g","p":1.73,"u":"4,55 €/KG","img":"https://fd9-photos.leclercdrive.fr/image.ashx?id=2972868&use=l&cat=p&typeid=i","cat":312392},{"id":280419,"n":"Dessert lacté Fraise Blédina dès 6 mois - 4x95g","p":1.85,"u":"4,87 €/KG","img":"https://fd9-photos.leclercdrive.fr/image.ashx?id=2972871&use=l&cat=p&typeid=i","cat":312392},{"id":280420,"n":"Dessert lacté Blédina Vanille dès 6 mois - 4x95g","p":1.74,"u":"4,58 €/KG","img":"https://fd9-photos.leclercdrive.fr/image.ashx?id=2972874&use=l&cat=p&typeid=i","cat":312392},{"id":280425,"n":"Dessert lacté Blédina Mangue Pêche dès 6 mois - 4x95g","p":2.05,"u":"5,39 €/KG","img":"https://fd9-photos.leclercdrive.fr/image.ashx?id=2972877&use=l&cat=p&typeid=i","cat":312392},{"id":280487,"n":"Gnocchi à poêler Lustucru star 500g","p":2.97,"u":"5,94 €/KG","img":"https://fd9-photos.leclercdrive.fr/image.ashx?id=2973637&use=l&cat=p&typeid=i","cat":333682},{"id":280546,"n":"Cacahuètes en coque Menguy's 500g","p":4.08,"u":"8,16 €/KG","img":"https://fd9-photos.leclercdrive.fr/image.ashx?id=2973718&use=l&cat=p&typeid=i","cat":284448},{"id":280708,"n":"Biscuits cacaotes P'tit Déli Vanille - 220g","p":1.32,"u":"6,00 €/KG","img":"https://fd9-photos.leclercdrive.fr/image.ashx?id=2974149&use=l&cat=p&typeid=i","cat":284488},{"id":280717,"n":"Chocolat Lindt Excellence Fusion sel Noir 85% & Lait-100g","p":3.49,"u":"34,90 €/KG","img":"https://fd9-photos.leclercdrive.fr/image.ashx?id=2975810&use=l&cat=p&typeid=i","cat":284956},{"id":280746,"n":"Chocolat Lindt Excellence  Fusion Noir 70% & Lait - 100g","p":3.49,"u":"34,90 €/KG","img":"https://fd9-photos.leclercdrive.fr/image.ashx?id=2975819&use=l&cat=p&typeid=i","cat":284958},{"id":280750,"n":"Chocolat Lindt Excellence Fusion Noir 70% & Blanc - 100g","p":3.49,"u":"34,90 €/KG","img":"https://fd9-photos.leclercdrive.fr/image.ashx?id=2975822&use=l&cat=p&typeid=i","cat":284956},{"id":280761,"n":"Gel douche Sanex Derma Thérapie 850ml","p":7.81,"u":"9,19 €/L","img":"https://fd9-photos.leclercdrive.fr/image.ashx?id=2987032&use=l&cat=p&typeid=i","cat":284594},{"id":280777,"n":"Préparation Banana Bread Vahiné 300g","p":2.8,"u":"9,33 €/KG","img":"https://fd9-photos.leclercdrive.fr/image.ashx?id=2975873&use=l&cat=p&typeid=i","cat":284505},{"id":280778,"n":"Ketchup tomato Heinz cornichon - 250g","p":1.79,"u":"7,16 €/KG","img":"https://fd9-photos.leclercdrive.fr/image.ashx?id=2976176&use=l&cat=p&typeid=i","cat":284455},{"id":280782,"n":"Sauce sweet chili Heinz 260g","p":2.12,"u":"8,15 €/KG","img":"https://fd9-photos.leclercdrive.fr/image.ashx?id=2976101&use=l&cat=p&typeid=i","cat":318431},{"id":280783,"n":"Sauce korean barbecue Heinz 265g","p":2.14,"u":"8,08 €/KG","img":"https://fd9-photos.leclercdrive.fr/image.ashx?id=2976137&use=l&cat=p&typeid=i","cat":318431},{"id":280784,"n":"Mayonnaise  Heinz Srirachamix - 400g","p":3.1,"u":"7,75 €/KG","img":"https://fd9-photos.leclercdrive.fr/image.ashx?id=2976140&use=l&cat=p&typeid=i","cat":318431},{"id":280786,"n":"Poulet curry Tables du Monde 300g","p":2.69,"u":"8,97 €/KG","img":"https://fd9-photos.leclercdrive.fr/image.ashx?id=2974282&use=l&cat=p&typeid=i","cat":284254},{"id":280845,"n":"Rasoir Gillette Fusion 5 + 2 recharges - x1","p":12.94,"img":"https://fd9-photos.leclercdrive.fr/image.ashx?id=2976173&use=l&cat=p&typeid=i","cat":284616},{"id":280872,"n":"Sauce salade Lesieur  Moutarde à l'ancienne - 500ml","p":2.02,"u":"4,04 €/L","img":"https://fd9-photos.leclercdrive.fr/image.ashx?id=2974575&use=l&cat=p&typeid=i","cat":284456},{"id":280878,"n":"Bowl Bonduelle A la mexicaine - 250g","p":2.39,"u":"9,56 €/KG","img":"https://fd9-photos.leclercdrive.fr/image.ashx?id=2996533&use=l&cat=p&typeid=i","cat":328010},{"id":280904,"n":"Mini cônes Extrême Mix x6 - 234g","p":3.25,"u":"0,54 €/P","img":"https://fd9-photos.leclercdrive.fr/image.ashx?id=2975933&use=l&cat=p&typeid=i","cat":284264},{"id":280905,"n":"Pancakes Pasquier Pépites de chocolat x8 - 280g","p":2.41,"u":"8,61 €/KG","img":"https://fd9-photos.leclercdrive.fr/image.ashx?id=2975921&use=l&cat=p&typeid=i","cat":284495},{"id":280908,"n":"Pizza DR. Oetker Suprema 5 fromages - 424g","p":5.02,"u":"11,84 €/KG","img":"https://fd9-photos.leclercdrive.fr/image.ashx?id=2993095&use=l&cat=p&typeid=i","cat":284256},{"id":280914,"n":"Salade de blé Cassegrain Aubergines et poivrons 250g","p":2.36,"u":"9,44 €/KG","img":"https://fd9-photos.leclercdrive.fr/image.ashx?id=2975137&use=l&cat=p&typeid=i","cat":333657},{"id":280917,"n":"Salade de pois chiches Cassegrain Aubergines 250g","p":2.25,"u":"9,00 €/KG","img":"https://fd9-photos.leclercdrive.fr/image.ashx?id=2975140&use=l&cat=p&typeid=i","cat":333657},{"id":280918,"n":"Salade Minis farfalle Bonduelle Poulet roti Petits légumes 450g","p":2.78,"u":"6,18 €/KG","img":"https://fd9-photos.leclercdrive.fr/image.ashx?id=2975146&use=l&cat=p&typeid=i","cat":333657},{"id":280922,"n":"Whisky Ballantine's Sweet  Blend 30% - 70cl","p":14.9,"pp":11.92,"u":"17,03 €/L","img":"https://fd9-photos.leclercdrive.fr/image.ashx?id=2981289&use=l&cat=p&typeid=i","cat":284547},{"id":280924,"n":"Dentifrice Signal White Now 3en1 White boost charbon 2x75ml","p":7.68,"u":"51,20 €/L","img":"https://fd9-photos.leclercdrive.fr/image.ashx?id=2975677&use=l&cat=p&typeid=i","cat":284612},{"id":280925,"n":"Dentifrice Signal White Now 3en1 - Incontournable 2x75ml","p":7.75,"u":"51,67 €/L","img":"https://fd9-photos.leclercdrive.fr/image.ashx?id=2975680&use=l&cat=p&typeid=i","cat":284612},{"id":280929,"n":"Brassé végétal Andros Framboise lait de coco 6x100g","p":2.19,"u":"3,65 €/KG","img":"https://fd9-photos.leclercdrive.fr/image.ashx?id=2975662&use=l&cat=p&typeid=i","cat":316071},{"id":280930,"n":"Piles Alcalines Duracell Plus AA LR6 - 1.5V MN1500 x12","p":7.9,"img":"https://fd9-photos.leclercdrive.fr/image.ashx?id=2975668&use=l&cat=p&typeid=i","cat":300572},{"id":280931,"n":"Piles Alcalines Duracell Plus AAA LR03 - 1.5V MN240 x12","p":7.9,"img":"https://fd9-photos.leclercdrive.fr/image.ashx?id=2975671&use=l&cat=p&typeid=i","cat":300572},{"id":280997,"n":"Bowl à l'orientale 250g","p":2.43,"u":"9,72 €/KG","img":"https://fd9-photos.leclercdrive.fr/image.ashx?id=2991921&use=l&cat=p&typeid=i","cat":325094},{"id":281037,"n":"Skyr Alpro Exotic- 400g","p":2.45,"u":"6,13 €/KG","img":"https://fd9-photos.leclercdrive.fr/image.ashx?id=2976098&use=l&cat=p&typeid=i","cat":316071},{"id":281128,"n":"Lessive X-tra Total 40 lavages","p":6.92,"u":"3,84 €/L","img":"https://fd9-photos.leclercdrive.fr/image.ashx?id=2976788&use=l&cat=p&typeid=i","cat":284640},{"id":281245,"n":"Compotes gourdes Pom'Potes 5 fruits rouges/oranges 16X90g","p":5.7,"u":"3,96 €/KG","img":"https://fd9-photos.leclercdrive.fr/image.ashx?id=2978640&use=l&cat=p&typeid=i","cat":284508},{"id":281259,"n":"Galette Saint Michel Chocolat caramel - 98g","p":1.27,"u":"12,96 €/KG","img":"https://fd9-photos.leclercdrive.fr/image.ashx?id=2978694&use=l&cat=p&typeid=i","cat":284487},{"id":281261,"n":"Biscuit chocolat Bonne Maman Petits carrés coco 200g","p":2.25,"u":"11,25 €/KG","img":"https://fd9-photos.leclercdrive.fr/image.ashx?id=2989150&use=l&cat=p&typeid=i","cat":284487},{"id":281328,"n":"Confiture Léonce Blanc Poire Vanille 70% 320g","p":3.45,"u":"10,78 €/KG","img":"https://fd9-photos.leclercdrive.fr/image.ashx?id=3008179&use=l&cat=p&typeid=i","cat":284480},{"id":281329,"n":"Confiture Léonce Blanc Fruits rouges 70% 320g","p":2.86,"u":"8,94 €/KG","img":"https://fd9-photos.leclercdrive.fr/image.ashx?id=2985021&use=l&cat=p&typeid=i","cat":284480},{"id":281331,"n":"Bonbons Têtes Brûlées Horror Mix 450g","p":4.91,"pp":3.44,"u":"7,64 €/KG","img":"https://fd9-photos.leclercdrive.fr/image.ashx?id=2978772&use=l&cat=p&typeid=i","cat":304250},{"id":281332,"n":"bonbons Têtes Brûlées Mini mix 480g","p":4.94,"u":"10,29 €/KG","img":"https://fd9-photos.leclercdrive.fr/image.ashx?id=2978775&use=l&cat=p&typeid=i","cat":304250},{"id":281333,"n":"Bonbons Têtes Brûlées  Family Party 600g","p":4.87,"pp":3.41,"u":"5,68 €/KG","img":"https://fd9-photos.leclercdrive.fr/image.ashx?id=2978778&use=l&cat=p&typeid=i","cat":304250},{"id":281334,"n":"Bonbons Têtes Brûlées Des bonbons ou un sort 500g","p":4.96,"u":"9,92 €/KG","img":"https://fd9-photos.leclercdrive.fr/image.ashx?id=2978781&use=l&cat=p&typeid=i","cat":304250},{"id":281336,"n":"Bonbons Lutti Vampires 280g","p":2.29,"u":"8,18 €/KG","img":"https://fd9-photos.leclercdrive.fr/image.ashx?id=2978814&use=l&cat=p&typeid=i","cat":304250},{"id":281338,"n":"Bonbons Lutti Vampires Fizz 280g","p":2.29,"u":"8,18 €/KG","img":"https://fd9-photos.leclercdrive.fr/image.ashx?id=2978817&use=l&cat=p&typeid=i","cat":304250},{"id":281339,"n":"Bonbons Lutti Giantfeet Fizz 280g","p":2.28,"u":"8,14 €/KG","img":"https://fd9-photos.leclercdrive.fr/image.ashx?id=2978820&use=l&cat=p&typeid=i","cat":304250},{"id":281341,"n":"Bonbons Carambar Mix Electric Fruits 380g","p":3.34,"pp":2.34,"u":"6,16 €/KG","img":"https://fd9-photos.leclercdrive.fr/image.ashx?id=2978826&use=l&cat=p&typeid=i","cat":304250},{"id":281342,"n":"Bonbons Carambar  Color Mystery 380g","p":3.51,"u":"9,24 €/KG","img":"https://fd9-photos.leclercdrive.fr/image.ashx?id=2978829&use=l&cat=p&typeid=i","cat":304250},{"id":281346,"n":"Bonbons Lutti  Luciver Fizz 280g","p":2.29,"u":"8,18 €/KG","img":"https://fd9-photos.leclercdrive.fr/image.ashx?id=2978838&use=l&cat=p&typeid=i","cat":304250},{"id":281347,"n":"Bonbons Lutti  Papillot' Gummy 200g","p":2.5,"u":"12,50 €/KG","img":"https://fd9-photos.leclercdrive.fr/image.ashx?id=2978841&use=l&cat=p&typeid=i","cat":304250},{"id":281350,"n":"Bonbons Lutti  Papillot'Fizz Balls 200g","p":2.25,"pp":1.57,"u":"7,85 €/KG","img":"https://fd9-photos.leclercdrive.fr/image.ashx?id=2978847&use=l&cat=p&typeid=i","cat":304250},{"id":281355,"n":"Sucettes Chupa Chups  Fraise Love x16 - 192g","p":2.88,"u":"15,00 €/KG","img":"https://fd9-photos.leclercdrive.fr/image.ashx?id=3009209&use=l&cat=p&typeid=i","cat":304250},{"id":281357,"n":"Sucettes Chupa Chups Stranger  Things The Party x16 - 192g","p":1.91,"u":"9,95 €/KG","img":"https://fd9-photos.leclercdrive.fr/image.ashx?id=2985618&use=l&cat=p&typeid=i","cat":304250},{"id":281371,"n":"Lessive liquide Xtra Total 2x63 lavages - 5.670L","p":13.32,"u":"2,35 €/L","img":"https://fd9-photos.leclercdrive.fr/image.ashx?id=2978691&use=l&cat=p&typeid=i","cat":284640},{"id":281373,"n":"Lessive liquide X-Tra Total  Savon de Marseille 2x63 5.670L","p":18.98,"u":"3,35 €/L","img":"https://fd9-photos.leclercdrive.fr/image.ashx?id=2978865&use=l&cat=p&typeid=i","cat":284640},{"id":281374,"n":"Snack alphabet Tokapi Ketchup - 75g","p":0.89,"u":"11,87 €/KG","img":"https://fd9-photos.leclercdrive.fr/image.ashx?id=2977825&use=l&cat=p&typeid=i","cat":284449},{"id":281376,"n":"Sauce Tradizioni d'Italia Tomate passata di pomodoro 690g","p":1.59,"u":"2,30 €/KG","img":"https://fd9-photos.leclercdrive.fr/image.ashx?id=2977828&use=l&cat=p&typeid=i","cat":287599},{"id":281377,"n":"Ketchup Heinz  zéro sel ajouté - 230g","p":1.97,"u":"8,57 €/KG","img":"https://fd9-photos.leclercdrive.fr/image.ashx?id=2978904&use=l&cat=p&typeid=i","cat":284455},{"id":281468,"n":"Boisson énergisante Monster VR46 Canette sans sucre - 50cl","p":1.83,"u":"3,66 €/L","img":"https://fd9-photos.leclercdrive.fr/image.ashx?id=2986825&use=l&cat=p&typeid=i","cat":284533},{"id":281516,"n":"Crevettes tropicales Mares  géantes entières crues - 500g","p":13.73,"u":"27,46 €/KG","img":"https://fd9-photos.leclercdrive.fr/image.ashx?id=2979992&use=l&cat=p&typeid=i","cat":319787},{"id":281517,"n":"Bûche Nestlé Signature façon fraisier - 495g","p":7.74,"u":"15,64 €/KG","img":"https://fd9-photos.leclercdrive.fr/image.ashx?id=2979764&use=l&cat=p&typeid=i","cat":284266},{"id":281522,"n":"Boisson végétale Alpro Barista Coco 750ml","p":1.79,"u":"2,39 €/L","img":"https://fd9-photos.leclercdrive.fr/image.ashx?id=2979430&use=l&cat=p&typeid=i","cat":316067},{"id":281524,"n":"Boisson végétale Alpro Avoine 500ml","p":1.47,"u":"2,94 €/L","img":"https://fd9-photos.leclercdrive.fr/image.ashx?id=2986855&use=l&cat=p&typeid=i","cat":316067},{"id":281688,"n":"Pasta' poêlée Bonduelle Penne légumes du soleil - 750g","p":3.52,"u":"4,69 €/KG","img":"https://fd9-photos.leclercdrive.fr/image.ashx?id=2979662&use=l&cat=p&typeid=i","cat":319823},{"id":281689,"n":"Pasta' poêlée Bonduelle Gnocchis tomate mozzarella 750g","p":3.54,"u":"4,72 €/KG","img":"https://fd9-photos.leclercdrive.fr/image.ashx?id=2979665&use=l&cat=p&typeid=i","cat":319823},{"id":281690,"n":"Pasta' poêlée Bonduelle Fusilli courgettes fromage 750g","p":3.52,"u":"4,69 €/KG","img":"https://fd9-photos.leclercdrive.fr/image.ashx?id=2979668&use=l&cat=p&typeid=i","cat":319823},{"id":281691,"n":"Pasta' poêlée Bonduelle Gnocchis épinards ricotta 750g","p":3.5,"u":"4,67 €/KG","img":"https://fd9-photos.leclercdrive.fr/image.ashx?id=2979671&use=l&cat=p&typeid=i","cat":319823},{"id":281719,"n":"Jambon de porc cuit Bigard Sauce aux 2 moutardes - 400g","p":7.99,"u":"19,98 €/KG","img":"https://fd9-photos.leclercdrive.fr/image.ashx?id=2981067&use=l&cat=p&typeid=i","cat":284331},{"id":282010,"n":"Kinder Surprise  x4 - 80g","p":5.14,"u":"64,25 €/KG","img":"https://fd9-photos.leclercdrive.fr/image.ashx?id=2981373&use=l&cat=p&typeid=i","cat":327592},{"id":282011,"n":"Chocolat Kinder Géant 300g","p":6.88,"u":"22,93 €/KG","img":"https://fd9-photos.leclercdrive.fr/image.ashx?id=2981367&use=l&cat=p&typeid=i","cat":327592},{"id":282032,"n":"Champagne Haslinger et Fils Brut - 75cl","p":16.07,"u":"21,43 €/L","img":"https://fd9-photos.leclercdrive.fr/image.ashx?id=2982005&use=l&cat=p&typeid=i","cat":284542},{"id":282055,"n":"Pur jus de poire Jafaden 1L","p":1.79,"u":"1,79 €/L","img":"https://fd9-photos.leclercdrive.fr/image.ashx?id=2981457&use=l&cat=p&typeid=i","cat":284915},{"id":282331,"n":"Ovale double creme  Eco+ 180g","p":1.27,"u":"7,06 €/KG","img":"https://fd9-photos.leclercdrive.fr/image.ashx?id=2982952&use=l&cat=p&typeid=i","cat":314033},{"id":282453,"n":"Calendrier de l'avent  Batman -  75g","p":4.13,"u":"55,07 €/KG","img":"https://fd9-photos.leclercdrive.fr/image.ashx?id=2984528&use=l&cat=p&typeid=i","cat":327590},{"id":282721,"n":"Lessive liquide Persil Bouquet de Provence 1.092L x26","p":4.77,"u":"4,37 €/L","img":"https://fd9-photos.leclercdrive.fr/image.ashx?id=2985675&use=l&cat=p&typeid=i","cat":284640},{"id":282914,"n":"Papier cadeau Maena Excellia Branches sapins - 2x0.7m","p":1.25,"img":"https://fd9-photos.leclercdrive.fr/image.ashx?id=2988984&use=l&cat=p&typeid=i","cat":335914},{"id":282915,"n":"Papier cadeau Maena Excellia Sapins colorés - 2x0.7m","p":1.25,"img":"https://fd9-photos.leclercdrive.fr/image.ashx?id=2988987&use=l&cat=p&typeid=i","cat":335914},{"id":282916,"n":"Papier cadeau Maena Excellia Flocons blanc fond rouge 2x0.7m","p":1.25,"img":"https://fd9-photos.leclercdrive.fr/image.ashx?id=2988990&use=l&cat=p&typeid=i","cat":335914},{"id":282917,"n":"Papier cadeau Maena Sapins rouge et vert - 2x0.7m","p":1.25,"img":"https://fd9-photos.leclercdrive.fr/image.ashx?id=2988993&use=l&cat=p&typeid=i","cat":335914},{"id":282919,"n":"Papier cadeau Maena Houx - 2x0.7m","p":1.25,"img":"https://fd9-photos.leclercdrive.fr/image.ashx?id=2988996&use=l&cat=p&typeid=i","cat":335914},{"id":282931,"n":"Papier cadeau Pat'Patrouille Fond orange - 500x70cm","p":1.65,"img":"https://fd9-photos.leclercdrive.fr/image.ashx?id=2989002&use=l&cat=p&typeid=i","cat":335914},{"id":283037,"n":"Bonnet de Noel Disney Stitch - 50g","p":5.72,"u":"114,40 €/KG","img":"https://fd9-photos.leclercdrive.fr/image.ashx?id=2995049&use=l&cat=p&typeid=i","cat":327789},{"id":283038,"n":"Bonnet de Noel Disney Mickey - 50g","p":5.72,"u":"114,40 €/KG","img":"https://fd9-photos.leclercdrive.fr/image.ashx?id=2995052&use=l&cat=p&typeid=i","cat":327789},{"id":283263,"n":"Adoucissant dilué Soupline Grand Air - 1500ml","p":4.92,"u":"3,28 €/L","img":"https://fd9-photos.leclercdrive.fr/image.ashx?id=3004450&use=l&cat=p&typeid=i","cat":284650},{"id":283287,"n":"Rasoirs jetables Venus Base Simply Venus 3 - x6","p":6.75,"img":"https://fd9-photos.leclercdrive.fr/image.ashx?id=2988710&use=l&cat=p&typeid=i","cat":325352},{"id":283534,"n":"Les tranches Fleury Michon Lentilles Corail x6 - 180g","p":3.24,"u":"18,00 €/KG","img":"https://fd9-photos.leclercdrive.fr/image.ashx?id=2988454&use=l&cat=p&typeid=i","cat":316036},{"id":283535,"n":"Les tranches Fleury Michon Haricots rouges x4 - 120g","p":2.02,"u":"16,83 €/KG","img":"https://fd9-photos.leclercdrive.fr/image.ashx?id=3000075&use=l&cat=p&typeid=i","cat":316036},{"id":283536,"n":"Macaroni poulet Fleury Michon sauce moutarde - 280g","p":2.99,"u":"10,68 €/KG","img":"https://fd9-photos.leclercdrive.fr/image.ashx?id=2988451&use=l&cat=p&typeid=i","cat":333665},{"id":283537,"n":"Dahl de lentilles Fleury Michon Sauce coco et riz - 300g","p":3.39,"u":"11,30 €/KG","img":"https://fd9-photos.leclercdrive.fr/image.ashx?id=2988448&use=l&cat=p&typeid=i","cat":333665},{"id":284079,"n":"Gel douche soin Nivea Defend Derma control - 250ml","p":2.2,"u":"8,80 €/L","img":"https://fd9-photos.leclercdrive.fr/image.ashx?id=2990910&use=l&cat=p&typeid=i","cat":284594},{"id":284082,"n":"Spray déodorant Nivea Men Derma control sensitive - 200ml","p":3.71,"u":"18,55 €/L","img":"https://fd9-photos.leclercdrive.fr/image.ashx?id=2990925&use=l&cat=p&typeid=i","cat":284618},{"id":284083,"n":"Spray déodorant Nivea Men Defend derma control - 200ml","p":3.73,"u":"18,65 €/L","img":"https://fd9-photos.leclercdrive.fr/image.ashx?id=2990907&use=l&cat=p&typeid=i","cat":284618},{"id":284084,"n":"Spray déodorant Nivea Men Derma control restore - 200ml","p":3.27,"u":"16,35 €/L","img":"https://fd9-photos.leclercdrive.fr/image.ashx?id=2990901&use=l&cat=p&typeid=i","cat":284618},{"id":284087,"n":"Déodorant stick Nivea Men Black & White Invisible - 50ml","p":4.04,"u":"80,80 €/L","img":"https://fd9-photos.leclercdrive.fr/image.ashx?id=2990928&use=l&cat=p&typeid=i","cat":284596},{"id":284088,"n":"Déodorant stick Nivea Men Dry impact - 50ml","p":4.08,"u":"81,60 €/L","img":"https://fd9-photos.leclercdrive.fr/image.ashx?id=2990412&use=l&cat=p&typeid=i","cat":284618},{"id":284090,"n":"Déodorant bille Nivea men Derma control Sensitive - 50ml","p":3.78,"u":"75,60 €/L","img":"https://fd9-photos.leclercdrive.fr/image.ashx?id=2990916&use=l&cat=p&typeid=i","cat":284618},{"id":284095,"n":"Déodorant spray Nivea Men Derma control defend - 200ml","p":3.62,"u":"18,10 €/L","img":"https://fd9-photos.leclercdrive.fr/image.ashx?id=2990904&use=l&cat=p&typeid=i","cat":284618},{"id":284100,"n":"Déodorant bille Nivea Men Derma control - 50ml","p":3.18,"u":"63,60 €/L","img":"https://fd9-photos.leclercdrive.fr/image.ashx?id=2990922&use=l&cat=p&typeid=i","cat":284618},{"id":284104,"n":"Crème hydratante Nivea Repair & Care - Visage Corps Mains 400ml","p":9.48,"pp":6.26,"u":"15,65 €/L","img":"https://fd9-photos.leclercdrive.fr/image.ashx?id=2990898&use=l&cat=p&typeid=i","cat":325350},{"id":284105,"n":"Déodorant bille Nivea Men Derma control Defend - 50ml","p":3.35,"u":"67,00 €/MT","img":"https://fd9-photos.leclercdrive.fr/image.ashx?id=2990913&use=l&cat=p&typeid=i","cat":284618},{"id":284106,"n":"Déodorant bille Nivea Derma control restore - 50ml","p":3.01,"u":"60,20 €/L","img":"https://fd9-photos.leclercdrive.fr/image.ashx?id=2990919&use=l&cat=p&typeid=i","cat":284618},{"id":284126,"n":"Bonbons Tic Tac Acidulé Pomme acidulée x100 - 49g","p":1.81,"u":"36,94 €/KG","img":"https://fd9-photos.leclercdrive.fr/image.ashx?id=2995055&use=l&cat=p&typeid=i","cat":304256},{"id":284137,"n":"Gel douche Tahiti  Vanille & amande - 3x250ml","p":6.19,"u":"8,25 €/L","img":"https://fd9-photos.leclercdrive.fr/image.ashx?id=2993170&use=l&cat=p&typeid=i","cat":284594},{"id":284140,"n":"Gel douche Tahiti Coco et jasmin - 3x250ml","p":6.19,"u":"8,25 €/L","img":"https://fd9-photos.leclercdrive.fr/image.ashx?id=2993167&use=l&cat=p&typeid=i","cat":284594},{"id":284141,"n":"Gateau moelleux savane Brossard Lot de 3 x7 - 840g","p":6.4,"u":"7,62 €/KG","img":"https://fd9-photos.leclercdrive.fr/image.ashx?id=2992149&use=l&cat=p&typeid=i","cat":284495},{"id":284200,"n":"Filets de saumon rose sauvage MSC Escal - x4  500g","p":11.45,"u":"22,90 €/KG","img":"https://fd9-photos.leclercdrive.fr/image.ashx?id=2995139&use=l&cat=p&typeid=i","cat":319786},{"id":284201,"n":"Dos de cabillaud MSC Escal Sauvage - x4  400g","p":14.15,"u":"35,38 €/KG","img":"https://fd9-photos.leclercdrive.fr/image.ashx?id=2995133&use=l&cat=p&typeid=i","cat":319786},{"id":284644,"n":"Gel douche Sanex Derma Care Hypoallergénique - 425ml","p":6.8,"u":"16,00 €/L","img":"https://fd9-photos.leclercdrive.fr/image.ashx?id=2997382&use=l&cat=p&typeid=i","cat":284594},{"id":284645,"n":"Crème de douche Sanex Derma Care Surgras - 425ml","p":4.49,"u":"10,56 €/L","img":"https://fd9-photos.leclercdrive.fr/image.ashx?id=2997385&use=l&cat=p&typeid=i","cat":284594},{"id":284652,"n":"Spray déodorant  Sanex Derma care 48h Sensitive 200ml","p":4.1,"u":"20,50 €/L","img":"https://fd9-photos.leclercdrive.fr/image.ashx?id=2997361&use=l&cat=p&typeid=i","cat":284595},{"id":284653,"n":"Déodorant Sanex Derma Care Protector 1x12x65ml","p":3.63,"u":"0,06 €/M3","img":"https://fd9-photos.leclercdrive.fr/image.ashx?id=2999024&use=l&cat=p&typeid=i","cat":284595},{"id":284853,"n":"Liqueur Cointreau Edition spéciale 40° - 70cl","p":17.85,"pp":15.17,"u":"21,67 €/L","img":"https://fd9-photos.leclercdrive.fr/image.ashx?id=2999222&use=l&cat=p&typeid=i","cat":286032},{"id":284861,"n":"AOP Buzet L'Excellence Rouge - 3L","p":12.45,"u":"4,15 €/L","img":"https://fd9-photos.leclercdrive.fr/image.ashx?id=2994842&use=l&cat=p&typeid=i","cat":289556},{"id":284870,"n":"AOP Buzet L'Excellence Rosé - 3L","p":12.45,"u":"4,15 €/L","img":"https://fd9-photos.leclercdrive.fr/image.ashx?id=3004861&use=l&cat=p&typeid=i","cat":289558},{"id":284880,"n":"AOP Cairanne Romain Duvernay Rouge - 75cl","p":7.9,"pp":5.53,"u":"7,37 €/L","img":"https://fd9-photos.leclercdrive.fr/image.ashx?id=3011725&use=l&cat=p&typeid=i","cat":289556},{"id":284898,"n":"Sauce Porto Charal 120g","p":2.7,"u":"22,50 €/KG","img":"https://fd9-photos.leclercdrive.fr/image.ashx?id=2995100&use=l&cat=p&typeid=i","cat":327293},{"id":284915,"n":"Délice de volaille Maître Coq Aux bolets 400g","p":15.99,"u":"39,98 €/KG","img":"https://fd9-photos.leclercdrive.fr/image.ashx?id=2995115&use=l&cat=p&typeid=i","cat":327289},{"id":285020,"n":"Bûche signature Eskiss Vanille pistache 480g","p":5.59,"u":"11,65 €/KG","img":"https://fd9-photos.leclercdrive.fr/image.ashx?id=2994912&use=l&cat=p&typeid=i","cat":284266},{"id":285313,"n":"Chataignes entières d'Ardèche Nos Régions ont du Talent 200g","p":4.5,"u":"22,50 €/KG","img":"https://fd9-photos.leclercdrive.fr/image.ashx?id=2995911&use=l&cat=p&typeid=i","cat":284356},{"id":285719,"n":"Masque Elseve huile  Extraordinaire Coco - 2x310ml","p":10.8,"u":"17,42 €/L","img":"https://fd9-photos.leclercdrive.fr/image.ashx?id=2997811&use=l&cat=p&typeid=i","cat":284608},{"id":286243,"n":"Bûche glacée Nestlé Chocolat  Blanc vanille caramel 540g","p":6.44,"u":"11,93 €/KG","img":"https://fd9-photos.leclercdrive.fr/image.ashx?id=3000045&use=l&cat=p&typeid=i","cat":284266},{"id":286244,"n":"Bûche glacée Pilpa Omelette norvégienne 336g","p":5.27,"u":"15,68 €/KG","img":"https://fd9-photos.leclercdrive.fr/image.ashx?id=3000024&use=l&cat=p&typeid=i","cat":284266},{"id":286245,"n":"Bûche glacée Pilpa Vanille caramel spéculoos 534g","p":5.27,"u":"9,87 €/KG","img":"https://fd9-photos.leclercdrive.fr/image.ashx?id=3000039&use=l&cat=p&typeid=i","cat":284266},{"id":286248,"n":"Bûche glacée Nestlé Signature Macaron caramel 497g","p":7.74,"u":"15,57 €/KG","img":"https://fd9-photos.leclercdrive.fr/image.ashx?id=3000710&use=l&cat=p&typeid=i","cat":284266},{"id":286252,"n":"Bûche glacée Nestlé Signature Chocolat blanc spéculoos 503g","p":9.29,"u":"18,47 €/KG","img":"https://fd9-photos.leclercdrive.fr/image.ashx?id=3000713&use=l&cat=p&typeid=i","cat":284266},{"id":286259,"n":"Bûche glacée Nestlé Signature Vanille bourbon caramel 489g","p":7.75,"u":"15,85 €/KG","img":"https://fd9-photos.leclercdrive.fr/image.ashx?id=3000695&use=l&cat=p&typeid=i","cat":284266},{"id":286270,"n":"Bûche glacée Nestlé Signature Façon cheesecake exotique 486g","p":7.75,"u":"15,95 €/KG","img":"https://fd9-photos.leclercdrive.fr/image.ashx?id=3000707&use=l&cat=p&typeid=i","cat":284266},{"id":286306,"n":"Pavés de saumon sauvage  Gimbert Océan 400g","p":11.49,"u":"28,73 €/KG","img":"https://fd9-photos.leclercdrive.fr/image.ashx?id=3008746&use=l&cat=p&typeid=i","cat":319786},{"id":286365,"n":"Cocktail créoles Madrange 340g","p":3.41,"u":"10,03 €/KG","img":"https://fd9-photos.leclercdrive.fr/image.ashx?id=2999967&use=l&cat=p&typeid=i","cat":316012},{"id":286366,"n":"Mini Bâton de Berger  À la truffe Justin Bridou 70g","p":2.48,"u":"35,43 €/KG","img":"https://fd9-photos.leclercdrive.fr/image.ashx?id=3000174&use=l&cat=p&typeid=i","cat":316006},{"id":286501,"n":"Magret de canard en tournedos Foie gras du Sud ouest - 270g","p":12.5,"u":"46,30 €/KG","img":"https://fd9-photos.leclercdrive.fr/image.ashx?id=2999808&use=l&cat=p&typeid=i","cat":319780},{"id":286502,"n":"Mini gratins Raclette Côté Table surgelé - 400g","p":3.42,"u":"8,55 €/KG","img":"https://fd9-photos.leclercdrive.fr/image.ashx?id=2999805&use=l&cat=p&typeid=i","cat":319793},{"id":286574,"n":"Pomme Golden des Alpes  1p","p":0.55,"img":"https://fd9-photos.leclercdrive.fr/image.ashx?id=1630966&use=l&cat=p&typeid=i","cat":284356},{"id":286871,"n":"Soda Coca-Cola 4x1.75L","p":7.1,"u":"1,01 €/L","img":"https://fd9-photos.leclercdrive.fr/image.ashx?id=3014865&use=l&cat=p&typeid=i","cat":284530},{"id":286890,"n":"Mini quiches Côté Table x15 - 270g","p":5.65,"u":"20,93 €/KG","img":"https://fd9-photos.leclercdrive.fr/image.ashx?id=3001903&use=l&cat=p&typeid=i","cat":319774},{"id":286898,"n":"Mini boudins blancs Madrange 340g","p":3.48,"u":"10,24 €/KG","img":"https://fd9-photos.leclercdrive.fr/image.ashx?id=3003194&use=l&cat=p&typeid=i","cat":316012},{"id":286954,"n":"Galettes St Michel au beurre  16x5 - 520g","p":2.24,"u":"4,31 €/KG","img":"https://fd9-photos.leclercdrive.fr/image.ashx?id=3003191&use=l&cat=p&typeid=i","cat":284487},{"id":287258,"n":"Chocolat Poulain 450g","p":3.48,"u":"7,73 €/KG","img":"https://fd9-photos.leclercdrive.fr/image.ashx?id=3005137&use=l&cat=p&typeid=i","cat":293235},{"id":287262,"n":"Chocolat en poudre Poulain 800g","p":5.55,"u":"6,94 €/KG","img":"https://fd9-photos.leclercdrive.fr/image.ashx?id=3005140&use=l&cat=p&typeid=i","cat":293235},{"id":287263,"n":"Chocolat en poudre Poulain 450g","p":3.02,"u":"6,71 €/KG","img":"https://fd9-photos.leclercdrive.fr/image.ashx?id=3005143&use=l&cat=p&typeid=i","cat":293235},{"id":287308,"n":"Kentucky Straight Bourbon Jim Beam - 70cl","p":16.89,"u":"24,13 €/L","img":"https://fd9-photos.leclercdrive.fr/image.ashx?id=3004066&use=l&cat=p&typeid=i","cat":284547},{"id":287400,"n":"Confit canard et pomme de terre La Belle Chaurienne - 1.35kg","p":6.99,"u":"5,18 €/KG","img":"https://fd9-photos.leclercdrive.fr/image.ashx?id=3004867&use=l&cat=p&typeid=i","cat":284440},{"id":287435,"n":"Litchi avion la pièce","p":0.35,"img":"https://fd9-photos.leclercdrive.fr/image.ashx?id=3004324&use=l&cat=p&typeid=i","cat":284356},{"id":287482,"n":"Soda Coca-Cola Zéro 4x1,75L","p":5.1,"u":"0,73 €/L","img":"https://fd9-photos.leclercdrive.fr/image.ashx?id=3009668&use=l&cat=p&typeid=i","cat":284530},{"id":287553,"n":"Tartinables Le trésor des Dieux Anchois piment d'espelette 180g","p":3.39,"u":"18,83 €/KG","img":"https://fd9-photos.leclercdrive.fr/image.ashx?id=3008227&use=l&cat=p&typeid=i","cat":305149},{"id":287557,"n":"Dentifrice Sensodyne  Professional blancheur 150ml","p":12.89,"pp":7.73,"u":"51,53 €/L","img":"https://fd9-photos.leclercdrive.fr/image.ashx?id=3009029&use=l&cat=p&typeid=i","cat":284612},{"id":287558,"n":"Déodorant Axe Supreme black 48h fraîcheur 2x200ml","p":6.97,"pp":4.88,"u":"12,20 €/L","img":"https://fd9-photos.leclercdrive.fr/image.ashx?id=3006202&use=l&cat=p&typeid=i","cat":284618},{"id":287560,"n":"Déodorant Axe Supreme Dark Temptation 2x200ml","p":6.97,"pp":4.88,"u":"12,20 €/L","img":"https://fd9-photos.leclercdrive.fr/image.ashx?id=3006205&use=l&cat=p&typeid=i","cat":284618},{"id":287562,"n":"Dentifrice Sensodyne  Professional blancheur 2x75ml","p":12.89,"pp":7.73,"u":"51,53 €/L","img":"https://fd9-photos.leclercdrive.fr/image.ashx?id=3006199&use=l&cat=p&typeid=i","cat":284612},{"id":287563,"n":"Déodorant Axe Supreme  Ice Cool 2x200ml","p":6.97,"pp":4.88,"u":"12,20 €/L","img":"https://fd9-photos.leclercdrive.fr/image.ashx?id=3006208&use=l&cat=p&typeid=i","cat":284618},{"id":287564,"n":"Déodorant Axe Supreme Provocation 2x200ml","p":6.97,"pp":4.88,"u":"12,20 €/L","img":"https://fd9-photos.leclercdrive.fr/image.ashx?id=3006211&use=l&cat=p&typeid=i","cat":284618},{"id":287566,"n":"Déodorant Axe Supreme  Apollo 2x200ml","p":6.97,"pp":4.88,"u":"12,20 €/L","img":"https://fd9-photos.leclercdrive.fr/image.ashx?id=3006214&use=l&cat=p&typeid=i","cat":284618},{"id":287568,"n":"Délice végétal Andros Chocolat lait d'amande 4+2x100g","p":2.88,"u":"4,80 €/KG","img":"https://fd9-photos.leclercdrive.fr/image.ashx?id=3008797&use=l&cat=p&typeid=i","cat":316071},{"id":287587,"n":"Crème fraîche Bridélice 12%MG Légère et épaisse - poche 30cl","p":1.56,"u":"5,20 €/L","img":"https://fd9-photos.leclercdrive.fr/image.ashx?id=3008176&use=l&cat=p&typeid=i","cat":284381},{"id":287835,"n":"Noix de Saint Jacques  Gimbert Océan - 3x180g","p":11.49,"u":"21,28 €/KG","img":"https://fd9-photos.leclercdrive.fr/image.ashx?id=3008749&use=l&cat=p&typeid=i","cat":319787},{"id":288463,"n":"Cheddar Kraft 150g","p":2.77,"u":"18,47 €/KG","img":"https://fd9-photos.leclercdrive.fr/image.ashx?id=3010245&use=l&cat=p&typeid=i","cat":314028},{"id":288464,"n":"Cheddar râpé Kraft 150g","p":2.93,"u":"19,53 €/KG","img":"https://fd9-photos.leclercdrive.fr/image.ashx?id=3010248&use=l&cat=p&typeid=i","cat":314035},{"id":288467,"n":"Fromage burger cheddar Kraft 7 tranches 175g","p":2.06,"u":"11,77 €/KG","img":"https://fd9-photos.leclercdrive.fr/image.ashx?id=3010251&use=l&cat=p&typeid=i","cat":314028}]}